3946 6196
116 300 172 364 181

115 457 213 535 grato
253 456 502 535 concurrentes,
527 472 685 529 assensu,
712 454 919 519 'electionem

115 557 237 633 ipsam,
259 556 346 617 sicut
360 556 411 617 est
427 554 588 618 canonice
603 554 785 626 celebrata,
799 556 918 616 aucto-

115 655 217 715 ritate
225 652 419 731 Apostolica
429 652 675 715 confirmamus.
683 652 776 714 Nulli
787 667 916 726 ergo...

119 751 156 812 Si
169 749 245 828 quis
256 751 379 822 autem,
392 749 455 811 eto.
470 750 589 811 Datum
598 749 779 822 Ferentini,
791 747 921 826 pontifl-

114 849 214 911 catus
229 849 339 909 nostri
351 862 440 909 anno
454 845 612 909 secundo.

245 1181 299 1241 Aa
321 1168 532 1240 litandorum
546 1179 781 1239 commarcam.

424 1300 459 1358 28
471 1299 522 1372 jul.
540 1299 618 1356 tart.

145 1415 291 1482 {annald
302 1413 415 1466 Annales
428 1413 603 1474 malesiastici,
611 1412 644 1464 ad
660 1426 722 1467 ann.
734 1411 878 1478 1117111]

119 1534 196 1592 Eum
223 1531 389 1591 exhortatur
412 1539 445 1589 nt
475 1530 646 1604 apostolica
674 1529 756 1619 Sedis
779 1531 919 1615 legatum,

154 1621 333 1679 'cardinalem
347 1619 420 1678 tituli
431 1620 459 1678 S.
473 1619 786 1693 manaucandum,
803 1618 922 1676 liberum

156 1718 184 1768 et
197 1711 319 1767 illaesum
335 1722 400 1766 cum
415 1709 474 1766 suis
489 1707 582 1766 redire
595 1707 748 1782 permittat.

161 1830 245 1889 Rem
259 1826 387 1898 duram,
410 1841 481 1887 rem
498 1838 659 1897 amaram,
676 1837 747 1887 rem
763 1818 924 1903 pernicio·

119 1941 193 1986 sam
215 1924 380 2002 exemplo,
409 1934 480 1985 rem
503 1924 599 1985 multi
618 1914 783 2001 dispendii
810 1935 845 1983 es
869 1938 924 1998 ag*

1 2031 2 2108 J
119 2038 270 2100 gressus,
287 2021 464 2083 Dominum
478 2036 545 2081 non
561 2021 723 2094 metuens,
740 2020 923 2081 Ecclesiam

1 2129 2 2208 f
117 2118 342 2196 vilipendens,
368 2118 573 2195 contemptor
594 2118 708 2191 lamae,
731 2120 831 2181 terrae
857 2120 924 2180 tuae

1 2219 2 2228 ’
116 2216 264 2295 periculi
278 2231 346 2277 non
360 2215 523 2293 provisor.
539 2218 623 2277 Ecce
636 2215 830 2277 detestabile
840 2214 924 2276 iaci-

122 2329 200 2385 nus,
222 2313 309 2390 quod
325 2312 359 2372 in
381 2312 539 2375 dilectum
561 2312 666 2374 iillum
688 2313 838 2374 nostrum
854 2305 921 2373 1....

118 2410 209 2474 tituli
219 2413 252 2471 S.
262 2410 423 2471 Praxedis
434 2408 674 2487 presbyterum,
682 2402 820 2472 cerda.
830 2411 863 2471 S.
872 2412 922 2482 L.,

119 2523 243 2569 manns
258 2507 454 2568 temerarias
469 2507 663 2579 extendisti,
684 2523 751 2568 non
766 2522 923 2584 expaves-

118 2618 201 2667 cens
211 2619 288 2666 eum
303 2604 452 2666 detinere
460 2604 638 2681 captivum.
646 2607 750 2666 Porro
763 2604 924 2667 credeba-

116 2705 176 2765 tur
200 2703 374 2775 hactenus,
403 2702 489 2780 quod
511 2702 680 2780 sapientia
704 2696 861 2778 regnaret
888 2703 923 2763 in

117 2799 262 2871 Graecis,
276 2798 335 2860 sed
356 2799 392 2859 tu
409 2813 474 2875 qua
488 2795 680 2859 maturitate
697 2796 842 2871 consilii,
858 2814 922 2876 qua

1 2939 2 2950 .
117 2896 333 2975 providentia
345 2889 487 2957 rationis
505 2887 542 2957 id
557 2884 677 2957 nedum
694 2888 732 2957 ¹in
751 2896 924 2958 executio·

1 3011 2 3034 1
116 3005 197 3055 nem
210 2993 301 3066 lacti,
316 2985 374 3054 sed
388 2985 488 3055 etiam
502 2993 536 3054 in
552 2992 825 3055 deliberationem
840 3010 922 3071 pro-

1 3077 2 3102 ¹
116 3092 221 3169 positi
247 3090 416 3153 'deducere
444 3091 705 3168 praesumpsistii
737 3092 924 3153 Prudenter

116 3187 254 3265 quidem
278 3187 416 3264 egisses,
445 3186 474 3247 si
493 3202 727 3249 conservasses
748 3187 808 3250 tibi
825 3187 923 3250 favo-

750 290 979 358 nrls'ionAE.
1002 289 1080 357 LIB.
1104 290 1144 355 ll.

1715 296 1774 356 482

972 454 1148 517 exhiberes
1176 455 1210 517 et
1241 455 1283 516 ad
1302 458 1416 517 Terrae
1449 455 1579 516 Sanctae
1605 453 1803 531 negotium,

973 552 1103 624 auxilii,
1116 568 1183 614 non
1197 552 1425 630 impedimenti
1436 567 1555 613 manus
1563 552 1772 624 extenderes,

973 651 1007 712 et
1031 651 1182 727 placares
1197 652 1335 713 servitio
1350 651 1537 721 Dominum,
1563 666 1630 711 non
1648 651 1775 727 injuria

973 762 1184 825 provocares.
1203 748 1268 809 Sed
1287 747 1431 810 vidimus
1446 747 1632 810 evidentem
1646 750 1679 810 te
1694 749 1775 810 dare

974 845 1160 914 materiam,
1188 845 1223 907 et
1255 846 1466 908 manifestam
1498 860 1645 918 oausam,
1673 846 1710 908 ut
1732 846 1776 909 ad

975 942 1202 1004 ulciscendum
1230 942 1294 1005 boo
1316 943 1447 1004 facinus
1476 943 1512 1004 in
1539 942 1592 1015 te,
1622 958 1662 1005 ac
1686 943 1773 1016 tuos,

975 1040 1282 1116 crucesignatorum
1303 1041 1472 1102 exercitus
1496 1041 1718 1112 convertatur,
1743 1044 1777 1104 et

975 1138 1024 1199 sic
1043 1139 1130 1199 ultro
1150 1138 1183 1201 te
1201 1138 1370 1215 periculis,
1388 1141 1421 1200 et
1433 1139 1558 1200 terram
1572 1138 1663 1201 tuam
1682 1140 1777 1200 dam·

976 1235 1028 1295 nis
1048 1236 1199 1313 exponis.
1225 1234 1288 1298 Sed
1314 1236 1428 1298 videat
1454 1238 1553 1309 Deus,
1584 1238 1618 1299 et
1636 1236 1773 1314 jndicet,

976 1333 1055 1411 quia
1069 1333 1289 1411 supersedere
1303 1349 1370 1395 nou
1384 1349 1571 1412 possumus,
1589 1350 1652 1396 nec
1671 1334 1775 1395 dissi-

976 1431 1104 1492 mulare
1118 1429 1285 1503 debemus,
1308 1432 1388 1510 quin
1400 1448 1501 1508 super
1514 1432 1578 1494 boc
1592 1434 1776 1494 excitemus

977 1527 1153 1589 adversum
1178 1529 1212 1591 te
1229 1529 1325 1602 tales,
1347 1531 1381 1591 et
1402 1531 1522 1603 tantos,
1540 1530 1626 1607 quod
1641 1529 1705 1591 erit
1716 1528 1777 1592 tibi

977 1640 1053 1687 sera
1079 1626 1274 1703 poenitentia
1298 1628 1373 1704 post
1392 1620 1536 1688 ruinam.
1560 1630 1684 1690 Verum
1700 1626 1777 1706 quia

976 1722 1141 1785 intalibus
1154 1712 1276 1785 bonum
1284 1724 1551 1786 commonitionis
1566 1724 1666 1787 Sedes
1676 1728 1778 1802 Apos-

976 1821 1079 1883 tolica
1088 1821 1291 1898 praemittere
1304 1836 1370 1882 non
1381 1821 1565 1894 consuevit,
1576 1839 1676 1900 qumn
1687 1823 1778 1883 illius

977 1918 1095 1986 vicem,
1111 1919 1191 1981 licet
1203 1919 1373 1991 immeriti,
1382 1932 1540 1997 geramus
1551 1919 1586 1980 in
1596 1921 1707 1993 terris,
1721 1916 1778 1998 qui

977 2016 1163 2093 peccatoris
1179 2017 1299 2094 quaerit
1313 2016 1467 2090 reditum,
1484 2019 1518 2080 et
1529 2019 1695 2079 neminem
1708 2018 1779 2081 vult
1821 2092 1828 2105 .

978 2114 1098 2191 perire,
1116 2114 1266 2192 quamvis
1281 2131 1347 2176 non
1362 2114 1555 2176 exhibueris
1571 2131 1673 2193 opera
1696 2116 1777 2190 dlii;

977 2227 1039 2273 nos
1052 2213 1164 2273 tamen
1179 2213 1330 2274 nolentes
1336 2213 1488 2276 omittere
1498 2212 1585 2292 quod
1597 2216 1647 2277 est
1659 2214 1775 2291 patris,

978 2307 1134 2370 dilectum
1157 2308 1262 2370 illium
1280 2310 1447 2372 andream
1470 2310 1720 2383 subdiaconum,
1745 2304 1791 2373 et

978 2406 1186 2483 capellanum
1195 2407 1345 2469 nostrum
1354 2409 1462 2469 virum
1469 2408 1582 2486 utique
1590 2408 1777 2486 providum,

978 2505 1012 2565 et
1033 2503 1164 2584 ildelem
1190 2507 1325 2582 propter
1339 2504 1403 2567 hoc
1417 2500 1632 2578 destinantes,
1652 2505 1779 2568 nobili-

977 2602 1079 2663 tatem
1091 2605 1182 2664 tuam
1197 2618 1380 2676 monemus,
1397 2604 1431 2665 et
1444 2600 1660 2665 exhortamur
1672 2603 1706 2664 in
1719 2606 1780 2665 Do·

978 2699 1080 2772 mino,
1097 2699 1259 2777 quatenus
1274 2714 1517 2776 recognoscens
1532 2703 1636 2762 Deum
1651 2702 1782 2763 creato-

978 2812 1048 2858 rem
1063 2797 1156 2859 tuum
1170 2798 1205 2858 et
1219 2800 1402 2859 Romanam
1415 2798 1614 2870 Ecclesiam,
1631 2815 1706 2876 quae
1721 2799 1782 2861 tibi

978 2910 1053 2955 esse
1081 2895 1213 2971 poterit,
1237 2895 1267 2956 si
1290 2911 1351 2973 per
1375 2897 1406 2957 te
1430 2912 1496 2957 non
1517 2897 1657 2969 steterit,
1673 2896 1782 2974 pluri-

977 3007 1067 3052 mum
1091 2990 1273 3066 fructuosa,
1300 2990 1494 3070 praedictum
1509 2994 1712 3055 cardinalem
1734 2994 1782 3055 li-

977 3087 1104 3161 berum,
1120 3090 1317 3159 stillarum,
1333 3104 1409 3151 cum
1424 3092 1494 3152 suis
1508 3092 1561 3154 vel
1577 3092 1688 3158 redire
1703 3108 1781 3170 per·

978 3186 1101 3259 mittas,
1118 3186 1154 3248 in
1164 3180 1229 3249 boo
1243 3187 1315 3260 tibi,
1332 3203 1372 3250 ac
1385 3188 1453 3250 tuis
1467 3185 1645 3251 salubriter
1659 3190 1779 3267 provi·

1 3285 2 3364 1
116 3298 191 3347 rem
207 3284 304 3347 Sedis
325 3283 524 3361 Apostolicae
540 3285 730 3361 specialem,
748 3288 844 3363 cujus
857 3285 924 3347 ali·
979 3282 1097 3356 dendo,
1112 3287 1309 3362 cumjacere
1324 3302 1390 3348 non
1400 3286 1532 3360 debeas,
1550 3287 1607 3348 ubi
1618 3288 1780 3350 000010-

1 3417 2 3464 ,
115 3382 254 3461 qnando
290 3381 511 3458 patrocinium
540 3382 639 3443 clarae
666 3382 835 3443 memoriae
862 3381 924 3444 Mi·
976 3396 1032 3441 res
1060 3381 1206 3442 metuere
1230 3382 1384 3455 debuisti,
1410 3383 1559 3462 alioquin
1583 3385 1643 3446 tibi
1663 3385 1778 3456 babes,

1 3467 2 3486 ³
118 3480 228 3553 chael,
245 3478 350 3540 irater
373 3478 463 3551 tuus,
481 3480 599 3557 prote,
617 3480 703 3541 sicut
715 3488 775 3557 pro
797 3490 833 3541 se
846 3479 921 3556 ipso
976 3476 1064 3554 quod
1078 3476 1232 3554 imputes,
1249 3494 1347 3554 quem
1362 3475 1500 3541 monitio
1527 3497 1593 3542 non
1617 3481 1691 3543 sine
1713 3499 1780 3561 pa-

1 3575 2 3624 }
118 3590 180 3656 per
195 3576 362 3639 solemnes
375 3570 518 3638 nuncios
530 3576 720 3654 specialiter
733 3576 921 3638 invocavit:
977 3576 1073 3635 terna
1097 3574 1353 3638 comminatione
1379 3578 1558 3654 praemunit
1573 3576 1637 3660 (1).
1660 3581 1780 3643 Datum

978 3670 1160 3733 Ferentini.

118 3675 177 3737 sed
201 3691 280 3737 ecce
297 3689 396 3752 paras
410 3674 649 3747 adversariam,
664 3689 762 3752 quam
784 3673 923 3736 deberes

117 3784 360 3849 recognoscere
384 3773 540 3844 matrem,
563 3772 653 3833 etin
673 3788 713 3833 ea
743 3764 839 3832 illum
863 3771 922 3834 tibi

119 3871 262 3947 opponis
290 3869 505 3941 contrarium,
533 3868 590 3947 qui
611 3868 662 3930 est
675 3871 812 3945 Regum,
836 3870 870 3931 et
889 3869 923 3929 in

118 3982 225 4043 regno
238 3961 414 4029 bominum
429 3966 627 4029 dominator.
655 3969 742 4028 Sane
764 3983 831 4028 non
850 3969 925 4029 erat

119 4065 227 4126 nostri
240 4064 402 4142 propositi
422 4063 540 4126 tibiae
562 4064 629 4125 tuis
650 4064 793 4142 aliquus
805 4064 924 4126 turba-

120 4162 223 4225 tionis
244 4162 357 4224 moliri
380 4161 565 4239 dispendia,
586 4162 643 4224 sed
658 4161 819 4235 dolemus,
841 4178 925 4241 quo-

1360 3815 1395 3901 X

977 3965 1030 4025 Ad
1047 3966 1222 4039 episcopos
1237 3978 1303 4039 per
1318 3967 1545 4042 Campaniam
1563 3968 1778 4032 caratitatos.

1280 4086 1315 4145 19
1326 4086 1380 4158 jul.
1396 4080 1476 4146 lari.

1022 4196 1164 4263 [Livcrani,
1178 4198 1342 4265 Spicilegium
1360 4200 1535 4272 tiberianum,
1550 4203 1606 4264 719,
1623 4218 1649 4255 0.
1666 4204 1697 4256 it)
1709 4211 1735 4257 et

121 4261 213 4321 niam
226 4262 264 4321 tu
277 4258 459 4337 compellis.
477 4260 572 4321 Certe
588 4257 666 4337 quid
681 4259 760 4322 iacti
772 4256 922 4322 detesta-
1305 4275 1454 4348 711010]

120 4358 168 4419 110
178 4357 303 4433 exigat,
313 4357 342 4418 si
353 4356 621 4434 praesumptionis
632 4356 837 4420 immensitas
845 4357 881 4418 in
891 4359 923 4419 te
979 4364 1028 4423 Eis
1044 4356 1171 4438 mandat,
1194 4375 1226 4425 ut
1240 4369 1300 4427 suis
1319 4368 1439 4429 subditis
1458 4368 1608 4432 inhibeant
1626 4390 1662 4432 ue
1677 4374 1779 4434 iratres

122 4471 188 4517 non
201 4454 340 4516 abstulit
351 4453 492 4515 rationis
499 4453 663 4532 judicium
676 4450 789 4516 videre
799 4454 923 4532 poteris
1017 4454 1045 4512 S.
1060 4454 1261 4514 Bartholomret
1272 4458 1308 4515 de
1318 4459 1650 4529 Trisulto,certnsiensis
1660 4464 1779 4534 ordinis,

121 4568 181 4630 per
194 4555 227 4615 te
242 4551 363 4629 ipsum.
380 4551 571 4624 Considera,
587 4551 762 4613 considera
776 4552 805 4613 si
821 4551 923 4613 Sedes
1013 4541 1061 4616 qui
1076 4547 1369 4619 1101111111111111111111
1384 4546 1500 4605 habitus
1515 4548 1780 4623 θ1111111111110111·

119 4649 311 4726 apostolica
332 4649 369 4709 10
378 4640 485 4710 'tantae
500 4648 768 4727 praesumptionis
784 4665 923 4711 excessu
954 4669 957 4676 ·
1013 4631 1125 4689 1110110111
1141 4632 1178 4690 ib
1189 4634 1251 4707 111111
1266 4633 1413 4705 recedunt,
1425 4635 1572 4709 1111111111·

119 4762 257 4808 manum
272 4745 409 4808 ultionis
432 4747 601 4807 remittere
623 4744 751 4819 debeat,
780 4762 924 4823 praeser-
1016 4748 1184 4810 Honorius
1197 4751 1371 4828 episcopus
1393 4764 1509 4812 servus
1524 4768 1695 4815 servorum
1717 4757 1778 4819 Dei

1 4855 2 4860 ’
119 4844 179 4905 tim
195 4860 297 4921 quum
312 4843 348 4904 10
362 4843 427 4904 isto
441 4843 575 4920 negotio
595 4843 741 4905 atrocem
763 4842 923 4923 injuriam
976 4843 1224 4907 venerabilibus
1239 4846 1397 4909 iratribus
1415 4849 1580 4926 episcopis
1597 4866 1657 4928 per
1675 4854 1776 4915 Cam-

1 5133 2 5136 *
118 5039 222 5101 totius
236 5038 365 5100 ordinis
385 5037 562 5101 clericalis.

120 4943 342 5019 persequatur
365 4939 435 5011 Dei,
462 4939 663 5003 universalis
691 4940 860 5015 Ecclesiae,
883 4958 923 5004 ac
976 4943 1112 5019 puniam
1129 4943 1328 5017 constitutis,
1349 4945 1489 5006 salutem
1509 4947 1543 5009 et
1560 4951 1778 5031 apostolicam

157 5137 285 5197 Verum
300 5135 329 5196 si
340 5134 523 5197 catholicus
538 5150 641 5208 00000,
655 5150 757 5213 opera
767 5135 922 5199 catholici
976 5038 1351 5202 beitifflcotiltltiintratres
1362 5143 1470 5205 sancti
1483 5144 1719 5208 Bartholomaei
1734 5146 1775 5207 de

155 5266 198 5340 (l)
219 5265 919 5335 11011001101100110001,οο01001011001000100-
976 5275 1029 5337 est,
1046 5274 1075 5325 et
1093 5266 1122 5325 ln
1148 5268 1272 5327 vinculis
1285 5273 1432 5332 remansit.
1453 5273 1509 5333 Sed
1584 5281 1681 5349 squam
1696 5290 1773 5332 mor-

1 5327 2 5366 1
113 5340 171 5406 010,
187 5338 267 5410 regis
282 5337 410 5395 Francia
431 5337 553 5410 Philippi
574 5338 698 5410 Augusti
723 5339 921 5410 consobrinus,
976 5346 1041 5396 tuus
1055 5335 1107 5396 tuit
1119 5341 1228 5409 Petrus,
1241 5343 1381 5400 loannem
1392 5345 1522 5403 liberavit
1555 5344 1710 5415 beodorus,
1725 5348 1774 5420 qui

115 5410 229 5467 electus
243 5408 400 5490 imperator
420 5408 751 5490 constantinopolitanus
765 5417 829 5482 post
844 5424 919 5467 mor·
975 5410 1069 5468 timuit
1079 5425 1115 5467 ne
1127 5410 1156 5469 in
1168 5425 1200 5469 se
1214 5420 1426 5483 converteretur
1435 5416 1576 5475 exercitus
1593 5417 1775 5490 0100001000-

116 5488 178 5538 tem
203 5479 331 5545 11001101,
357 5493 444 5550 quum
471 5479 500 5536 10
526 5479 664 5536 Granium
685 5479 922 5549 1100000111οη10
975 5487 1082 5538 torum.
1109 5481 1305 5542 obedientiam
1337 5485 1455 5560 insuper
1485 5487 1616 5560 promisit
1638 5489 1775 5547 1100100100

115 5553 231 5609 100000
257 5548 384 5608 Colonna
408 5548 487 5606 card.
510 5549 618 5677 Ιθῖαῐο,
638 5564 654 5606 0
673 5549 822 5608 rbeoooro
843 5553 921 5623 Epiri
976 5551 1123 5610 Romana.

116 5621 260 5696 principe,
290 5619 339 5692 qui
367 5619 541 5693 cognomina
562 5626 624 5678 atur
648 5619 791 5694 Angelus,
821 5630 922 5696 captus

267 5756 381 5800 11το00.
400 5756 476 5800 roua
495 5743 532 5801 ll.
1584 5742 1618 5809 lo‘
