<?xml version="1.0" encoding="UTF-8"?>
<!DOCTYPE html PUBLIC "-//W3C//DTD XHTML 1.0 Transitional//EN"
    "http://www.w3.org/TR/xhtml1/DTD/xhtml1-transitional.dtd">
<html xmlns="http://www.w3.org/1999/xhtml" xml:lang="en" lang="en">
 <head>
  <title>
</title>
<meta http-equiv="Content-Type" content="text/html;charset=utf-8" />
  <meta name='ocr-system' content='tesseract 3.04.00' />
  <meta name='ocr-capabilities' content='ocr_page ocr_carea ocr_par ocr_line ocrx_word'/>
</head>
<body>
  <div class='ocr_page' id='page_1' title='image "./mediiaevibiblio00bottgoog_0091.png"; bbox 0 0 3968 6204; ppageno 0'>
   <div class='ocr_carea' id='block_1_1' title="bbox 177 390 1828 467">
    <p class='ocr_par' dir='ltr' id='par_1_1' title="bbox 177 390 1828 467">
     <span class='ocr_line' id='line_1_1' title="bbox 177 390 1828 467; baseline 0 -13"><span class='ocrx_word' id='word_1_1' title='bbox 177 392 236 467; x_wconf 64' lang='lat'>135)</span> <span class='ocrx_word' id='word_1_2' title='bbox 632 391 808 453; x_wconf 87' lang='lat' dir='ltr'>HONORII</span> <span class='ocrx_word' id='word_1_3' title='bbox 834 390 1104 453; x_wconf 76' lang='lat' dir='ltr'>1110Puuu.-</span> <span class='ocrx_word' id='word_1_4' title='bbox 1126 392 1360 454; x_wconf 78' lang='lat' dir='ltr'><strong>SERMONES.</strong></span> <span class='ocrx_word' id='word_1_5' title='bbox 1768 393 1828 454; x_wconf 74' lang='lat'>140</span> 
     </span>
    </p>
   </div>
   <div class='ocr_carea' id='block_1_2' title="bbox 170 549 1830 3081">
    <p class='ocr_par' dir='ltr' id='par_1_2' title="bbox 171 549 1830 2204">
     <span class='ocr_line' id='line_1_2' title="bbox 176 549 1828 631; baseline 0 -16"><span class='ocrx_word' id='word_1_6' title='bbox 176 550 463 631; x_wconf 80' lang='lat' dir='ltr'>portaeinierivei</span> <span class='ocrx_word' id='word_1_7' title='bbox 482 551 705 630; x_wconf 69' lang='lat' dir='ltr'>mortisque</span> <span class='ocrx_word' id='word_1_8' title='bbox 724 549 973 613; x_wconf 82' lang='lat' dir='ltr'>sicuthomines</span> <span class='ocrx_word' id='word_1_9' title='bbox 1027 551 1214 615; x_wconf 75' lang='lat' dir='ltr'>Ezechias:</span> <span class='ocrx_word' id='word_1_10' title='bbox 1248 555 1322 629; x_wconf 72' lang='lat' dir='ltr'>neo</span> <span class='ocrx_word' id='word_1_11' title='bbox 1351 554 1429 617; x_wconf 77' lang='lat' dir='ltr'>dtut</span> <span class='ocrx_word' id='word_1_12' title='bbox 1455 554 1493 615; x_wconf 83' lang='lat' dir='ltr'>u</span> <span class='ocrx_word' id='word_1_13' title='bbox 1519 554 1665 615; x_wconf 76' lang='lat' dir='ltr'>duutdto</span> <span class='ocrx_word' id='word_1_14' title='bbox 1689 554 1828 615; x_wconf 65' lang='lat' dir='ltr'>dumam</span> 
     </span>
     <span class='ocr_line' id='line_1_3' title="bbox 176 648 1826 730; baseline 0.001 -19"><span class='ocrx_word' id='word_1_15' title='bbox 176 649 303 713; x_wconf 86' lang='lat' dir='ltr'>intrant</span> <span class='ocrx_word' id='word_1_16' title='bbox 324 650 365 711; x_wconf 87' lang='lat' dir='ltr'>ad</span> <span class='ocrx_word' id='word_1_17' title='bbox 393 650 525 712; x_wconf 85' lang='lat' dir='ltr'>domum</span> <span class='ocrx_word' id='word_1_18' title='bbox 552 662 612 727; x_wconf 88' lang='lat' dir='ltr'>per</span> <span class='ocrx_word' id='word_1_19' title='bbox 631 649 755 726; x_wconf 82' lang='lat' dir='ltr'>portas,</span> <span class='ocrx_word' id='word_1_20' title='bbox 783 649 829 711; x_wconf 91' lang='lat' dir='ltr'>ita</span> <span class='ocrx_word' id='word_1_21' title='bbox 853 648 973 711; x_wconf 79' lang='lat' dir='ltr'>anima</span> <span class='ocrx_word' id='word_1_22' title='bbox 1026 658 1218 713; x_wconf 71' lang='lat' dir='ltr'>memnone:</span> <span class='ocrx_word' id='word_1_23' title='bbox 1252 652 1381 712; x_wconf 72' lang='lat' dir='ltr'>Vultum</span> <span class='ocrx_word' id='word_1_24' title='bbox 1409 653 1455 712; x_wconf 83' lang='lat' dir='ltr'>ut</span> <span class='ocrx_word' id='word_1_25' title='bbox 1482 652 1606 726; x_wconf 78' lang='lat' dir='ltr'>putus</span> <span class='ocrx_word' id='word_1_26' title='bbox 1630 653 1738 726; x_wconf 76' lang='lat' dir='ltr'>insert</span> <span class='ocrx_word' id='word_1_27' title='bbox 1764 649 1826 730; x_wconf 85' lang='lat' dir='ltr'>(Is.</span> 
     </span>
     <span class='ocr_line' id='line_1_4' title="bbox 175 746 1828 826; baseline 0.001 -17"><span class='ocrx_word' id='word_1_28' title='bbox 175 748 303 810; x_wconf 85' lang='lat' dir='ltr'>intrant</span> <span class='ocrx_word' id='word_1_29' title='bbox 321 763 380 826; x_wconf 88' lang='lat' dir='ltr'>per</span> <span class='ocrx_word' id='word_1_30' title='bbox 394 747 561 809; x_wconf 87' lang='lat' dir='ltr'>daemones</span> <span class='ocrx_word' id='word_1_31' title='bbox 577 746 617 808; x_wconf 91' lang='lat' dir='ltr'>ad</span> <span class='ocrx_word' id='word_1_32' title='bbox 633 746 811 819; x_wconf 82' lang='lat' dir='ltr'>internum,</span> <span class='ocrx_word' id='word_1_33' title='bbox 828 747 906 825; x_wconf 87' lang='lat' dir='ltr'>quia</span> <span class='ocrx_word' id='word_1_34' title='bbox 919 748 974 809; x_wconf 63' lang='lat' dir='ltr'>ina</span> <span class='ocrx_word' id='word_1_35' title='bbox 1027 763 1169 820; x_wconf 82' lang='lat' dir='ltr'>xxxvru,</span> <span class='ocrx_word' id='word_1_36' title='bbox 1187 746 1250 821; x_wconf 84' lang='lat' dir='ltr'>id).</span> <span class='ocrx_word' id='word_1_37' title='bbox 1261 748 1411 811; x_wconf 83' lang='lat' dir='ltr'>Ezechiae</span> <span class='ocrx_word' id='word_1_38' title='bbox 1424 748 1607 811; x_wconf 78' lang='lat' dir='ltr'>infirmanti</span> <span class='ocrx_word' id='word_1_39' title='bbox 1620 747 1708 810; x_wconf 78' lang='lat' dir='ltr'>dixit</span> <span class='ocrx_word' id='word_1_40' title='bbox 1720 749 1828 811; x_wconf 87' lang='lat' dir='ltr'>Isaias</span> 
     </span>
     <span class='ocr_line' id='line_1_5' title="bbox 175 846 1827 924; baseline 0 -16"><span class='ocrx_word' id='word_1_41' title='bbox 175 847 352 909; x_wconf 82' lang='lat' dir='ltr'>traducunt</span> <span class='ocrx_word' id='word_1_42' title='bbox 364 846 493 908; x_wconf 87' lang='lat' dir='ltr'>animas</span> <span class='ocrx_word' id='word_1_43' title='bbox 509 846 550 907; x_wconf 91' lang='lat' dir='ltr'>ad</span> <span class='ocrx_word' id='word_1_44' title='bbox 566 846 777 924; x_wconf 85' lang='lat' dir='ltr'>supplicium.</span> <span class='ocrx_word' id='word_1_45' title='bbox 802 846 896 908; x_wconf 87' lang='lat' dir='ltr'>Unde</span> <span class='ocrx_word' id='word_1_46' title='bbox 915 849 974 909; x_wconf 85' lang='lat' dir='ltr'>Je-</span> <span class='ocrx_word' id='word_1_47' title='bbox 1027 847 1215 923; x_wconf 85' lang='lat' dir='ltr'>prophete:</span> <span class='ocrx_word' id='word_1_48' title='bbox 1239 849 1326 909; x_wconf 80' lang='lat' dir='ltr'>Hmc</span> <span class='ocrx_word' id='word_1_49' title='bbox 1350 849 1434 909; x_wconf 81' lang='lat' dir='ltr'>dictt</span> <span class='ocrx_word' id='word_1_50' title='bbox 1456 850 1647 909; x_wconf 77' lang='lat' dir='ltr'><strong><em>Dominus:</em></strong></span> <span class='ocrx_word' id='word_1_51' title='bbox 1675 850 1827 922; x_wconf 76' lang='lat' dir='ltr'>napone</span> 
     </span>
     <span class='ocr_line' id='line_1_6' title="bbox 174 944 1829 1019; baseline 0.001 -14"><span class='ocrx_word' id='word_1_52' title='bbox 174 946 296 1005; x_wconf 80' lang='lat' dir='ltr'>nemias</span> <span class='ocrx_word' id='word_1_53' title='bbox 317 947 466 1007; x_wconf 81' lang='lat' dir='ltr'>:omues</span> <span class='ocrx_word' id='word_1_54' title='bbox 482 947 723 1019; x_wconf 76' lang='lat' dir='ltr'>persecutores</span> <span class='ocrx_word' id='word_1_55' title='bbox 748 947 826 1018; x_wconf 76' lang='lat' dir='ltr'>etus</span> <span class='ocrx_word' id='word_1_56' title='bbox 841 958 971 1019; x_wconf 80' lang='lat' dir='ltr'>upprc-</span> <span class='ocrx_word' id='word_1_57' title='bbox 1026 946 1143 1006; x_wconf 66' lang='lat' dir='ltr'>mmet</span> <span class='ocrx_word' id='word_1_58' title='bbox 1165 945 1244 1016; x_wconf 76' lang='lat' dir='ltr'>tua,</span> <span class='ocrx_word' id='word_1_59' title='bbox 1269 948 1351 1019; x_wconf 74' lang='lat' dir='ltr'>eota</span> <span class='ocrx_word' id='word_1_60' title='bbox 1372 945 1606 1016; x_wconf 70' lang='lat' dir='ltr'>materiate,</span> <span class='ocrx_word' id='word_1_61' title='bbox 1632 944 1666 1006; x_wconf 84' lang='lat' dir='ltr'>et</span> <span class='ocrx_word' id='word_1_62' title='bbox 1682 960 1751 1006; x_wconf 82' lang='lat' dir='ltr'>uon</span> <span class='ocrx_word' id='word_1_63' title='bbox 1771 948 1829 1006; x_wconf 81' lang='lat' dir='ltr'>ot-</span> 
     </span>
     <span class='ocr_line' id='line_1_7' title="bbox 172 1039 1830 1123; baseline -0.001 -19"><span class='ocrx_word' id='word_1_64' title='bbox 172 1040 912 1123; x_wconf 77' lang='lat' dir='ltr'>teuderuuteumtuteruupusttus(i&#39;hren.1,</span> <span class='ocrx_word' id='word_1_65' title='bbox 924 1039 970 1122; x_wconf 89' lang='grc'>3).</span> <span class='ocrx_word' id='word_1_66' title='bbox 1026 1052 1087 1103; x_wconf 77' lang='lat' dir='ltr'>oca</span> <span class='ocrx_word' id='word_1_67' title='bbox 1109 1039 1167 1122; x_wconf 85' lang='lat' dir='ltr'>(Is.</span> <span class='ocrx_word' id='word_1_68' title='bbox 1191 1058 1335 1115; x_wconf 81' lang='lat' dir='ltr'>xxxviii,</span> <span class='ocrx_word' id='word_1_69' title='bbox 1365 1040 1409 1122; x_wconf 89' lang='lat'>1).</span> <span class='ocrx_word' id='word_1_70' title='bbox 1435 1043 1476 1104; x_wconf 85' lang='lat' dir='ltr'>Et</span> <span class='ocrx_word' id='word_1_71' title='bbox 1503 1042 1561 1104; x_wconf 88' lang='lat' dir='ltr'>iiie</span> <span class='ocrx_word' id='word_1_72' title='bbox 1582 1042 1745 1104; x_wconf 81' lang='lat' dir='ltr'>convertit</span> <span class='ocrx_word' id='word_1_73' title='bbox 1771 1040 1830 1103; x_wconf 82' lang='lat' dir='ltr'>ia·</span> 
     </span>
     <span class='ocr_line' id='line_1_8' title="bbox 175 1138 1827 1219; baseline 0 -17"><span class='ocrx_word' id='word_1_74' title='bbox 175 1140 411 1202; x_wconf 86' lang='lat' dir='ltr'>Persecutores</span> <span class='ocrx_word' id='word_1_75' title='bbox 421 1140 545 1202; x_wconf 76' lang='lat' dir='ltr'>animae</span> <span class='ocrx_word' id='word_1_76' title='bbox 556 1141 635 1202; x_wconf 88' lang='lat' dir='ltr'>sunt</span> <span class='ocrx_word' id='word_1_77' title='bbox 646 1140 783 1217; x_wconf 87' lang='lat' dir='ltr'>spiritus</span> <span class='ocrx_word' id='word_1_78' title='bbox 797 1138 969 1210; x_wconf 79' lang='lat' dir='ltr'><strong>immundi,</strong></span> <span class='ocrx_word' id='word_1_79' title='bbox 1027 1139 1111 1200; x_wconf 89' lang='lat' dir='ltr'>ciem</span> <span class='ocrx_word' id='word_1_80' title='bbox 1140 1155 1234 1201; x_wconf 87' lang='lat' dir='ltr'>suam</span> <span class='ocrx_word' id='word_1_81' title='bbox 1264 1141 1305 1201; x_wconf 88' lang='lat' dir='ltr'>ad</span> <span class='ocrx_word' id='word_1_82' title='bbox 1331 1140 1513 1219; x_wconf 86' lang='lat' dir='ltr'>parietem,</span> <span class='ocrx_word' id='word_1_83' title='bbox 1541 1140 1635 1202; x_wconf 81' lang='lat' dir='ltr'>derit</span> <span class='ocrx_word' id='word_1_84' title='bbox 1661 1140 1694 1202; x_wconf 90' lang='lat' dir='ltr'>et</span> <span class='ocrx_word' id='word_1_85' title='bbox 1716 1140 1827 1202; x_wconf 83' lang='lat' dir='ltr'>oravit</span> 
     </span>
     <span class='ocr_line' id='line_1_9' title="bbox 176 1236 1827 1320; baseline -0.001 -19"><span class='ocrx_word' id='word_1_86' title='bbox 176 1239 253 1320; x_wconf 90' lang='lat' dir='ltr'>quia</span> <span class='ocrx_word' id='word_1_87' title='bbox 283 1239 349 1316; x_wconf 89' lang='lat' dir='ltr'>ipsi</span> <span class='ocrx_word' id='word_1_88' title='bbox 373 1242 618 1318; x_wconf 82' lang='lat' dir='ltr'>persequuntur</span> <span class='ocrx_word' id='word_1_89' title='bbox 638 1239 784 1300; x_wconf 82' lang='lat' dir='ltr'>animam</span> <span class='ocrx_word' id='word_1_90' title='bbox 807 1238 863 1299; x_wconf 87' lang='lat' dir='ltr'>hic</span> <span class='ocrx_word' id='word_1_91' title='bbox 883 1238 916 1299; x_wconf 89' lang='lat' dir='ltr'>et</span> <span class='ocrx_word' id='word_1_92' title='bbox 936 1237 971 1298; x_wconf 90' lang='lat' dir='ltr'>in</span> <span class='ocrx_word' id='word_1_93' title='bbox 1026 1236 1067 1298; x_wconf 88' lang='lat' dir='ltr'>ad</span> <span class='ocrx_word' id='word_1_94' title='bbox 1096 1239 1283 1300; x_wconf 85' lang='lat' dir='ltr'>Dominum.</span> <span class='ocrx_word' id='word_1_95' title='bbox 1311 1239 1371 1301; x_wconf 85' lang='lat' dir='ltr'>Cui</span> <span class='ocrx_word' id='word_1_96' title='bbox 1397 1238 1502 1301; x_wconf 88' lang='lat' dir='ltr'>additi</span> <span class='ocrx_word' id='word_1_97' title='bbox 1529 1240 1608 1301; x_wconf 87' lang='lat' dir='ltr'>sunt</span> <span class='ocrx_word' id='word_1_98' title='bbox 1637 1237 1827 1317; x_wconf 87' lang='lat' dir='ltr'>quindecim</span> 
     </span>
     <span class='ocr_line' id='line_1_10' title="bbox 173 1334 1825 1414; baseline -0.001 -14"><span class='ocrx_word' id='word_1_99' title='bbox 173 1338 297 1410; x_wconf 80' lang='lat' dir='ltr'>tuturo,</span> <span class='ocrx_word' id='word_1_100' title='bbox 321 1339 355 1400; x_wconf 88' lang='lat' dir='ltr'>et</span> <span class='ocrx_word' id='word_1_101' title='bbox 368 1337 530 1400; x_wconf 88' lang='lat' dir='ltr'>inducunt</span> <span class='ocrx_word' id='word_1_102' title='bbox 550 1338 679 1399; x_wconf 84' lang='lat' dir='ltr'>animes</span> <span class='ocrx_word' id='word_1_103' title='bbox 698 1336 740 1398; x_wconf 89' lang='lat' dir='ltr'>ad</span> <span class='ocrx_word' id='word_1_104' title='bbox 754 1335 970 1414; x_wconf 85' lang='lat' dir='ltr'>peccandum,</span> <span class='ocrx_word' id='word_1_105' title='bbox 1026 1335 1106 1396; x_wconf 90' lang='lat' dir='ltr'>enni</span> <span class='ocrx_word' id='word_1_106' title='bbox 1116 1336 1194 1398; x_wconf 77' lang='lat' dir='ltr'>rita</span> <span class='ocrx_word' id='word_1_107' title='bbox 1205 1338 1238 1398; x_wconf 85' lang='lat' dir='ltr'>et</span> <span class='ocrx_word' id='word_1_108' title='bbox 1252 1334 1302 1398; x_wconf 89' lang='lat' dir='ltr'>sel</span> <span class='ocrx_word' id='word_1_109' title='bbox 1315 1352 1470 1399; x_wconf 73' lang='lat' dir='ltr'>cerasus</span> <span class='ocrx_word' id='word_1_110' title='bbox 1482 1336 1532 1399; x_wconf 85' lang='lat' dir='ltr'>est</span> <span class='ocrx_word' id='word_1_111' title='bbox 1544 1336 1658 1398; x_wconf 84' lang='lat' dir='ltr'>decem</span> <span class='ocrx_word' id='word_1_112' title='bbox 1670 1335 1771 1397; x_wconf 89' lang='lat' dir='ltr'>lineis</span> <span class='ocrx_word' id='word_1_113' title='bbox 1787 1337 1825 1398; x_wconf 92' lang='lat' dir='ltr'>in</span> 
     </span>
     <span class='ocr_line' id='line_1_11' title="bbox 172 1433 1826 1513; baseline -0.001 -15"><span class='ocrx_word' id='word_1_114' title='bbox 172 1436 584 1499; x_wconf 87' lang='lat' dir='ltr'>immittendoteutationes</span> <span class='ocrx_word' id='word_1_115' title='bbox 592 1438 625 1498; x_wconf 90' lang='lat' dir='ltr'>et</span> <span class='ocrx_word' id='word_1_116' title='bbox 632 1433 971 1513; x_wconf 78' lang='lat' dir='ltr'>suggestionesUnde</span> <span class='ocrx_word' id='word_1_117' title='bbox 1025 1434 1168 1510; x_wconf 80' lang='lat' dir='ltr'>siguum.</span> <span class='ocrx_word' id='word_1_118' title='bbox 1194 1437 1231 1496; x_wconf 89' lang='lat' dir='ltr'>in</span> <span class='ocrx_word' id='word_1_119' title='bbox 1248 1450 1317 1513; x_wconf 84' lang='lat' dir='ltr'>quo</span> <span class='ocrx_word' id='word_1_120' title='bbox 1332 1435 1488 1513; x_wconf 87' lang='lat' dir='ltr'>patenter</span> <span class='ocrx_word' id='word_1_121' title='bbox 1508 1434 1694 1497; x_wconf 76' lang='lat' dir='ltr'>ostenditur</span> <span class='ocrx_word' id='word_1_122' title='bbox 1708 1434 1826 1512; x_wconf 86' lang='lat' dir='ltr'>quenti</span> 
     </span>
     <span class='ocr_line' id='line_1_12' title="bbox 171 1532 1826 1611; baseline -0.002 -13"><span class='ocrx_word' id='word_1_123' title='bbox 171 1535 309 1598; x_wconf 79' lang='lat' dir='ltr'>Davidt</span> <span class='ocrx_word' id='word_1_124' title='bbox 339 1537 403 1602; x_wconf 84' lang='lat' dir='ltr'>Qut</span> <span class='ocrx_word' id='word_1_125' title='bbox 425 1536 591 1598; x_wconf 71' lang='lat' dir='ltr'><em>tribulant</em></span> <span class='ocrx_word' id='word_1_126' title='bbox 610 1550 676 1608; x_wconf 81' lang='lat' dir='ltr'>uec,</span> <span class='ocrx_word' id='word_1_127' title='bbox 703 1533 916 1604; x_wconf 75' lang='lat' dir='ltr'>cuuttaouut,</span> <span class='ocrx_word' id='word_1_128' title='bbox 939 1535 972 1594; x_wconf 77' lang='lat' dir='ltr'>ct</span> <span class='ocrx_word' id='word_1_129' title='bbox 1025 1532 1135 1595; x_wconf 87' lang='lat' dir='ltr'>meriti</span> <span class='ocrx_word' id='word_1_130' title='bbox 1161 1533 1205 1595; x_wconf 89' lang='lat' dir='ltr'>sit</span> <span class='ocrx_word' id='word_1_131' title='bbox 1227 1548 1312 1610; x_wconf 88' lang='lat' dir='ltr'>pura</span> <span class='ocrx_word' id='word_1_132' title='bbox 1334 1534 1444 1595; x_wconf 82' lang='lat' dir='ltr'>oratio</span> <span class='ocrx_word' id='word_1_133' title='bbox 1469 1532 1556 1611; x_wconf 82' lang='lat' dir='ltr'>apud</span> <span class='ocrx_word' id='word_1_134' title='bbox 1585 1534 1701 1594; x_wconf 85' lang='lat' dir='ltr'>Deum.</span> <span class='ocrx_word' id='word_1_135' title='bbox 1729 1532 1826 1594; x_wconf 88' lang='lat' dir='ltr'>Unde</span> 
     </span>
     <span class='ocr_line' id='line_1_13' title="bbox 171 1630 1828 1713; baseline -0.001 -18"><span class='ocrx_word' id='word_1_136' title='bbox 171 1634 286 1695; x_wconf 78' lang='lat' dir='ltr'>neotus</span> <span class='ocrx_word' id='word_1_137' title='bbox 306 1636 407 1709; x_wconf 69' lang='lat' dir='ltr'>tuero</span> <span class='ocrx_word' id='word_1_138' title='bbox 432 1631 500 1713; x_wconf 90' lang='lat' dir='ltr'>(Ps.</span> <span class='ocrx_word' id='word_1_139' title='bbox 520 1634 572 1706; x_wconf 75' lang='lat'>22,</span> <span class='ocrx_word' id='word_1_140' title='bbox 594 1631 640 1713; x_wconf 81' lang='lat'>5).</span> <span class='ocrx_word' id='word_1_141' title='bbox 665 1633 705 1694; x_wconf 84' lang='lat' dir='ltr'>ut</span> <span class='ocrx_word' id='word_1_142' title='bbox 727 1631 971 1710; x_wconf 87' lang='lat' dir='ltr'>persequuntur</span> <span class='ocrx_word' id='word_1_143' title='bbox 1024 1630 1126 1693; x_wconf 85' lang='lat' dir='ltr'>Jacob</span> <span class='ocrx_word' id='word_1_144' title='bbox 1143 1652 1152 1691; x_wconf 77' lang='lat' dir='ltr'><strong><em>z</em></strong></span> <span class='ocrx_word' id='word_1_145' title='bbox 1173 1632 1322 1694; x_wconf 78' lang='lat' dir='ltr'>Mettum</span> <span class='ocrx_word' id='word_1_146' title='bbox 1337 1633 1428 1695; x_wconf 82' lang='lat' dir='ltr'>vetet</span> <span class='ocrx_word' id='word_1_147' title='bbox 1446 1631 1643 1708; x_wconf 75' lang='lat' dir='ltr'><em>deprecatio</em></span> <span class='ocrx_word' id='word_1_148' title='bbox 1659 1631 1751 1703; x_wconf 77' lang='lat' dir='ltr'>justt</span> <span class='ocrx_word' id='word_1_149' title='bbox 1771 1645 1828 1694; x_wconf 82' lang='lat' dir='ltr'>cs-</span> 
     </span>
     <span class='ocr_line' id='line_1_14' title="bbox 171 1728 1823 1807; baseline -0.001 -15"><span class='ocrx_word' id='word_1_150' title='bbox 171 1748 246 1793; x_wconf 89' lang='lat' dir='ltr'>eam</span> <span class='ocrx_word' id='word_1_151' title='bbox 260 1731 412 1793; x_wconf 82' lang='lat' dir='ltr'>vexando</span> <span class='ocrx_word' id='word_1_152' title='bbox 426 1731 462 1792; x_wconf 86' lang='lat' dir='ltr'>in</span> <span class='ocrx_word' id='word_1_153' title='bbox 480 1730 610 1792; x_wconf 85' lang='lat' dir='ltr'>interno</span> <span class='ocrx_word' id='word_1_154' title='bbox 625 1729 767 1792; x_wconf 85' lang='lat' dir='ltr'>diversis</span> <span class='ocrx_word' id='word_1_155' title='bbox 781 1729 968 1792; x_wconf 87' lang='lat' dir='ltr'>tormentis.</span> <span class='ocrx_word' id='word_1_156' title='bbox 1023 1731 1134 1802; x_wconf 73' lang='lat' dir='ltr'>sidua,</span> <span class='ocrx_word' id='word_1_157' title='bbox 1146 1733 1246 1803; x_wconf 74' lang='lat' dir='ltr'>uuus</span> <span class='ocrx_word' id='word_1_158' title='bbox 1258 1730 1372 1793; x_wconf 77' lang='lat' dir='ltr'>orauo</span> <span class='ocrx_word' id='word_1_159' title='bbox 1381 1728 1676 1806; x_wconf 73' lang='lat' dir='ltr'>penctratceelum</span> <span class='ocrx_word' id='word_1_160' title='bbox 1688 1728 1772 1807; x_wconf 84' lang='lat' dir='ltr'>(tac.</span> <span class='ocrx_word' id='word_1_161' title='bbox 1788 1745 1823 1801; x_wconf 87' lang='lat' dir='ltr'>v,</span> 
     </span>
     <span class='ocr_line' id='line_1_15' title="bbox 172 1825 1827 1906; baseline -0.001 -16"><span class='ocrx_word' id='word_1_162' title='bbox 172 1830 241 1906; x_wconf 88' lang='lat' dir='ltr'>Ipsi</span> <span class='ocrx_word' id='word_1_163' title='bbox 262 1828 553 1906; x_wconf 87' lang='lat' dir='ltr'>apprehenderunt</span> <span class='ocrx_word' id='word_1_164' title='bbox 578 1844 652 1890; x_wconf 88' lang='lat' dir='ltr'>eam</span> <span class='ocrx_word' id='word_1_165' title='bbox 674 1828 762 1890; x_wconf 90' lang='lat' dir='ltr'>inter</span> <span class='ocrx_word' id='word_1_166' title='bbox 781 1826 968 1905; x_wconf 79' lang='lat' dir='ltr'>angustias,</span> <span class='ocrx_word' id='word_1_167' title='bbox 1025 1825 1086 1901; x_wconf 87' lang='lat' dir='ltr'>id).</span> <span class='ocrx_word' id='word_1_168' title='bbox 1099 1826 1219 1889; x_wconf 82' lang='lat' dir='ltr'><em>Postea</em></span> <span class='ocrx_word' id='word_1_169' title='bbox 1233 1829 1469 1890; x_wconf 79' lang='lat' dir='ltr'>convalescens</span> <span class='ocrx_word' id='word_1_170' title='bbox 1485 1827 1526 1889; x_wconf 90' lang='lat' dir='ltr'>de</span> <span class='ocrx_word' id='word_1_171' title='bbox 1537 1826 1734 1890; x_wconf 83' lang='lat' dir='ltr'>infirmitate</span> <span class='ocrx_word' id='word_1_172' title='bbox 1743 1827 1827 1889; x_wconf 83' lang='lat' dir='ltr'>iecit</span> 
     </span>
     <span class='ocr_line' id='line_1_16' title="bbox 171 1924 1825 2002; baseline -0.005 -13"><span class='ocrx_word' id='word_1_173' title='bbox 171 1928 268 1999; x_wconf 89' lang='lat' dir='ltr'>idest,</span> <span class='ocrx_word' id='word_1_174' title='bbox 284 1928 371 1989; x_wconf 89' lang='lat' dir='ltr'>inter</span> <span class='ocrx_word' id='word_1_175' title='bbox 382 1929 547 1989; x_wconf 88' lang='lat' dir='ltr'>tormenta</span> <span class='ocrx_word' id='word_1_176' title='bbox 566 1927 599 1989; x_wconf 89' lang='lat' dir='ltr'>et</span> <span class='ocrx_word' id='word_1_177' title='bbox 617 1926 818 1989; x_wconf 82' lang='lat' dir='ltr'>afflictiones</span> <span class='ocrx_word' id='word_1_178' title='bbox 832 1927 967 1989; x_wconf 82' lang='lat' dir='ltr'>interni.</span> <span class='ocrx_word' id='word_1_179' title='bbox 1024 1925 1196 1986; x_wconf 76' lang='lat' dir='ltr'>Canticum</span> <span class='ocrx_word' id='word_1_180' title='bbox 1220 1941 1228 1986; x_wconf 92' lang='lat'>:</span> <span class='ocrx_word' id='word_1_181' title='bbox 1256 1926 1325 2002; x_wconf 79' lang='lat' dir='ltr'>Ego</span> <span class='ocrx_word' id='word_1_182' title='bbox 1351 1926 1422 1991; x_wconf 84' lang='lat' dir='ltr'>dixi</span> <span class='ocrx_word' id='word_1_183' title='bbox 1446 1925 1480 1986; x_wconf 92' lang='lat' dir='ltr'>iu</span> <span class='ocrx_word' id='word_1_184' title='bbox 1507 1925 1684 1989; x_wconf 85' lang='lat' dir='ltr'>dimidio...</span> <span class='ocrx_word' id='word_1_185' title='bbox 1712 1924 1825 1987; x_wconf 87' lang='lat' dir='ltr'>idest:</span> 
     </span>
     <span class='ocr_line' id='line_1_17' title="bbox 172 2023 1824 2100; baseline -0.001 -13"><span class='ocrx_word' id='word_1_186' title='bbox 172 2027 267 2088; x_wconf 86' lang='lat' dir='ltr'>Unde</span> <span class='ocrx_word' id='word_1_187' title='bbox 288 2026 448 2087; x_wconf 85' lang='lat' dir='ltr'>Dominus</span> <span class='ocrx_word' id='word_1_188' title='bbox 469 2025 511 2086; x_wconf 89' lang='lat' dir='ltr'>ad</span> <span class='ocrx_word' id='word_1_189' title='bbox 529 2024 614 2087; x_wconf 84' lang='lat' dir='ltr'>lob:</span> <span class='ocrx_word' id='word_1_190' title='bbox 638 2027 816 2099; x_wconf 75' lang='lat' dir='ltr'><strong><em>Numquid</em></strong></span> <span class='ocrx_word' id='word_1_191' title='bbox 837 2026 971 2100; x_wconf 75' lang='lat' dir='ltr'>aputu</span> <span class='ocrx_word' id='word_1_192' title='bbox 1024 2025 1091 2098; x_wconf 77' lang='lat' dir='ltr'>Ego</span> <span class='ocrx_word' id='word_1_193' title='bbox 1115 2023 1228 2100; x_wconf 87' lang='lat' dir='ltr'>putavi</span> <span class='ocrx_word' id='word_1_194' title='bbox 1247 2040 1300 2085; x_wconf 91' lang='lat' dir='ltr'>me</span> <span class='ocrx_word' id='word_1_195' title='bbox 1325 2024 1449 2085; x_wconf 86' lang='lat' dir='ltr'>iturum</span> <span class='ocrx_word' id='word_1_196' title='bbox 1473 2024 1516 2085; x_wconf 87' lang='lat' dir='ltr'>ad</span> <span class='ocrx_word' id='word_1_197' title='bbox 1537 2024 1684 2086; x_wconf 87' lang='lat' dir='ltr'>claustra</span> <span class='ocrx_word' id='word_1_198' title='bbox 1708 2023 1824 2097; x_wconf 80' lang='lat' dir='ltr'>interi,</span> 
     </span>
     <span class='ocr_line' id='line_1_18' title="bbox 171 2120 1754 2204; baseline -0.003 -17"><span class='ocrx_word' id='word_1_199' title='bbox 171 2125 253 2187; x_wconf 83' lang='lat' dir='ltr'>sunt</span> <span class='ocrx_word' id='word_1_200' title='bbox 268 2125 452 2199; x_wconf 68' lang='lat' dir='ltr'>teutpertus</span> <span class='ocrx_word' id='word_1_201' title='bbox 474 2124 619 2185; x_wconf 76' lang='lat' dir='ltr'>mortiet</span> <span class='ocrx_word' id='word_1_202' title='bbox 642 2121 729 2202; x_wconf 85' lang='lat' dir='ltr'>(lob.</span> <span class='ocrx_word' id='word_1_203' title='bbox 745 2138 889 2197; x_wconf 81' lang='lat' dir='ltr'>xxxun,</span> <span class='ocrx_word' id='word_1_204' title='bbox 916 2122 968 2204; x_wconf 84' lang='grc'><strong>17)</strong></span> <span class='ocrx_word' id='word_1_205' title='bbox 1024 2134 1098 2182; x_wconf 90' lang='lat' dir='ltr'>cum</span> <span class='ocrx_word' id='word_1_206' title='bbox 1114 2120 1223 2183; x_wconf 87' lang='lat' dir='ltr'>adhuc</span> <span class='ocrx_word' id='word_1_207' title='bbox 1238 2123 1450 2199; x_wconf 79' lang='lat' dir='ltr'>superessent</span> <span class='ocrx_word' id='word_1_208' title='bbox 1462 2122 1544 2182; x_wconf 88' lang='lat' dir='ltr'>mihi</span> <span class='ocrx_word' id='word_1_209' title='bbox 1560 2122 1655 2184; x_wconf 89' lang='lat' dir='ltr'>multi</span> <span class='ocrx_word' id='word_1_210' title='bbox 1669 2121 1754 2183; x_wconf 83' lang='lat' dir='ltr'>dies.</span> 
     </span>
    </p>

    <p class='ocr_par' dir='ltr' id='par_1_3' title="bbox 170 2219 1829 3081">
     <span class='ocr_line' id='line_1_19' title="bbox 171 2219 1827 2297; baseline 0 -16"><span class='ocrx_word' id='word_1_211' title='bbox 171 2219 487 2297; x_wconf 81' lang='lat' dir='ltr'>subintelligendum</span> <span class='ocrx_word' id='word_1_212' title='bbox 502 2221 563 2294; x_wconf 88' lang='lat' dir='ltr'>est,</span> <span class='ocrx_word' id='word_1_213' title='bbox 579 2221 612 2282; x_wconf 90' lang='lat' dir='ltr'>et</span> <span class='ocrx_word' id='word_1_214' title='bbox 631 2220 737 2281; x_wconf 81' lang='lat' dir='ltr'>mihil</span> <span class='ocrx_word' id='word_1_215' title='bbox 751 2222 861 2283; x_wconf 80' lang='lat' dir='ltr'>Pontes</span> <span class='ocrx_word' id='word_1_216' title='bbox 876 2237 970 2283; x_wconf 91' lang='lat' dir='ltr'>mor·</span> <span class='ocrx_word' id='word_1_217' title='bbox 1064 2219 1176 2281; x_wconf 84' lang='lat' dir='ltr'>Tertio</span> <span class='ocrx_word' id='word_1_218' title='bbox 1200 2219 1306 2282; x_wconf 80' lang='lat' dir='ltr'>dixit:</span> <span class='ocrx_word' id='word_1_219' title='bbox 1331 2222 1377 2282; x_wconf 80' lang='lat' dir='ltr'>ut</span> <span class='ocrx_word' id='word_1_220' title='bbox 1396 2222 1456 2282; x_wconf 84' lang='lat' dir='ltr'>uu</span> <span class='ocrx_word' id='word_1_221' title='bbox 1478 2222 1563 2282; x_wconf 75' lang='lat' dir='ltr'>(tabo</span> <span class='ocrx_word' id='word_1_222' title='bbox 1586 2224 1698 2282; x_wconf 80' lang='lat' dir='ltr'>claves</span> <span class='ocrx_word' id='word_1_223' title='bbox 1721 2223 1827 2296; x_wconf 72' lang='lat' dir='ltr'>repul</span> 
     </span>
     <span class='ocr_line' id='line_1_20' title="bbox 170 2314 1829 2400; baseline -0.001 -19"><span class='ocrx_word' id='word_1_224' title='bbox 170 2319 214 2381; x_wconf 88' lang='lat' dir='ltr'>tis</span> <span class='ocrx_word' id='word_1_225' title='bbox 227 2321 305 2380; x_wconf 87' lang='lat' dir='ltr'>sunt</span> <span class='ocrx_word' id='word_1_226' title='bbox 319 2320 442 2396; x_wconf 82' lang='lat' dir='ltr'>apertae</span> <span class='ocrx_word' id='word_1_227' title='bbox 457 2317 608 2391; x_wconf 89' lang='lat' dir='ltr'>Domine,</span> <span class='ocrx_word' id='word_1_228' title='bbox 623 2319 701 2396; x_wconf 82' lang='lat' dir='ltr'>quia</span> <span class='ocrx_word' id='word_1_229' title='bbox 714 2317 827 2379; x_wconf 89' lang='lat' dir='ltr'>nullus</span> <span class='ocrx_word' id='word_1_230' title='bbox 840 2319 968 2380; x_wconf 84' lang='lat' dir='ltr'>daemon</span> <span class='ocrx_word' id='word_1_231' title='bbox 1022 2322 1187 2379; x_wconf 75' lang='lat' dir='ltr'>coetorum</span> <span class='ocrx_word' id='word_1_232' title='bbox 1200 2314 1331 2398; x_wconf 88' lang='lat' dir='ltr'>(Matth.</span> <span class='ocrx_word' id='word_1_233' title='bbox 1347 2333 1416 2390; x_wconf 84' lang='lat' dir='ltr'>xvi,</span> <span class='ocrx_word' id='word_1_234' title='bbox 1430 2316 1477 2400; x_wconf 88' lang='grc'>9).</span> <span class='ocrx_word' id='word_1_235' title='bbox 1493 2318 1643 2390; x_wconf 80' lang='lat' dir='ltr'>Quattuor</span> <span class='ocrx_word' id='word_1_236' title='bbox 1656 2319 1734 2379; x_wconf 91' lang='lat' dir='ltr'>sunt</span> <span class='ocrx_word' id='word_1_237' title='bbox 1750 2333 1829 2395; x_wconf 89' lang='lat' dir='ltr'>spe·</span> 
     </span>
     <span class='ocr_line' id='line_1_21' title="bbox 171 2406 1827 2493; baseline 0.001 -17"><span class='ocrx_word' id='word_1_238' title='bbox 171 2418 278 2493; x_wconf 83' lang='lat' dir='ltr'>potest</span> <span class='ocrx_word' id='word_1_239' title='bbox 293 2431 386 2476; x_wconf 89' lang='lat' dir='ltr'>suam</span> <span class='ocrx_word' id='word_1_240' title='bbox 399 2412 561 2476; x_wconf 86' lang='lat' dir='ltr'>malitiam</span> <span class='ocrx_word' id='word_1_241' title='bbox 583 2406 786 2477; x_wconf 84' lang='lat' dir='ltr'>occultarea</span> <span class='ocrx_word' id='word_1_242' title='bbox 809 2417 888 2489; x_wconf 89' lang='lat' dir='ltr'>Deo,</span> <span class='ocrx_word' id='word_1_243' title='bbox 910 2416 968 2477; x_wconf 90' lang='lat' dir='ltr'>sed</span> <span class='ocrx_word' id='word_1_244' title='bbox 1023 2413 1091 2476; x_wconf 79' lang='lat' dir='ltr'>cies</span> <span class='ocrx_word' id='word_1_245' title='bbox 1110 2413 1266 2489; x_wconf 82' lang='lat' dir='ltr'>clavium,</span> <span class='ocrx_word' id='word_1_246' title='bbox 1282 2415 1449 2489; x_wconf 84' lang='lat' dir='ltr'>videlicet,</span> <span class='ocrx_word' id='word_1_247' title='bbox 1472 2415 1584 2478; x_wconf 77' lang='lat' dir='ltr'>clares</span> <span class='ocrx_word' id='word_1_248' title='bbox 1604 2415 1701 2492; x_wconf 78' lang='lat' dir='ltr'>regni</span> <span class='ocrx_word' id='word_1_249' title='bbox 1718 2412 1827 2478; x_wconf 84' lang='lat' dir='ltr'>coelo-</span> 
     </span>
     <span class='ocr_line' id='line_1_22' title="bbox 172 2511 1823 2591; baseline 0.001 -17"><span class='ocrx_word' id='word_1_250' title='bbox 172 2514 284 2575; x_wconf 88' lang='lat' dir='ltr'>omnia</span> <span class='ocrx_word' id='word_1_251' title='bbox 298 2513 387 2575; x_wconf 90' lang='lat' dir='ltr'>nude</span> <span class='ocrx_word' id='word_1_252' title='bbox 400 2516 434 2575; x_wconf 92' lang='lat' dir='ltr'>et</span> <span class='ocrx_word' id='word_1_253' title='bbox 445 2515 560 2590; x_wconf 83' lang='lat' dir='ltr'>aperta</span> <span class='ocrx_word' id='word_1_254' title='bbox 575 2514 653 2575; x_wconf 91' lang='lat' dir='ltr'>sunt</span> <span class='ocrx_word' id='word_1_255' title='bbox 665 2514 771 2575; x_wconf 89' lang='lat' dir='ltr'>oculis</span> <span class='ocrx_word' id='word_1_256' title='bbox 785 2515 870 2591; x_wconf 85' lang='lat' dir='ltr'>ejus.</span> <span class='ocrx_word' id='word_1_257' title='bbox 885 2516 967 2577; x_wconf 87' lang='lat' dir='ltr'>Hae-</span> <span class='ocrx_word' id='word_1_258' title='bbox 1022 2527 1107 2585; x_wconf 89' lang='lat' dir='ltr'>rum,</span> <span class='ocrx_word' id='word_1_259' title='bbox 1119 2511 1230 2576; x_wconf 82' lang='lat' dir='ltr'>claves</span> <span class='ocrx_word' id='word_1_260' title='bbox 1241 2512 1434 2587; x_wconf 82' lang='lat' dir='ltr'>inferorum,</span> <span class='ocrx_word' id='word_1_261' title='bbox 1444 2514 1556 2576; x_wconf 82' lang='lat' dir='ltr'>claves</span> <span class='ocrx_word' id='word_1_262' title='bbox 1569 2514 1823 2588; x_wconf 84' lang='lat' dir='ltr'>elementorum,</span> 
     </span>
     <span class='ocr_line' id='line_1_23' title="bbox 171 2610 1825 2689; baseline 0 -15"><span class='ocrx_word' id='word_1_263' title='bbox 171 2612 268 2674; x_wconf 86' lang='lat' dir='ltr'>retici</span> <span class='ocrx_word' id='word_1_264' title='bbox 292 2611 448 2674; x_wconf 88' lang='lat' dir='ltr'>dicuntur</span> <span class='ocrx_word' id='word_1_265' title='bbox 461 2612 565 2689; x_wconf 84' lang='lat' dir='ltr'>portae</span> <span class='ocrx_word' id='word_1_266' title='bbox 584 2610 695 2684; x_wconf 84' lang='lat' dir='ltr'>inseri,</span> <span class='ocrx_word' id='word_1_267' title='bbox 710 2612 787 2689; x_wconf 84' lang='lat' dir='ltr'>quia</span> <span class='ocrx_word' id='word_1_268' title='bbox 803 2612 889 2679; x_wconf 87' lang='lat' dir='ltr'>sicut</span> <span class='ocrx_word' id='word_1_269' title='bbox 903 2611 968 2689; x_wconf 89' lang='lat' dir='ltr'>ipsi</span> <span class='ocrx_word' id='word_1_270' title='bbox 1022 2610 1056 2672; x_wconf 85' lang='lat' dir='ltr'>et</span> <span class='ocrx_word' id='word_1_271' title='bbox 1089 2611 1201 2673; x_wconf 84' lang='lat' dir='ltr'>claves</span> <span class='ocrx_word' id='word_1_272' title='bbox 1235 2611 1424 2674; x_wconf 80' lang='lat' dir='ltr'>divinorum</span> <span class='ocrx_word' id='word_1_273' title='bbox 1458 2610 1677 2689; x_wconf 75' lang='lat' dir='ltr'>eloquiorum.</span> <span class='ocrx_word' id='word_1_274' title='bbox 1705 2612 1825 2674; x_wconf 81' lang='lat' dir='ltr'>Claves</span> 
     </span>
     <span class='ocr_line' id='line_1_24' title="bbox 171 2707 1822 2790; baseline 0.001 -20"><span class='ocrx_word' id='word_1_275' title='bbox 171 2711 259 2783; x_wconf 88' lang='lat' dir='ltr'>sunt,</span> <span class='ocrx_word' id='word_1_276' title='bbox 275 2709 425 2790; x_wconf 83' lang='lat' dir='ltr'>perversi</span> <span class='ocrx_word' id='word_1_277' title='bbox 440 2710 473 2771; x_wconf 87' lang='lat' dir='ltr'>et</span> <span class='ocrx_word' id='word_1_278' title='bbox 487 2709 605 2787; x_wconf 83' lang='lat' dir='ltr'>iniqui,</span> <span class='ocrx_word' id='word_1_279' title='bbox 621 2709 668 2771; x_wconf 86' lang='lat' dir='ltr'>ita</span> <span class='ocrx_word' id='word_1_280' title='bbox 684 2709 716 2772; x_wconf 92' lang='lat' dir='ltr'>et</span> <span class='ocrx_word' id='word_1_281' title='bbox 731 2710 815 2771; x_wconf 88' lang='lat' dir='ltr'>alios</span> <span class='ocrx_word' id='word_1_282' title='bbox 830 2725 969 2786; x_wconf 86' lang='lat' dir='ltr'>perver-</span> <span class='ocrx_word' id='word_1_283' title='bbox 1022 2707 1117 2784; x_wconf 80' lang='lat' dir='ltr'>regni</span> <span class='ocrx_word' id='word_1_284' title='bbox 1138 2709 1298 2771; x_wconf 81' lang='lat' dir='ltr'>caelorum</span> <span class='ocrx_word' id='word_1_285' title='bbox 1325 2710 1402 2770; x_wconf 90' lang='lat' dir='ltr'>sunt</span> <span class='ocrx_word' id='word_1_286' title='bbox 1427 2709 1568 2772; x_wconf 88' lang='lat' dir='ltr'>scientia</span> <span class='ocrx_word' id='word_1_287' title='bbox 1591 2709 1822 2783; x_wconf 86' lang='lat' dir='ltr'>discernendi,</span> 
     </span>
     <span class='ocr_line' id='line_1_25' title="bbox 170 2806 1825 2886; baseline -0.001 -17"><span class='ocrx_word' id='word_1_288' title='bbox 170 2809 245 2870; x_wconf 91' lang='lat' dir='ltr'>tunt</span> <span class='ocrx_word' id='word_1_289' title='bbox 268 2807 309 2868; x_wconf 88' lang='lat' dir='ltr'>ad</span> <span class='ocrx_word' id='word_1_290' title='bbox 330 2807 535 2886; x_wconf 86' lang='lat' dir='ltr'>iniquitatem</span> <span class='ocrx_word' id='word_1_291' title='bbox 557 2823 651 2868; x_wconf 87' lang='lat' dir='ltr'>suam</span> <span class='ocrx_word' id='word_1_292' title='bbox 676 2808 709 2870; x_wconf 91' lang='lat' dir='ltr'>et</span> <span class='ocrx_word' id='word_1_293' title='bbox 736 2808 778 2870; x_wconf 92' lang='lat' dir='ltr'>ad</span> <span class='ocrx_word' id='word_1_294' title='bbox 799 2807 967 2870; x_wconf 81' lang='lat' dir='ltr'>internum</span> <span class='ocrx_word' id='word_1_295' title='bbox 1022 2806 1347 2884; x_wconf 81' lang='lat' dir='ltr'>etpotentialigandi</span> <span class='ocrx_word' id='word_1_296' title='bbox 1360 2807 1577 2883; x_wconf 77' lang='lat' dir='ltr'>etsolveud13</span> <span class='ocrx_word' id='word_1_297' title='bbox 1594 2808 1736 2871; x_wconf 87' lang='lat' dir='ltr'>scientia</span> <span class='ocrx_word' id='word_1_298' title='bbox 1750 2808 1825 2869; x_wconf 91' lang='lat' dir='ltr'>dis-</span> 
     </span>
     <span class='ocr_line' id='line_1_26' title="bbox 170 2903 1824 2985; baseline 0 -19"><span class='ocrx_word' id='word_1_299' title='bbox 170 2903 365 2985; x_wconf 80' lang='lat' dir='ltr'>perducunt.</span> <span class='ocrx_word' id='word_1_300' title='bbox 390 2907 466 2969; x_wconf 82' lang='lat' dir='ltr'>Nun</span> <span class='ocrx_word' id='word_1_301' title='bbox 488 2904 539 2967; x_wconf 86' lang='lat' dir='ltr'>est</span> <span class='ocrx_word' id='word_1_302' title='bbox 557 2905 680 2983; x_wconf 87' lang='lat' dir='ltr'>impius</span> <span class='ocrx_word' id='word_1_303' title='bbox 701 2906 859 2982; x_wconf 78' lang='lat' dir='ltr'>gaudere,</span> <span class='ocrx_word' id='word_1_304' title='bbox 887 2906 968 2968; x_wconf 91' lang='lat' dir='ltr'>dicit</span> <span class='ocrx_word' id='word_1_305' title='bbox 1022 2907 1181 2967; x_wconf 85' lang='lat' dir='ltr'>cernendi</span> <span class='ocrx_word' id='word_1_306' title='bbox 1205 2909 1255 2969; x_wconf 86' lang='lat' dir='ltr'>est</span> <span class='ocrx_word' id='word_1_307' title='bbox 1277 2909 1312 2969; x_wconf 91' lang='lat' dir='ltr'>ut</span> <span class='ocrx_word' id='word_1_308' title='bbox 1327 2906 1440 2966; x_wconf 89' lang='lat' dir='ltr'>nullus</span> <span class='ocrx_word' id='word_1_309' title='bbox 1461 2906 1620 2983; x_wconf 76' lang='lat' dir='ltr'>indignus</span> <span class='ocrx_word' id='word_1_310' title='bbox 1638 2906 1824 2985; x_wconf 82' lang='lat' dir='ltr'>recipiatur</span> 
     </span>
     <span class='ocr_line' id='line_1_27' title="bbox 170 3000 1822 3081; baseline -0.001 -16"><span class='ocrx_word' id='word_1_311' title='bbox 170 3004 341 3065; x_wconf 89' lang='lat' dir='ltr'>Dominus.</span> <span class='ocrx_word' id='word_1_312' title='bbox 364 3000 575 3067; x_wconf 74' lang='lat' dir='ltr'>UndeDarid</span> <span class='ocrx_word' id='word_1_313' title='bbox 597 3003 684 3076; x_wconf 88' lang='lat' dir='ltr'>:Qui</span> <span class='ocrx_word' id='word_1_314' title='bbox 699 3003 968 3081; x_wconf 75' lang='lat' dir='ltr'>nequiter-agunt</span> <span class='ocrx_word' id='word_1_315' title='bbox 1021 3004 1057 3063; x_wconf 90' lang='lat' dir='ltr'>in</span> <span class='ocrx_word' id='word_1_316' title='bbox 1084 3020 1200 3081; x_wconf 83' lang='lat' dir='ltr'>regno,</span> <span class='ocrx_word' id='word_1_317' title='bbox 1230 3007 1263 3066; x_wconf 85' lang='lat' dir='ltr'>et</span> <span class='ocrx_word' id='word_1_318' title='bbox 1291 3005 1403 3066; x_wconf 88' lang='lat' dir='ltr'>nulius</span> <span class='ocrx_word' id='word_1_319' title='bbox 1429 3005 1549 3081; x_wconf 81' lang='lat' dir='ltr'>dignus</span> <span class='ocrx_word' id='word_1_320' title='bbox 1576 3004 1774 3067; x_wconf 82' lang='lat' dir='ltr'>excludatur</span> <span class='ocrx_word' id='word_1_321' title='bbox 1800 3019 1822 3065; x_wconf 90' lang='lat' dir='ltr'>a</span> 
     </span>
    </p>
   </div>
   <div class='ocr_carea' id='block_1_3' title="bbox 168 3093 1824 3377">
    <p class='ocr_par' dir='ltr' id='par_1_4' title="bbox 168 3093 1824 3377">
     <span class='ocr_line' id='line_1_28' title="bbox 170 3093 1823 3185; baseline 0.003 -23"><span class='ocrx_word' id='word_1_322' title='bbox 170 3101 204 3165; x_wconf 91' lang='lat' dir='ltr'>in</span> <span class='ocrx_word' id='word_1_323' title='bbox 228 3102 351 3163; x_wconf 92' lang='lat' dir='ltr'>mundo</span> <span class='ocrx_word' id='word_1_324' title='bbox 377 3101 452 3173; x_wconf 89' lang='lat' dir='ltr'>isto,</span> <span class='ocrx_word' id='word_1_325' title='bbox 481 3099 790 3165; x_wconf 83' lang='lat' dir='ltr'>exterminabuntur</span> <span class='ocrx_word' id='word_1_326' title='bbox 813 3101 854 3164; x_wconf 90' lang='lat' dir='ltr'>de</span> <span class='ocrx_word' id='word_1_327' title='bbox 876 3103 967 3163; x_wconf 89' lang='lat' dir='ltr'>terra</span> <span class='ocrx_word' id='word_1_328' title='bbox 1021 3116 1136 3177; x_wconf 76' lang='lat' dir='ltr'>regno,</span> <span class='ocrx_word' id='word_1_329' title='bbox 1154 3105 1192 3164; x_wconf 79' lang='lat' dir='ltr'>ut</span> <span class='ocrx_word' id='word_1_330' title='bbox 1206 3100 1257 3165; x_wconf 92' lang='lat' dir='ltr'>est</span> <span class='ocrx_word' id='word_1_331' title='bbox 1269 3103 1411 3165; x_wconf 88' lang='lat' dir='ltr'>scientia</span> <span class='ocrx_word' id='word_1_332' title='bbox 1426 3093 1737 3164; x_wconf 62' lang='lat' dir='ltr'>discernendi&#39;inter</span> <span class='ocrx_word' id='word_1_333' title='bbox 1747 3118 1823 3185; x_wconf 85' lang='lat' dir='ltr'>pec·</span> 
     </span>
     <span class='ocr_line' id='line_1_29' title="bbox 168 3194 1824 3278; baseline -0.001 -17"><span class='ocrx_word' id='word_1_334' title='bbox 168 3199 352 3262; x_wconf 71' lang='lat' dir='ltr'>viventium</span> <span class='ocrx_word' id='word_1_335' title='bbox 376 3199 410 3259; x_wconf 91' lang='lat' dir='ltr'>in</span> <span class='ocrx_word' id='word_1_336' title='bbox 437 3196 558 3261; x_wconf 81' lang='lat' dir='ltr'>tuturo.</span> <span class='ocrx_word' id='word_1_337' title='bbox 588 3194 658 3260; x_wconf 82' lang='lat' dir='ltr'>Nec</span> <span class='ocrx_word' id='word_1_338' title='bbox 681 3198 731 3261; x_wconf 81' lang='lat' dir='ltr'>est</span> <span class='ocrx_word' id='word_1_339' title='bbox 754 3214 821 3276; x_wconf 82' lang='lat' dir='ltr'>pax</span> <span class='ocrx_word' id='word_1_340' title='bbox 837 3198 968 3261; x_wconf 87' lang='lat' dir='ltr'>ossibus</span> <span class='ocrx_word' id='word_1_341' title='bbox 1022 3202 1132 3264; x_wconf 87' lang='lat' dir='ltr'>catum</span> <span class='ocrx_word' id='word_1_342' title='bbox 1144 3200 1177 3262; x_wconf 86' lang='lat' dir='ltr'>et</span> <span class='ocrx_word' id='word_1_343' title='bbox 1191 3202 1373 3277; x_wconf 87' lang='lat' dir='ltr'>peccatum,</span> <span class='ocrx_word' id='word_1_344' title='bbox 1388 3200 1476 3263; x_wconf 87' lang='lat' dir='ltr'>inter</span> <span class='ocrx_word' id='word_1_345' title='bbox 1487 3200 1686 3278; x_wconf 90' lang='lat' dir='ltr'>supplicium</span> <span class='ocrx_word' id='word_1_346' title='bbox 1700 3202 1734 3263; x_wconf 88' lang='lat' dir='ltr'>ct</span> <span class='ocrx_word' id='word_1_347' title='bbox 1743 3217 1824 3278; x_wconf 86' lang='lat' dir='ltr'>sup·</span> 
     </span>
     <span class='ocr_line' id='line_1_30' title="bbox 169 3295 1824 3377; baseline 0.001 -18"><span class='ocrx_word' id='word_1_348' title='bbox 169 3298 287 3359; x_wconf 87' lang='lat' dir='ltr'>meisa</span> <span class='ocrx_word' id='word_1_349' title='bbox 303 3295 389 3357; x_wconf 86' lang='lat' dir='ltr'>iacie</span> <span class='ocrx_word' id='word_1_350' title='bbox 399 3298 620 3374; x_wconf 84' lang='lat' dir='ltr'>peccatorum.</span> <span class='ocrx_word' id='word_1_351' title='bbox 632 3299 671 3359; x_wconf 78' lang='lat' dir='ltr'>itt</span> <span class='ocrx_word' id='word_1_352' title='bbox 683 3296 717 3358; x_wconf 89' lang='lat' dir='ltr'>in</span> <span class='ocrx_word' id='word_1_353' title='bbox 733 3297 890 3375; x_wconf 80' lang='lat' dir='ltr'>psalmis:</span> <span class='ocrx_word' id='word_1_354' title='bbox 904 3298 967 3370; x_wconf 88' lang='lat' dir='ltr'>Qui</span> <span class='ocrx_word' id='word_1_355' title='bbox 1021 3296 1169 3374; x_wconf 82' lang='lat' dir='ltr'>piletum,</span> <span class='ocrx_word' id='word_1_356' title='bbox 1186 3297 1274 3359; x_wconf 84' lang='lat' dir='ltr'>inter</span> <span class='ocrx_word' id='word_1_357' title='bbox 1286 3298 1494 3377; x_wconf 87' lang='lat' dir='ltr'>prophanum</span> <span class='ocrx_word' id='word_1_358' title='bbox 1507 3300 1540 3360; x_wconf 92' lang='lat' dir='ltr'>et</span> <span class='ocrx_word' id='word_1_359' title='bbox 1553 3300 1715 3370; x_wconf 88' lang='lat' dir='ltr'>sanctum,</span> <span class='ocrx_word' id='word_1_360' title='bbox 1732 3298 1824 3360; x_wconf 87' lang='lat' dir='ltr'>inter</span> 
     </span>
    </p>
   </div>
   <div class='ocr_carea' id='block_1_4' title="bbox 82 3394 1904 5833">
    <p class='ocr_par' dir='ltr' id='par_1_5' title="bbox 82 3394 1904 5833">
     <span class='ocr_line' id='line_1_31' title="bbox 168 3394 1820 3474; baseline 0 -18"><span class='ocrx_word' id='word_1_361' title='bbox 168 3396 296 3457; x_wconf 82' lang='lat' dir='ltr'>exaltat</span> <span class='ocrx_word' id='word_1_362' title='bbox 311 3411 362 3456; x_wconf 88' lang='lat' dir='ltr'>me</span> <span class='ocrx_word' id='word_1_363' title='bbox 378 3394 418 3456; x_wconf 91' lang='lat' dir='ltr'>de</span> <span class='ocrx_word' id='word_1_364' title='bbox 433 3394 536 3473; x_wconf 88' lang='lat' dir='ltr'>portis</span> <span class='ocrx_word' id='word_1_365' title='bbox 551 3395 678 3467; x_wconf 83' lang='lat' dir='ltr'>mortis,</span> <span class='ocrx_word' id='word_1_366' title='bbox 693 3394 790 3467; x_wconf 87' lang='lat' dir='ltr'>idest,</span> <span class='ocrx_word' id='word_1_367' title='bbox 806 3396 861 3473; x_wconf 89' lang='lat' dir='ltr'>qui</span> <span class='ocrx_word' id='word_1_368' title='bbox 882 3395 968 3457; x_wconf 86' lang='lat' dir='ltr'>libe-</span> <span class='ocrx_word' id='word_1_369' title='bbox 1021 3397 1148 3474; x_wconf 89' lang='lat' dir='ltr'>lepram</span> <span class='ocrx_word' id='word_1_370' title='bbox 1169 3397 1203 3458; x_wconf 90' lang='lat' dir='ltr'>et</span> <span class='ocrx_word' id='word_1_371' title='bbox 1223 3396 1361 3474; x_wconf 88' lang='lat' dir='ltr'>iepram.</span> <span class='ocrx_word' id='word_1_372' title='bbox 1379 3397 1531 3458; x_wconf 83' lang='lat' dir='ltr'>Potentia</span> <span class='ocrx_word' id='word_1_373' title='bbox 1552 3396 1680 3473; x_wconf 81' lang='lat' dir='ltr'>ligandi</span> <span class='ocrx_word' id='word_1_374' title='bbox 1694 3397 1727 3458; x_wconf 91' lang='lat' dir='ltr'>et</span> <span class='ocrx_word' id='word_1_375' title='bbox 1745 3395 1820 3457; x_wconf 89' lang='lat' dir='ltr'>sol-</span> 
     </span>
     <span class='ocr_line' id='line_1_32' title="bbox 168 3492 1820 3572; baseline 0 -17"><span class='ocrx_word' id='word_1_376' title='bbox 168 3496 221 3556; x_wconf 88' lang='lat' dir='ltr'>rat</span> <span class='ocrx_word' id='word_1_377' title='bbox 235 3509 287 3554; x_wconf 87' lang='lat' dir='ltr'>rue</span> <span class='ocrx_word' id='word_1_378' title='bbox 298 3493 339 3554; x_wconf 88' lang='lat' dir='ltr'>ab</span> <span class='ocrx_word' id='word_1_379' title='bbox 352 3492 541 3555; x_wconf 81' lang='lat' dir='ltr'>hominibus</span> <span class='ocrx_word' id='word_1_380' title='bbox 557 3492 723 3570; x_wconf 78' lang='lat' dir='ltr'>pertensis</span> <span class='ocrx_word' id='word_1_381' title='bbox 736 3495 769 3557; x_wconf 89' lang='lat' dir='ltr'>et</span> <span class='ocrx_word' id='word_1_382' title='bbox 783 3492 964 3567; x_wconf 73' lang='lat' dir='ltr'>haereticis,</span> <span class='ocrx_word' id='word_1_383' title='bbox 1020 3494 1119 3557; x_wconf 78' lang='lat' dir='ltr'>vendi</span> <span class='ocrx_word' id='word_1_384' title='bbox 1134 3495 1196 3567; x_wconf 88' lang='lat' dir='ltr'>est,</span> <span class='ocrx_word' id='word_1_385' title='bbox 1211 3493 1297 3556; x_wconf 89' lang='lat' dir='ltr'>sicut</span> <span class='ocrx_word' id='word_1_386' title='bbox 1312 3494 1384 3572; x_wconf 89' lang='lat' dir='ltr'>ipse</span> <span class='ocrx_word' id='word_1_387' title='bbox 1394 3494 1501 3555; x_wconf 78' lang='lat' dir='ltr'>dixit:</span> <span class='ocrx_word' id='word_1_388' title='bbox 1518 3497 1755 3569; x_wconf 77' lang='lat' dir='ltr'>Quodcumque</span> <span class='ocrx_word' id='word_1_389' title='bbox 1772 3497 1820 3555; x_wconf 88' lang='lat' dir='ltr'>lt-</span> 
     </span>
     <span class='ocr_line' id='line_1_33' title="bbox 82 3589 1904 3673; baseline 0.001 -20"><span class='ocrx_word' id='word_1_390' title='bbox 82 3638 85 3644; x_wconf 86' lang='grc'><strong>.</strong></span> <span class='ocrx_word' id='word_1_391' title='bbox 168 3593 221 3653; x_wconf 82' lang='lat' dir='ltr'>vel</span> <span class='ocrx_word' id='word_1_392' title='bbox 237 3592 292 3669; x_wconf 88' lang='lat' dir='ltr'>qui</span> <span class='ocrx_word' id='word_1_393' title='bbox 311 3590 431 3653; x_wconf 85' lang='lat' dir='ltr'>liberat</span> <span class='ocrx_word' id='word_1_394' title='bbox 446 3607 499 3652; x_wconf 88' lang='lat' dir='ltr'>me</span> <span class='ocrx_word' id='word_1_395' title='bbox 513 3590 554 3652; x_wconf 83' lang='lat' dir='ltr'>ab</span> <span class='ocrx_word' id='word_1_396' title='bbox 569 3591 736 3653; x_wconf 83' lang='lat' dir='ltr'>universis</span> <span class='ocrx_word' id='word_1_397' title='bbox 749 3593 904 3669; x_wconf 88' lang='lat' dir='ltr'>peccatis.</span> <span class='ocrx_word' id='word_1_398' title='bbox 1020 3596 1161 3671; x_wconf 78' lang='lat' dir='ltr'>puuertr</span> <span class='ocrx_word' id='word_1_399' title='bbox 1181 3593 1441 3666; x_wconf 79' lang='lat' dir='ltr'>superterram</span> <span class='ocrx_word' id='word_1_400' title='bbox 1444 3637 1505 3653; x_wconf 89' lang='grc'><strong>.....</strong></span> <span class='ocrx_word' id='word_1_401' title='bbox 1520 3589 1651 3673; x_wconf 81' lang='lat' dir='ltr'>(Metti.</span> <span class='ocrx_word' id='word_1_402' title='bbox 1669 3606 1737 3662; x_wconf 77' lang='lat' dir='ltr'>xri,</span> <span class='ocrx_word' id='word_1_403' title='bbox 1753 3589 1816 3661; x_wconf 89' lang='lat'><strong>19).</strong></span> <span class='ocrx_word' id='word_1_404' title='bbox 1901 3650 1904 3654; x_wconf 19' lang='lat' dir='ltr'>i</span> 
     </span>
     <span class='ocr_line' id='line_1_34' title="bbox 208 3687 1817 3776; baseline -0.002 -24"><span class='ocrx_word' id='word_1_405' title='bbox 208 3690 298 3753; x_wconf 86' lang='lat' dir='ltr'>Vitia</span> <span class='ocrx_word' id='word_1_406' title='bbox 320 3689 475 3751; x_wconf 89' lang='lat' dir='ltr'>dicuntur</span> <span class='ocrx_word' id='word_1_407' title='bbox 489 3691 592 3767; x_wconf 83' lang='lat' dir='ltr'>portae</span> <span class='ocrx_word' id='word_1_408' title='bbox 608 3689 734 3759; x_wconf 88' lang='lat' dir='ltr'>mortis,</span> <span class='ocrx_word' id='word_1_409' title='bbox 754 3690 832 3771; x_wconf 86' lang='lat' dir='ltr'>quia</span> <span class='ocrx_word' id='word_1_410' title='bbox 854 3706 913 3768; x_wconf 89' lang='lat' dir='ltr'>per</span> <span class='ocrx_word' id='word_1_411' title='bbox 926 3706 966 3752; x_wconf 86' lang='lat' dir='ltr'>ea</span> <span class='ocrx_word' id='word_1_412' title='bbox 1021 3694 1089 3753; x_wconf 88' lang='lat' dir='ltr'>Hes</span> <span class='ocrx_word' id='word_1_413' title='bbox 1113 3691 1225 3776; x_wconf 82' lang='lat' dir='ltr'>claves</span> <span class='ocrx_word' id='word_1_414' title='bbox 1242 3689 1371 3767; x_wconf 87' lang='lat' dir='ltr'>accepit</span> <span class='ocrx_word' id='word_1_415' title='bbox 1391 3688 1508 3752; x_wconf 82' lang='lat' dir='ltr'>heatus</span> <span class='ocrx_word' id='word_1_416' title='bbox 1532 3690 1661 3762; x_wconf 86' lang='lat' dir='ltr'>Petrus,</span> <span class='ocrx_word' id='word_1_417' title='bbox 1686 3687 1817 3767; x_wconf 87' lang='lat' dir='ltr'>quande</span> 
     </span>
     <span class='ocr_line' id='line_1_35' title="bbox 169 3787 1821 3865; baseline -0.001 -15"><span class='ocrx_word' id='word_1_418' title='bbox 169 3789 273 3850; x_wconf 89' lang='lat' dir='ltr'>intrat</span> <span class='ocrx_word' id='word_1_419' title='bbox 295 3802 395 3860; x_wconf 85' lang='lat' dir='ltr'>mors,</span> <span class='ocrx_word' id='word_1_420' title='bbox 419 3788 505 3849; x_wconf 84' lang='lat' dir='ltr'>idest</span> <span class='ocrx_word' id='word_1_421' title='bbox 528 3787 691 3850; x_wconf 81' lang='lat' dir='ltr'>diabolus.</span> <span class='ocrx_word' id='word_1_422' title='bbox 716 3788 756 3850; x_wconf 84' lang='lat' dir='ltr'>ut</span> <span class='ocrx_word' id='word_1_423' title='bbox 779 3787 965 3851; x_wconf 74' lang='lat' dir='ltr'>terentiae:</span> <span class='ocrx_word' id='word_1_424' title='bbox 1021 3789 1206 3853; x_wconf 84' lang='lat' dir='ltr'>dictumest</span> <span class='ocrx_word' id='word_1_425' title='bbox 1219 3789 1271 3850; x_wconf 87' lang='lat' dir='ltr'>ci:</span> <span class='ocrx_word' id='word_1_426' title='bbox 1289 3791 1702 3865; x_wconf 73' lang='lat' dir='ltr'>Quodcnuqluupaveru</span> <span class='ocrx_word' id='word_1_427' title='bbox 1712 3801 1821 3862; x_wconf 69' lang='lat' dir='ltr'>scopu·</span> 
     </span>
     <span class='ocr_line' id='line_1_36' title="bbox 168 3880 1823 3966; baseline -0.002 -17"><span class='ocrx_word' id='word_1_428' title='bbox 168 3880 266 3949; x_wconf 76' lang='lat' dir='ltr'>diors</span> <span class='ocrx_word' id='word_1_429' title='bbox 283 3887 394 3948; x_wconf 80' lang='lat' dir='ltr'>tutrat</span> <span class='ocrx_word' id='word_1_430' title='bbox 401 3882 650 3961; x_wconf 77' lang='lat' dir='ltr'>perscuestrus</span> <span class='ocrx_word' id='word_1_431' title='bbox 667 3887 806 3949; x_wconf 80' lang='lat' dir='ltr'>nostras</span> <span class='ocrx_word' id='word_1_432' title='bbox 818 3885 900 3966; x_wconf 82' lang='lat' dir='ltr'>(ter.</span> <span class='ocrx_word' id='word_1_433' title='bbox 917 3903 964 3958; x_wconf 85' lang='lat' dir='ltr'>ix,</span> <span class='ocrx_word' id='word_1_434' title='bbox 1022 3889 1205 3959; x_wconf 63' lang='lat' dir='ltr'>terram...</span> <span class='ocrx_word' id='word_1_435' title='bbox 1230 3887 1270 3947; x_wconf 82' lang='lat' dir='ltr'>Et</span> <span class='ocrx_word' id='word_1_436' title='bbox 1293 3882 1451 3947; x_wconf 85' lang='lat' dir='ltr'>dicuntur</span> <span class='ocrx_word' id='word_1_437' title='bbox 1468 3886 1579 3947; x_wconf 79' lang='lat' dir='ltr'>clares</span> <span class='ocrx_word' id='word_1_438' title='bbox 1597 3884 1693 3961; x_wconf 79' lang='lat' dir='ltr'>regni</span> <span class='ocrx_word' id='word_1_439' title='bbox 1712 3883 1823 3946; x_wconf 85' lang='lat' dir='ltr'>coeio-·</span> 
     </span>
     <span class='ocr_line' id='line_1_37' title="bbox 169 3980 1818 4063; baseline -0.003 -16"><span class='ocrx_word' id='word_1_440' title='bbox 169 3984 233 4063; x_wconf 77' lang='lat'>21).</span> <span class='ocrx_word' id='word_1_441' title='bbox 252 3985 418 4045; x_wconf 75' lang='lat' dir='ltr'>Fenestrae</span> <span class='ocrx_word' id='word_1_442' title='bbox 442 3983 560 4044; x_wconf 87' lang='lat' dir='ltr'>mortis</span> <span class='ocrx_word' id='word_1_443' title='bbox 581 3983 777 4057; x_wconf 87' lang='lat' dir='ltr'>suntoculi,</span> <span class='ocrx_word' id='word_1_444' title='bbox 805 3984 884 4060; x_wconf 89' lang='lat' dir='ltr'>quia</span> <span class='ocrx_word' id='word_1_445' title='bbox 907 4001 967 4062; x_wconf 89' lang='lat' dir='ltr'>per</span> <span class='ocrx_word' id='word_1_446' title='bbox 1020 4001 1105 4058; x_wconf 90' lang='lat' dir='ltr'>rum,</span> <span class='ocrx_word' id='word_1_447' title='bbox 1136 3983 1215 4061; x_wconf 87' lang='lat' dir='ltr'>quia</span> <span class='ocrx_word' id='word_1_448' title='bbox 1238 3981 1396 4044; x_wconf 88' lang='lat' dir='ltr'>claudunt</span> <span class='ocrx_word' id='word_1_449' title='bbox 1418 3980 1550 4051; x_wconf 88' lang='lat' dir='ltr'>coelum,</span> <span class='ocrx_word' id='word_1_450' title='bbox 1576 3981 1648 4041; x_wconf 79' lang='lat' dir='ltr'>sire</span> <span class='ocrx_word' id='word_1_451' title='bbox 1675 3997 1818 4058; x_wconf 78' lang='lat' dir='ltr'>regnum</span> 
     </span>
     <span class='ocr_line' id='line_1_38' title="bbox 171 4076 1819 4157; baseline -0.002 -13"><span class='ocrx_word' id='word_1_452' title='bbox 171 4082 284 4144; x_wconf 88' lang='lat' dir='ltr'>oculos</span> <span class='ocrx_word' id='word_1_453' title='bbox 300 4081 402 4143; x_wconf 87' lang='lat' dir='ltr'>intrat</span> <span class='ocrx_word' id='word_1_454' title='bbox 421 4083 591 4157; x_wconf 88' lang='lat' dir='ltr'>peccatum</span> <span class='ocrx_word' id='word_1_455' title='bbox 605 4080 639 4139; x_wconf 88' lang='lat' dir='ltr'>iu</span> <span class='ocrx_word' id='word_1_456' title='bbox 659 4081 759 4141; x_wconf 87' lang='lat' dir='ltr'>corda</span> <span class='ocrx_word' id='word_1_457' title='bbox 774 4082 899 4145; x_wconf 84' lang='lat' dir='ltr'>nostra.</span> <span class='ocrx_word' id='word_1_458' title='bbox 919 4084 968 4143; x_wconf 87' lang='lat' dir='ltr'>De</span> <span class='ocrx_word' id='word_1_459' title='bbox 1021 4083 1180 4145; x_wconf 87' lang='lat' dir='ltr'>coelorum</span> <span class='ocrx_word' id='word_1_460' title='bbox 1190 4079 1336 4157; x_wconf 84' lang='lat' dir='ltr'>indignis</span> <span class='ocrx_word' id='word_1_461' title='bbox 1349 4080 1382 4140; x_wconf 89' lang='lat' dir='ltr'>et</span> <span class='ocrx_word' id='word_1_462' title='bbox 1396 4076 1551 4155; x_wconf 88' lang='lat' dir='ltr'>aperiunt</span> <span class='ocrx_word' id='word_1_463' title='bbox 1563 4076 1685 4153; x_wconf 82' lang='lat' dir='ltr'>dignis.</span> <span class='ocrx_word' id='word_1_464' title='bbox 1698 4079 1819 4141; x_wconf 77' lang='lat' dir='ltr'>claves</span> 
     </span>
     <span class='ocr_line' id='line_1_39' title="bbox 171 4174 1824 4257; baseline -0.001 -18"><span class='ocrx_word' id='word_1_465' title='bbox 171 4178 291 4257; x_wconf 87' lang='lat' dir='ltr'>quihus</span> <span class='ocrx_word' id='word_1_466' title='bbox 305 4179 341 4239; x_wconf 92' lang='lat' dir='ltr'>in</span> <span class='ocrx_word' id='word_1_467' title='bbox 356 4177 485 4255; x_wconf 84' lang='lat' dir='ltr'>psalmo</span> <span class='ocrx_word' id='word_1_468' title='bbox 499 4177 640 4238; x_wconf 87' lang='lat' dir='ltr'>dicitur:</span> <span class='ocrx_word' id='word_1_469' title='bbox 658 4178 829 4239; x_wconf 73' lang='lat' dir='ltr'>Coutttott</span> <span class='ocrx_word' id='word_1_470' title='bbox 844 4181 968 4254; x_wconf 77' lang='lat' dir='ltr'>portas</span> <span class='ocrx_word' id='word_1_471' title='bbox 1021 4180 1227 4242; x_wconf 82' lang='lat' dir='ltr'>internorum</span> <span class='ocrx_word' id='word_1_472' title='bbox 1262 4178 1339 4238; x_wconf 90' lang='lat' dir='ltr'>sunt</span> <span class='ocrx_word' id='word_1_473' title='bbox 1370 4175 1459 4240; x_wconf 87' lang='lat' dir='ltr'>modi</span> <span class='ocrx_word' id='word_1_474' title='bbox 1492 4174 1611 4254; x_wconf 86' lang='lat' dir='ltr'>quihus</span> <span class='ocrx_word' id='word_1_475' title='bbox 1644 4175 1824 4238; x_wconf 83' lang='lat' dir='ltr'>solvuntur</span> 
     </span>
     <span class='ocr_line' id='line_1_40' title="bbox 170 4268 1819 4355; baseline -0.002 -16"><span class='ocrx_word' id='word_1_476' title='bbox 170 4291 294 4348; x_wconf 75' lang='lat' dir='ltr'>areas,</span> <span class='ocrx_word' id='word_1_477' title='bbox 311 4276 347 4338; x_wconf 85' lang='lat' dir='ltr'>ct</span> <span class='ocrx_word' id='word_1_478' title='bbox 360 4275 473 4336; x_wconf 81' lang='lat' dir='ltr'>vectes</span> <span class='ocrx_word' id='word_1_479' title='bbox 484 4277 619 4351; x_wconf 77' lang='lat' dir='ltr'>terreos</span> <span class='ocrx_word' id='word_1_480' title='bbox 630 4277 800 4351; x_wconf 68' lang='lat' dir='ltr'>metticptt</span> <span class='ocrx_word' id='word_1_481' title='bbox 812 4274 882 4355; x_wconf 87' lang='lat' dir='ltr'>(Ps.</span> <span class='ocrx_word' id='word_1_482' title='bbox 895 4279 965 4350; x_wconf 83' lang='grc'><strong>106,</strong></span> <span class='ocrx_word' id='word_1_483' title='bbox 1021 4279 1142 4341; x_wconf 84' lang='lat' dir='ltr'>animae</span> <span class='ocrx_word' id='word_1_484' title='bbox 1155 4268 1302 4338; x_wconf 81' lang='lat' dir='ltr'>fidelium</span> <span class='ocrx_word' id='word_1_485' title='bbox 1321 4273 1630 4346; x_wconf 70' lang='lat' dir='ltr'>defensionemve</span> <span class='ocrx_word' id='word_1_486' title='bbox 1650 4274 1819 4351; x_wconf 58' lang='lat' dir='ltr'>ligantum</span> 
     </span>
     <span class='ocr_line' id='line_1_41' title="bbox 173 4365 1819 4455; baseline -0.001 -20"><span class='ocrx_word' id='word_1_487' title='bbox 173 4365 353 4455; x_wconf 86' lang='lat' dir='ltr'>16).Portae</span> <span class='ocrx_word' id='word_1_488' title='bbox 363 4372 878 4449; x_wconf 81' lang='lat' dir='ltr'>aereaedicunturvitiaerrorum,</span> <span class='ocrx_word' id='word_1_489' title='bbox 888 4375 965 4453; x_wconf 88' lang='lat' dir='ltr'>quia</span> <span class='ocrx_word' id='word_1_490' title='bbox 1020 4375 1074 4439; x_wconf 83' lang='lat' dir='ltr'>rel</span> <span class='ocrx_word' id='word_1_491' title='bbox 1089 4373 1233 4454; x_wconf 85' lang='lat' dir='ltr'>potestas</span> <span class='ocrx_word' id='word_1_492' title='bbox 1246 4368 1558 4435; x_wconf 84' lang='lat' dir='ltr'>excommunicandi</span> <span class='ocrx_word' id='word_1_493' title='bbox 1578 4373 1611 4433; x_wconf 92' lang='lat' dir='ltr'>et</span> <span class='ocrx_word' id='word_1_494' title='bbox 1621 4371 1819 4433; x_wconf 88' lang='lat' dir='ltr'>admittendi</span> 
     </span>
     <span class='ocr_line' id='line_1_42' title="bbox 170 4469 1824 4550; baseline -0.002 -16"><span class='ocrx_word' id='word_1_495' title='bbox 170 4472 257 4534; x_wconf 91' lang='lat' dir='ltr'>sicut</span> <span class='ocrx_word' id='word_1_496' title='bbox 269 4471 373 4550; x_wconf 83' lang='lat' dir='ltr'>portae</span> <span class='ocrx_word' id='word_1_497' title='bbox 382 4484 478 4532; x_wconf 81' lang='lat' dir='ltr'>aerea</span> <span class='ocrx_word' id='word_1_498' title='bbox 489 4469 580 4534; x_wconf 85' lang='lat' dir='ltr'>durae</span> <span class='ocrx_word' id='word_1_499' title='bbox 593 4470 721 4532; x_wconf 81' lang='lat' dir='ltr'>suntad</span> <span class='ocrx_word' id='word_1_500' title='bbox 734 4470 963 4549; x_wconf 82' lang='lat' dir='ltr'>inungendum,</span> <span class='ocrx_word' id='word_1_501' title='bbox 1020 4472 1062 4537; x_wconf 87' lang='lat' dir='ltr'>ad</span> <span class='ocrx_word' id='word_1_502' title='bbox 1074 4472 1350 4537; x_wconf 89' lang='lat' dir='ltr'>communionem.</span> <span class='ocrx_word' id='word_1_503' title='bbox 1367 4472 1414 4531; x_wconf 88' lang='lat' dir='ltr'>De</span> <span class='ocrx_word' id='word_1_504' title='bbox 1427 4469 1484 4531; x_wconf 84' lang='lat' dir='ltr'>his</span> <span class='ocrx_word' id='word_1_505' title='bbox 1495 4469 1646 4531; x_wconf 76' lang='lat' dir='ltr'>claribus</span> <span class='ocrx_word' id='word_1_506' title='bbox 1660 4470 1740 4530; x_wconf 87' lang='lat' dir='ltr'>dicit</span> <span class='ocrx_word' id='word_1_507' title='bbox 1752 4471 1824 4531; x_wconf 87' lang='lat' dir='ltr'>Do-</span> 
     </span>
     <span class='ocr_line' id='line_1_43' title="bbox 168 4561 1820 4648; baseline -0.004 -14"><span class='ocrx_word' id='word_1_508' title='bbox 168 4571 215 4634; x_wconf 86' lang='lat' dir='ltr'>ita</span> <span class='ocrx_word' id='word_1_509' title='bbox 234 4561 321 4633; x_wconf 84' lang='lat' dir='ltr'>vitia</span> <span class='ocrx_word' id='word_1_510' title='bbox 337 4584 488 4631; x_wconf 89' lang='lat' dir='ltr'>errorum</span> <span class='ocrx_word' id='word_1_511' title='bbox 509 4568 695 4632; x_wconf 85' lang='lat' dir='ltr'>inveterata</span> <span class='ocrx_word' id='word_1_512' title='bbox 716 4569 799 4630; x_wconf 88' lang='lat' dir='ltr'>dura</span> <span class='ocrx_word' id='word_1_513' title='bbox 821 4571 899 4632; x_wconf 87' lang='lat' dir='ltr'>sunt</span> <span class='ocrx_word' id='word_1_514' title='bbox 924 4572 964 4633; x_wconf 89' lang='lat' dir='ltr'>ad</span> <span class='ocrx_word' id='word_1_515' title='bbox 1021 4572 1131 4634; x_wconf 87' lang='lat' dir='ltr'>minus</span> <span class='ocrx_word' id='word_1_516' title='bbox 1143 4572 1178 4631; x_wconf 88' lang='lat' dir='ltr'>in</span> <span class='ocrx_word' id='word_1_517' title='bbox 1193 4567 1391 4648; x_wconf 78' lang='lat' dir='ltr'>Apocalypsi</span> <span class='ocrx_word' id='word_1_518' title='bbox 1406 4589 1414 4628; x_wconf 75' lang='grc' dir='ltr'><strong>ε</strong></span> <span class='ocrx_word' id='word_1_519' title='bbox 1430 4571 1548 4631; x_wconf 80' lang='lat' dir='ltr'>Habeo</span> <span class='ocrx_word' id='word_1_520' title='bbox 1568 4572 1681 4630; x_wconf 83' lang='lat' dir='ltr'>claues</span> <span class='ocrx_word' id='word_1_521' title='bbox 1693 4568 1820 4629; x_wconf 79' lang='lat' dir='ltr'>mortis</span> 
     </span>
     <span class='ocr_line' id='line_1_44' title="bbox 168 4663 1820 4755; baseline -0.002 -25"><span class='ocrx_word' id='word_1_522' title='bbox 168 4667 391 4755; x_wconf 84' lang='lat' dir='ltr'>superandum</span> <span class='ocrx_word' id='word_1_523' title='bbox 407 4667 440 4729; x_wconf 89' lang='lat' dir='ltr'>et</span> <span class='ocrx_word' id='word_1_524' title='bbox 455 4665 703 4744; x_wconf 76' lang='lat' dir='ltr'>removendum.</span> <span class='ocrx_word' id='word_1_525' title='bbox 721 4667 784 4728; x_wconf 88' lang='lat' dir='ltr'>Sed</span> <span class='ocrx_word' id='word_1_526' title='bbox 806 4668 965 4730; x_wconf 86' lang='lat' dir='ltr'>Dominus</span> <span class='ocrx_word' id='word_1_527' title='bbox 1019 4672 1054 4733; x_wconf 82' lang='lat' dir='ltr'>ct</span> <span class='ocrx_word' id='word_1_528' title='bbox 1074 4671 1204 4745; x_wconf 69' lang='lat' dir='ltr'>tulerat</span> <span class='ocrx_word' id='word_1_529' title='bbox 1224 4665 1338 4748; x_wconf 75' lang='lat' dir='ltr'>(apoc.</span> <span class='ocrx_word' id='word_1_530' title='bbox 1359 4682 1382 4738; x_wconf 90' lang='lat' dir='ltr'>r,</span> <span class='ocrx_word' id='word_1_531' title='bbox 1400 4663 1465 4744; x_wconf 86' lang='grc'><strong>18),</strong></span> <span class='ocrx_word' id='word_1_532' title='bbox 1488 4665 1590 4738; x_wconf 81' lang='lat' dir='ltr'>idest,</span> <span class='ocrx_word' id='word_1_533' title='bbox 1606 4682 1741 4743; x_wconf 89' lang='lat' dir='ltr'>possum</span> <span class='ocrx_word' id='word_1_534' title='bbox 1760 4666 1820 4727; x_wconf 88' lang='lat' dir='ltr'>in·</span> 
     </span>
     <span class='ocr_line' id='line_1_45' title="bbox 168 4762 1820 4844; baseline -0.001 -16"><span class='ocrx_word' id='word_1_535' title='bbox 168 4765 309 4828; x_wconf 88' lang='lat' dir='ltr'>conterit</span> <span class='ocrx_word' id='word_1_536' title='bbox 322 4766 436 4843; x_wconf 86' lang='lat' dir='ltr'>portas</span> <span class='ocrx_word' id='word_1_537' title='bbox 449 4779 566 4838; x_wconf 86' lang='lat' dir='ltr'>aereas,</span> <span class='ocrx_word' id='word_1_538' title='bbox 582 4765 714 4842; x_wconf 88' lang='lat' dir='ltr'>quando</span> <span class='ocrx_word' id='word_1_539' title='bbox 730 4764 872 4827; x_wconf 88' lang='lat' dir='ltr'>destruit</span> <span class='ocrx_word' id='word_1_540' title='bbox 881 4766 965 4829; x_wconf 81' lang='lat' dir='ltr'>vitia</span> <span class='ocrx_word' id='word_1_541' title='bbox 1020 4768 1150 4830; x_wconf 84' lang='lat' dir='ltr'>ternum</span> <span class='ocrx_word' id='word_1_542' title='bbox 1165 4767 1296 4844; x_wconf 87' lang='lat' dir='ltr'>aperire</span> <span class='ocrx_word' id='word_1_543' title='bbox 1317 4766 1350 4827; x_wconf 89' lang='lat' dir='ltr'>et</span> <span class='ocrx_word' id='word_1_544' title='bbox 1364 4764 1520 4826; x_wconf 88' lang='lat' dir='ltr'>claudere</span> <span class='ocrx_word' id='word_1_545' title='bbox 1534 4762 1653 4841; x_wconf 87' lang='lat' dir='ltr'>quihus</span> <span class='ocrx_word' id='word_1_546' title='bbox 1668 4764 1755 4835; x_wconf 86' lang='lat' dir='ltr'>volo,</span> <span class='ocrx_word' id='word_1_547' title='bbox 1782 4763 1820 4827; x_wconf 89' lang='lat' dir='ltr'>ut</span> 
     </span>
     <span class='ocr_line' id='line_1_46' title="bbox 168 4861 1818 4931; baseline -0.002 -6"><span class='ocrx_word' id='word_1_548' title='bbox 168 4879 319 4926; x_wconf 68' lang='lat' dir='ltr'>eteorum</span> <span class='ocrx_word' id='word_1_549' title='bbox 331 4863 365 4924; x_wconf 89' lang='lat' dir='ltr'>in</span> <span class='ocrx_word' id='word_1_550' title='bbox 376 4862 512 4925; x_wconf 87' lang='lat' dir='ltr'>homine</span> <span class='ocrx_word' id='word_1_551' title='bbox 525 4862 720 4926; x_wconf 83' lang='lat' dir='ltr'>inveterata.</span> <span class='ocrx_word' id='word_1_552' title='bbox 733 4864 852 4927; x_wconf 81' lang='lat' dir='ltr'>vectes</span> <span class='ocrx_word' id='word_1_553' title='bbox 863 4862 964 4925; x_wconf 84' lang='lat' dir='ltr'>ferrei</span> <span class='ocrx_word' id='word_1_554' title='bbox 1019 4865 1134 4931; x_wconf 83' lang='lat' dir='ltr'>nulius</span> <span class='ocrx_word' id='word_1_555' title='bbox 1147 4866 1248 4927; x_wconf 86' lang='lat' dir='ltr'>intret</span> <span class='ocrx_word' id='word_1_556' title='bbox 1262 4864 1390 4926; x_wconf 87' lang='lat' dir='ltr'>amicus</span> <span class='ocrx_word' id='word_1_557' title='bbox 1410 4863 1443 4925; x_wconf 88' lang='lat' dir='ltr'>et</span> <span class='ocrx_word' id='word_1_558' title='bbox 1461 4862 1573 4923; x_wconf 85' lang='lat' dir='ltr'>nullus</span> <span class='ocrx_word' id='word_1_559' title='bbox 1587 4864 1686 4927; x_wconf 78' lang='lat' dir='ltr'>exeat</span> <span class='ocrx_word' id='word_1_560' title='bbox 1699 4861 1818 4923; x_wconf 87' lang='lat' dir='ltr'>inimi·</span> 
     </span>
     <span class='ocr_line' id='line_1_47' title="bbox 168 4960 1247 5046; baseline 0.004 -24"><span class='ocrx_word' id='word_1_561' title='bbox 168 4960 571 5036; x_wconf 78' lang='lat' dir='ltr'>suntmalignacousilie,</span> <span class='ocrx_word' id='word_1_562' title='bbox 586 4962 790 5038; x_wconf 78' lang='lat' dir='ltr'>quosvectes</span> <span class='ocrx_word' id='word_1_563' title='bbox 805 4962 967 5026; x_wconf 88' lang='lat' dir='ltr'>Dominus</span> <span class='ocrx_word' id='word_1_564' title='bbox 1020 4981 1089 5030; x_wconf 87' lang='lat' dir='ltr'>cus.</span> <span class='ocrx_word' id='word_1_565' title='bbox 1242 5035 1247 5046; x_wconf 27' lang='grc' dir='ltr'>ι</span> 
     </span>
     <span class='ocr_line' id='line_1_48' title="bbox 167 5056 1821 5135; baseline -0.003 -13"><span class='ocrx_word' id='word_1_566' title='bbox 167 5058 357 5135; x_wconf 80' lang='lat' dir='ltr'>confringit,</span> <span class='ocrx_word' id='word_1_567' title='bbox 377 5058 509 5135; x_wconf 85' lang='lat' dir='ltr'>quando</span> <span class='ocrx_word' id='word_1_568' title='bbox 531 5058 672 5120; x_wconf 86' lang='lat' dir='ltr'>consilia</span> <span class='ocrx_word' id='word_1_569' title='bbox 694 5059 867 5123; x_wconf 86' lang='lat' dir='ltr'>homiuum</span> <span class='ocrx_word' id='word_1_570' title='bbox 889 5060 966 5122; x_wconf 90' lang='lat' dir='ltr'>des·</span> <span class='ocrx_word' id='word_1_571' title='bbox 1060 5062 1178 5124; x_wconf 79' lang='lat' dir='ltr'>Clavus</span> <span class='ocrx_word' id='word_1_572' title='bbox 1200 5058 1439 5122; x_wconf 86' lang='lat' dir='ltr'>elementorum</span> <span class='ocrx_word' id='word_1_573' title='bbox 1462 5060 1539 5123; x_wconf 89' lang='lat' dir='ltr'>sunt</span> <span class='ocrx_word' id='word_1_574' title='bbox 1557 5056 1701 5135; x_wconf 86' lang='lat' dir='ltr'>potestas</span> <span class='ocrx_word' id='word_1_575' title='bbox 1723 5057 1821 5118; x_wconf 82' lang='lat' dir='ltr'>clau-</span> 
     </span>
     <span class='ocr_line' id='line_1_49' title="bbox 167 5155 1817 5240; baseline -0.004 -19"><span class='ocrx_word' id='word_1_576' title='bbox 167 5158 260 5232; x_wconf 88' lang='lat' dir='ltr'>truit,</span> <span class='ocrx_word' id='word_1_577' title='bbox 277 5173 319 5221; x_wconf 91' lang='lat' dir='ltr'>ne</span> <span class='ocrx_word' id='word_1_578' title='bbox 334 5156 486 5219; x_wconf 88' lang='lat' dir='ltr'>homines</span> <span class='ocrx_word' id='word_1_579' title='bbox 500 5156 630 5236; x_wconf 85' lang='lat' dir='ltr'>possint</span> <span class='ocrx_word' id='word_1_580' title='bbox 642 5156 781 5235; x_wconf 89' lang='lat' dir='ltr'>implere</span> <span class='ocrx_word' id='word_1_581' title='bbox 801 5158 888 5239; x_wconf 92' lang='lat' dir='ltr'>quod</span> <span class='ocrx_word' id='word_1_582' title='bbox 907 5174 967 5221; x_wconf 87' lang='lat' dir='ltr'>co-</span> <span class='ocrx_word' id='word_1_583' title='bbox 1020 5159 1118 5224; x_wconf 91' lang='lat' dir='ltr'>dendi</span> <span class='ocrx_word' id='word_1_584' title='bbox 1133 5158 1307 5240; x_wconf 83' lang='lat' dir='ltr'>elementa,</span> <span class='ocrx_word' id='word_1_585' title='bbox 1323 5155 1410 5218; x_wconf 88' lang='lat' dir='ltr'>sicut</span> <span class='ocrx_word' id='word_1_586' title='bbox 1424 5156 1501 5217; x_wconf 89' lang='lat' dir='ltr'>sunt</span> <span class='ocrx_word' id='word_1_587' title='bbox 1511 5156 1655 5233; x_wconf 85' lang='lat' dir='ltr'>quatuor</span> <span class='ocrx_word' id='word_1_588' title='bbox 1667 5156 1817 5232; x_wconf 85' lang='lat' dir='ltr'>tempora</span> 
     </span>
     <span class='ocr_line' id='line_1_50' title="bbox 167 5252 1818 5334; baseline -0.003 -17"><span class='ocrx_word' id='word_1_589' title='bbox 167 5256 283 5334; x_wconf 76' lang='lat' dir='ltr'>gitant.</span> <span class='ocrx_word' id='word_1_590' title='bbox 300 5254 395 5318; x_wconf 90' lang='lat' dir='ltr'>Unde</span> <span class='ocrx_word' id='word_1_591' title='bbox 408 5255 490 5317; x_wconf 83' lang='lat' dir='ltr'>tob:</span> <span class='ocrx_word' id='word_1_592' title='bbox 508 5258 572 5322; x_wconf 81' lang='lat' dir='ltr'>Qut</span> <span class='ocrx_word' id='word_1_593' title='bbox 585 5257 731 5330; x_wconf 78' lang='lat' dir='ltr'>dissipat</span> <span class='ocrx_word' id='word_1_594' title='bbox 741 5258 965 5333; x_wconf 79' lang='lat' dir='ltr'>copttuttoucs</span> <span class='ocrx_word' id='word_1_595' title='bbox 1020 5260 1111 5329; x_wconf 88' lang='lat' dir='ltr'>anni,</span> <span class='ocrx_word' id='word_1_596' title='bbox 1134 5272 1204 5330; x_wconf 78' lang='lat' dir='ltr'>ter,</span> <span class='ocrx_word' id='word_1_597' title='bbox 1233 5256 1343 5328; x_wconf 84' lang='lat' dir='ltr'>aestas,</span> <span class='ocrx_word' id='word_1_598' title='bbox 1370 5253 1548 5316; x_wconf 84' lang='lat' dir='ltr'>autumnus</span> <span class='ocrx_word' id='word_1_599' title='bbox 1570 5252 1603 5315; x_wconf 85' lang='lat' dir='ltr'>et</span> <span class='ocrx_word' id='word_1_600' title='bbox 1631 5252 1748 5325; x_wconf 84' lang='lat' dir='ltr'>hiems,</span> <span class='ocrx_word' id='word_1_601' title='bbox 1774 5267 1818 5312; x_wconf 89' lang='lat' dir='ltr'>ne</span> 
     </span>
     <span class='ocr_line' id='line_1_51' title="bbox 167 5348 1817 5436; baseline -0.002 -21"><span class='ocrx_word' id='word_1_602' title='bbox 167 5358 410 5431; x_wconf 69' lang='lat' dir='ltr'>noetianorum,</span> <span class='ocrx_word' id='word_1_603' title='bbox 439 5369 483 5415; x_wconf 86' lang='lat' dir='ltr'>ue</span> <span class='ocrx_word' id='word_1_604' title='bbox 508 5355 644 5429; x_wconf 76' lang='lat' dir='ltr'>possint</span> <span class='ocrx_word' id='word_1_605' title='bbox 670 5357 815 5429; x_wconf 72' lang='lat' dir='ltr'>implere</span> <span class='ocrx_word' id='word_1_606' title='bbox 839 5368 965 5417; x_wconf 76' lang='lat' dir='ltr'>ucuutcs</span> <span class='ocrx_word' id='word_1_607' title='bbox 1020 5355 1179 5436; x_wconf 82' lang='lat' dir='ltr'>praestent</span> <span class='ocrx_word' id='word_1_608' title='bbox 1202 5348 1401 5419; x_wconf 82' lang='lat' dir='ltr'>beneficium</span> <span class='ocrx_word' id='word_1_609' title='bbox 1425 5350 1584 5428; x_wconf 75' lang='lat' dir='ltr'>indignis,</span> <span class='ocrx_word' id='word_1_610' title='bbox 1607 5352 1640 5413; x_wconf 86' lang='lat' dir='ltr'>et</span> <span class='ocrx_word' id='word_1_611' title='bbox 1672 5348 1817 5428; x_wconf 87' lang='lat' dir='ltr'>potestas</span> 
     </span>
     <span class='ocr_line' id='line_1_52' title="bbox 168 5448 1814 5534; baseline -0.004 -19"><span class='ocrx_word' id='word_1_612' title='bbox 168 5468 290 5515; x_wconf 80' lang='lat' dir='ltr'>eorum</span> <span class='ocrx_word' id='word_1_613' title='bbox 301 5456 389 5526; x_wconf 75' lang='lat' dir='ltr'>duod</span> <span class='ocrx_word' id='word_1_614' title='bbox 400 5452 577 5527; x_wconf 75' lang='lat' dir='ltr'>cuperant</span> <span class='ocrx_word' id='word_1_615' title='bbox 591 5450 678 5531; x_wconf 81' lang='lat' dir='ltr'>(tob.</span> <span class='ocrx_word' id='word_1_616' title='bbox 694 5468 725 5524; x_wconf 83' lang='lat' dir='ltr'>r,</span> <span class='ocrx_word' id='word_1_617' title='bbox 741 5452 803 5531; x_wconf 84' lang='grc'><strong>12).</strong></span> <span class='ocrx_word' id='word_1_618' title='bbox 1020 5452 1202 5534; x_wconf 88' lang='lat' dir='ltr'>aperiendi,</span> <span class='ocrx_word' id='word_1_619' title='bbox 1239 5450 1275 5513; x_wconf 92' lang='lat' dir='ltr'>ut</span> <span class='ocrx_word' id='word_1_620' title='bbox 1309 5450 1469 5528; x_wconf 76' lang='lat' dir='ltr'>praestent</span> <span class='ocrx_word' id='word_1_621' title='bbox 1500 5448 1663 5511; x_wconf 81' lang='lat' dir='ltr'>beneticia</span> <span class='ocrx_word' id='word_1_622' title='bbox 1692 5448 1814 5524; x_wconf 82' lang='lat' dir='ltr'>dignis.</span> 
     </span>
     <span class='ocr_line' id='line_1_53' title="bbox 208 5546 1818 5627; baseline -0.003 -16"><span class='ocrx_word' id='word_1_623' title='bbox 208 5549 332 5611; x_wconf 80' lang='lat' dir='ltr'>Inferni</span> <span class='ocrx_word' id='word_1_624' title='bbox 353 5550 498 5612; x_wconf 89' lang='lat' dir='ltr'>claustra</span> <span class='ocrx_word' id='word_1_625' title='bbox 526 5550 683 5613; x_wconf 88' lang='lat' dir='ltr'>dicuntur</span> <span class='ocrx_word' id='word_1_626' title='bbox 704 5549 808 5627; x_wconf 82' lang='lat' dir='ltr'>porta</span> <span class='ocrx_word' id='word_1_627' title='bbox 835 5552 962 5625; x_wconf 78' lang='lat' dir='ltr'>mortis,</span> <span class='ocrx_word' id='word_1_628' title='bbox 1021 5553 1115 5617; x_wconf 87' lang='lat' dir='ltr'>Unde</span> <span class='ocrx_word' id='word_1_629' title='bbox 1127 5551 1248 5614; x_wconf 89' lang='lat' dir='ltr'>dicitur</span> <span class='ocrx_word' id='word_1_630' title='bbox 1259 5550 1295 5610; x_wconf 89' lang='lat' dir='ltr'>iu</span> <span class='ocrx_word' id='word_1_631' title='bbox 1307 5548 1506 5626; x_wconf 80' lang='lat' dir='ltr'>Apocalypsi</span> <span class='ocrx_word' id='word_1_632' title='bbox 1519 5547 1560 5609; x_wconf 90' lang='lat' dir='ltr'>de</span> <span class='ocrx_word' id='word_1_633' title='bbox 1572 5547 1706 5619; x_wconf 57' lang='lat' dir='ltr'>,Sanctis</span> <span class='ocrx_word' id='word_1_634' title='bbox 1721 5568 1728 5606; x_wconf 92' lang='lat'>:</span> <span class='ocrx_word' id='word_1_635' title='bbox 1743 5563 1762 5606; x_wconf 76' lang='lat' dir='ltr'>c</span> <span class='ocrx_word' id='word_1_636' title='bbox 1775 5546 1818 5607; x_wconf 93' lang='lat' dir='ltr'>Hi</span> 
     </span>
     <span class='ocr_line' id='line_1_54' title="bbox 166 5644 1817 5733; baseline -0.002 -24"><span class='ocrx_word' id='word_1_637' title='bbox 166 5649 245 5733; x_wconf 75' lang='lat' dir='ltr'>quia</span> <span class='ocrx_word' id='word_1_638' title='bbox 264 5664 324 5726; x_wconf 88' lang='lat' dir='ltr'>per</span> <span class='ocrx_word' id='word_1_639' title='bbox 338 5663 377 5708; x_wconf 89' lang='lat' dir='ltr'>ea</span> <span class='ocrx_word' id='word_1_640' title='bbox 396 5648 517 5711; x_wconf 86' lang='lat' dir='ltr'>animae</span> <span class='ocrx_word' id='word_1_641' title='bbox 534 5648 742 5712; x_wconf 89' lang='lat' dir='ltr'>deducuntur</span> <span class='ocrx_word' id='word_1_642' title='bbox 762 5651 804 5712; x_wconf 89' lang='lat' dir='ltr'>ad</span> <span class='ocrx_word' id='word_1_643' title='bbox 825 5650 962 5723; x_wconf 82' lang='lat' dir='ltr'>interos,</span> <span class='ocrx_word' id='word_1_644' title='bbox 1019 5668 1037 5715; x_wconf 71' lang='lat' dir='ltr'>u</span> <span class='ocrx_word' id='word_1_645' title='bbox 1058 5650 1182 5713; x_wconf 88' lang='lat' dir='ltr'>habeut</span> <span class='ocrx_word' id='word_1_646' title='bbox 1207 5648 1405 5726; x_wconf 85' lang='lat' dir='ltr'>potestatem</span> <span class='ocrx_word' id='word_1_647' title='bbox 1428 5645 1604 5708; x_wconf 89' lang='lat' dir='ltr'>claudendi</span> <span class='ocrx_word' id='word_1_648' title='bbox 1628 5644 1747 5707; x_wconf 88' lang='lat' dir='ltr'>coelum</span> <span class='ocrx_word' id='word_1_649' title='bbox 1774 5661 1817 5706; x_wconf 83' lang='lat' dir='ltr'>ne</span> 
     </span>
     <span class='ocr_line' id='line_1_55' title="bbox 167 5740 1819 5833; baseline -0.002 -22"><span class='ocrx_word' id='word_1_650' title='bbox 167 5748 201 5814; x_wconf 86' lang='lat' dir='ltr'>et</span> <span class='ocrx_word' id='word_1_651' title='bbox 214 5745 427 5811; x_wconf 83' lang='lat' dir='ltr'>coarctantur</span> <span class='ocrx_word' id='word_1_652' title='bbox 451 5745 487 5810; x_wconf 88' lang='lat' dir='ltr'>in</span> <span class='ocrx_word' id='word_1_653' title='bbox 508 5746 730 5812; x_wconf 83' lang='lat' dir='ltr'>infernalibus</span> <span class='ocrx_word' id='word_1_654' title='bbox 750 5747 843 5813; x_wconf 86' lang='lat' dir='ltr'>locis.</span> <span class='ocrx_word' id='word_1_655' title='bbox 871 5748 964 5813; x_wconf 89' lang='lat' dir='ltr'>Unde</span> <span class='ocrx_word' id='word_1_656' title='bbox 1002 5766 1037 5814; x_wconf 74' lang='lat'>¹«</span> <span class='ocrx_word' id='word_1_657' title='bbox 1058 5750 1151 5833; x_wconf 88' lang='lat' dir='ltr'>pluat</span> <span class='ocrx_word' id='word_1_658' title='bbox 1170 5746 1288 5812; x_wconf 88' lang='lat' dir='ltr'>diebus</span> <span class='ocrx_word' id='word_1_659' title='bbox 1313 5740 1498 5827; x_wconf 79' lang='lat' dir='ltr'>prephetia</span> <span class='ocrx_word' id='word_1_660' title='bbox 1515 5745 1675 5826; x_wconf 83' lang='lat' dir='ltr'>ipsorum,</span> <span class='ocrx_word' id='word_1_661' title='bbox 1699 5745 1732 5810; x_wconf 88' lang='lat' dir='ltr'>et</span> <span class='ocrx_word' id='word_1_662' title='bbox 1755 5758 1819 5825; x_wconf 84' lang='lat' dir='ltr'>po·</span> 
     </span>
    </p>
   </div>
   <div class='ocr_carea' id='block_1_5' title="bbox 0 0 1988 6200">
    <p class='ocr_par' dir='ltr' id='par_1_6' title="bbox 0 0 1988 6200">
     <span class='ocr_line' id='line_1_56' title="bbox 0 0 1988 6200; baseline 0 0"><span class='ocrx_word' id='word_1_663' title='bbox 0 0 1988 6200; x_wconf 95' lang='lat' dir='ltr'> </span> 
     </span>
    </p>
   </div>
  </div>
 </body>
</html>
