3946 6196
95 282 154 350 '433

95 449 180 511 ilinc
208 453 271 522 est,
293 450 380 529 quod
405 468 466 530 pro
490 453 611 519 dilecto
631 454 701 519 lilio
719 459 758 520 R.
775 459 896 522 clerico

94 547 208 609 dilecti
220 548 282 610 lilii
294 551 400 613 nostri
411 553 450 614 R.
461 554 568 615 sancti
579 554 785 632 Stephaniin
795 560 897 621 Coelio

93 649 207 708 monte
234 647 422 727 presbyteri
443 650 625 712 cardinalis
648 653 896 717 universitatem

92 746 241 805 vestram
256 760 414 822 rogamus
439 747 473 808 et
488 764 671 822 monemus,
697 752 730 813 el
744 752 898 815 exhorta·

93 857 169 902 mur
194 842 332 915 attente,
358 860 417 920 per
443 845 635 922 apostolica
658 847 751 910 vobis
773 851 896 927 scripta

93 938 304 1009 mandantes,
321 941 484 1018 quatenus
500 941 541 1004 ob
555 945 775 1007 reverentiam
791 951 898 1024 Apos-

92 1035 204 1097 tolicae
222 1036 318 1097 Sedis
338 1038 370 1099 et
384 1041 542 1112 nostram,
562 1040 671 1117 ipsum
685 1041 726 1102 ad
740 1043 896 1119 praeben-

94 1132 181 1204 dam,
196 1134 227 1193 si
240 1150 304 1212 qua
315 1134 350 1194 in
365 1135 508 1199 ecclesia
522 1138 633 1200 vestra
645 1140 742 1201 vacat
754 1139 795 1200 ad
810 1157 899 1219 prae·

94 1246 182 1303 sens,
214 1231 250 1291 iu
284 1234 430 1294 vestrum
464 1233 600 1296 fratrem
634 1237 667 1298 el
700 1238 896 1300 canonicum

93 1327 290 1400 admittatis,
316 1329 380 1390 sibi
409 1330 543 1393 stallum
566 1333 600 1393 in
624 1333 727 1395 choro
742 1335 775 1397 et
789 1335 897 1397 locum

93 1425 127 1485 in
139 1426 290 1502 capitulo
307 1427 529 1504 assignantes.
544 1430 699 1509 Alioquin
711 1432 817 1509 primo
832 1450 896 1497 va-

94 1523 245 1584 caturam
260 1523 383 1585 ibidem
394 1523 565 1589 donationi
577 1529 776 1606 Apostolicae
790 1547 898 1593 reser-

93 1636 211 1681 vamus
235 1636 389 1699 personae
409 1622 539 1686 idoneae
564 1626 811 1688 conserendam.
827 1631 896 1690 De-

9 1790 10 1801 *
94 1718 269 1779 cernentes
291 1719 423 1781 irritum
444 1724 478 1783 el
500 1722 602 1784 inane
624 1724 652 1785 si
675 1725 754 1802 quid
768 1726 807 1786 de
824 1727 896 1803 ipsa

95 1817 214 1893 praeter
238 1816 431 1879 mandatum
457 1822 606 1881 nostrum
630 1820 731 1885 fuerit
751 1823 897 1885 attenta·

93 1914 170 1973 tum.
195 1914 317 1975 Datum
346 1916 517 1991 Anagniae,
539 1920 599 1979 XV
620 1918 781 1982 kalendae
803 1921 893 1998 julii,

94 2010 305 2088 pontificatus
317 2013 422 2075 nostri
433 2029 520 2075 anno
533 2015 651 2091 prime.

131 2162 299 2238 Scriptum
321 2165 371 2225 est
393 2180 494 2242 super
514 2165 578 2227 hoc
594 2167 846 2245 archiepiscopo
862 2175 895 2236 el

94 2258 194 2333 priori
221 2260 263 2320 de
288 2262 400 2323 Monte
427 2264 661 2339 leprosorum,
686 2266 720 2327 et
733 2266 894 2342 magistro

94 2356 144 2414 W.
164 2356 297 2418 Osselin
319 2360 481 2421 canonico
497 2359 737 2438 Rolh'omagen.
753 2365 789 2425 ut
804 2364 894 2441 epis-

96 2467 210 2529 copum
239 2457 273 2516 et
300 2455 482 2533 capitulum
508 2457 549 2518 de
577 2459 640 2520 boc
665 2461 832 2533 moneant,
860 2460 894 2523 et

96 2549 266 2614 inducant.
827 2586 843 2623 u

390 2715 590 2804 CCGXLII

96 2863 145 2922 Ad
167 2865 338 2925 loannem
361 2865 516 2929 abactam
543 2868 748 2929 monasterti
771 2870 914 2931 Stablo-⁴

424 2967 547 3026 oense.

383 3084 420 3143 ro
430 3083 504 3158 iuno
517 3087 597 3144 1217.

10 3218 12 3267 p
144 3195 281 3259 [liverani
293 3197 453 3262 Spicilegium
465 3199 638 3259 Liberianum,
653 3216 679 3265 p.
693 3201 751 3261 tlt,
764 3215 792 3254 n.
807 3202 844 3268 2]

96 3300 253 3359 llonasterli
270 3303 453 3363 sublacensis
477 3307 663 3380 patrocinium
682 3307 802 3381 suscipit
816 3308 891 3383 ejus·

124 3405 177 3462 que
196 3393 396 3463 possessiones
410 3394 524 3452 acbouu
535 3396 657 3470 propriis
671 3396 731 3454 sub
744 3397 892 3455 vocabulis

10 3500 11 3567 ζ
125 3475 170 3561 bic
184 3480 291 3537 luserta
306 3480 467 3539 confirmat.

10 3580 12 3649 ἶ
129 3604 889 3683 Honoriusepiscopus,servusservorumbei,

94 3697 217 3762 dilectis
232 3701 313 3763 tiliis
336 3704 458 3765 loanni
478 3703 589 3767 abbati
609 3706 804 3768 monasterii
821 3709 889 3768 Su·

735 299 963 364 EPISTOLAE.
988 307 1067 368 LlB.
1092 309 1115 369 1.

1692 320 1752 381 tat

951 465 1008 543 qul
1038 467 1220 530 secundum
1255 472 1370 543 Deum,
1407 473 1440 536 et
1467 473 1557 537 beatl
1579 476 1752 542 Benedicti

951 566 1101 639 regulam
1116 566 1150 627 in
1166 568 1280 629 eodem
1300 572 1502 634 monasterio
1525 574 1675 637 noscitur
1693 575 1751 637 ln·

951 661 1096 735 stitutus,
1122 666 1291 742 perpetuis
1319 666 1442 729 ibidem
1469 671 1676 747 temporibus
1692 674 1750 735 in-

950 759 1154 823 violabiliter
1168 762 1374 826 observetur.

991 858 1157 920 Praeterea
1174 876 1399 940 quascumque
1412 866 1651 940 possessiones,
1665 884 1752 946 quae·

951 968 1090 1031 cumque
1100 955 1187 1018 bona
1203 958 1289 1019 idem
1307 963 1543 1025 monasterium
1555 965 1589 1025 in
1602 981 1752 1042 praesen-

950 1051 1031 1113 tiam
1042 1054 1144 1131 Jusle,
1164 1056 1198 1117 et
1213 1058 1374 1119 canonice
1393 1060 1549 1136 possidet,
1571 1064 1678 1125 autin
1693 1063 1750 1125 fu-

950 1150 1061 1210 turum
1089 1154 1304 1216 concessione
1329 1157 1541 1233 pontificum,
1571 1159 1751 1237 largitione

950 1262 1078 1323 regum,
1103 1249 1156 1311 vel
1177 1250 1376 1330 principum,
1401 1255 1569 1319 oblatione
1588 1257 1747 1333 fidelium,
1847 1310 1849 1313 .

951 1360 1010 1406 seu
1035 1345 1112 1407 aliis
1123 1349 1223 1424 justis
1248 1351 1365 1423 modis,
1391 1356 1570 1429 praestante
1597 1357 1747 1431 Domino,

950 1443 1072 1519 poterit
1084 1445 1236 1522 adipisci,
1252 1446 1347 1509 firma
1365 1450 1460 1512 vobis
1473 1453 1659 1532 vestrisque
1668 1470 1749 1516 suc-

951 1540 1138 1603 caesoribus
1161 1543 1289 1607 illibata
1317 1551 1545 1623 permaneant,
1570 1550 1605 1611 iu
1630 1551 1749 1629 quibus

949 1636 1022 1699 baec
1036 1640 1181 1715 propriis
1196 1641 1351 1704 duximus
1371 1647 1587 1723 exprimenda
1601 1648 1749 1710 vocabu-

949 1734 992 1796 lis
1008 1758 1016 1795 :
1038 1739 1161 1798 Locum
1176 1739 1284 1816 ipsum
1299 1741 1335 1803 in
1347 1759 1413 1819 quo
1427 1744 1600 1820 praefatum
1616 1762 1752 1808 monas-

948 1833 1069 1895 terium
1091 1835 1190 1897 situm
1205 1838 1266 1907 est,
1283 1855 1356 1900 oum
1372 1840 1525 1903 omnibus
1540 1843 1748 1919 pertinentiis

949 1932 1030 1992 suis.
1046 1935 1186 2011 Specum
1199 1935 1233 1996 in
1257 1953 1322 2014 quo
1340 1937 1457 2001 beatus
1480 1940 1690 2013 Benedictus,
1713 1943 1749 2003 in

949 2045 1018 2091 suae
1053 2033 1282 2094 conversionis
1315 2036 1453 2098 exordio
1479 2037 1642 2101 habitavit
1672 2055 1747 2101 cum

948 2128 1121 2205 adjacente
1135 2131 1241 2206 sylva,
1257 2131 1291 2193 et
1304 2136 1416 2195 monte
1435 2135 1503 2197 toto
1518 2135 1747 2209 circumcirca,

948 2225 981 2286 et
993 2242 1066 2287 cunr
1078 2227 1231 2289 omnibus
1249 2228 1370 2293 finibus
1384 2232 1443 2294 aut
1457 2222 1666 2310 pertinentiis
1681 2250 1747 2295 an-

947 2324 1086 2402 tiquitus
1111 2327 1318 2401 constitutis;
1343 2330 1376 2391 et
1406 2328 1467 2391 sub
1496 2330 1613 2393 eodem
1646 2347 1748 2408 specu

948 2421 1068 2495 lacum,
1083 2424 1154 2485 slve
1173 2425 1310 2487 fluvium
1329 2443 1372 2488 ex
1393 2442 1433 2489 eo
1448 2428 1691 2504 procedentem.
1711 2433 1748 2491 ln

947 2519 1067 2597 quibus
1079 2522 1237 2586 videlicet
1248 2525 1344 2601 aquis
1359 2526 1495 2599 nemini,
1512 2527 1633 2603 praeter
1645 2526 1750 2590 abba·

946 2618 990 2679 tis
1010 2619 1043 2679 et
1056 2618 1195 2682 fratrum
1214 2620 1432 2695 voluntatem,
1455 2623 1513 2686 aut
1536 2624 1670 2701 piscari,
1691 2626 1749 2687 aut

948 2715 1173 2779 molendinum
1183 2718 1350 2782 aedificare
1361 2720 1571 2797 liceatusque
1581 2721 1621 2782 ad
1631 2738 1746 2784 arcum

946 2813 1004 2890 qui
1032 2813 1154 2877 dicitur
1177 2816 1219 2878 de
1243 2818 1390 2879 Ferrata.
1407 2820 1454 2879 De
1476 2820 1595 2880 Forma
1617 2835 1748 2897 quoque

946 2912 1093 2988 antiqua,
1118 2928 1192 2990 quae
1215 2914 1306 2976 ducit
1332 2930 1451 2992 aquam
1474 2916 1516 2978 de
1546 2916 1682 2979 flumine
1705 2917 1747 2979 ad

946 3008 1074 3085 plebem
1102 3011 1215 3073 Sancti
1239 3013 1421 3086 Laurentii,
1446 3015 1480 3077 et
1505 3015 1546 3076 de
1566 3030 1654 3093 aqua
1673 3031 1746 3093 quae

946 3110 1085 3170 vocatur
1103 3111 1255 3184 augusta,
1277 3112 1403 3173 nemini
1418 3112 1528 3185 liceat,
1548 3116 1669 3190 praeter
1685 3130 1747 3176 vo·

945 3204 1107 3268 luntatem
1140 3209 1307 3280 vestram,
1339 3225 1459 3287 aquam
1492 3209 1644 3284 deviare,
1678 3212 1747 3275 nisi

945 3304 1104 3380 quantum
1130 3305 1275 3368 sufficiat
1304 3307 1410 3369 bortis
1437 3308 1604 3386 rigandis,
1632 3310 1665 3373 et
1687 3326 1746 3371 re·

945 3401 1065 3478 pleudo
1082 3401 1205 3464 iontem
1224 3403 1433 3479 baptismatis
1446 3405 1482 3467 in
1499 3407 1614 3467 eadem
1634 3407 1746 3468 eccle-

945 3498 1006 3567 sia,
1021 3514 1082 3560 nec
1099 3515 1195 3577 aquae
1212 3500 1332 3563 molam
1346 3503 1521 3580 quisquam
1534 3504 1607 3564 illio
1625 3507 1747 3581 praeter

944 3598 1090 3659 vestram
1124 3598 1329 3661 voluntalem
1366 3599 1533 3662 aediticare
1566 3604 1746 3679 praesumat

944 3695 1101 3773 usquein
1121 3697 1316 3772 praedictum
1337 3713 1453 3759 arcum
1474 3697 1515 3760 de
1534 3699 1682 3762 Ferrata
1708 3700 1747 3762 Si

10 3824 11 3827 ¹
94 3793 253 3859 blacensis
268 3800 890 3880 ejusqueb·atribus,tampraesentlbus
944 3793 1018 3870 quis
1052 3808 1132 3855 V0P0
1160 3794 1260 3856 aliter
1294 3796 1417 3871 ederit,
1444 3795 1554 3858 bandO
1584 3800 1745 3861 Romanas

94 3909 186 3968 quam
212 3895 335 3959 tuturis
359 3899 547 3975 regularem
561 3900 664 3963 vitam
677 3900 838 3977 professis
855 3901 890 3964 in
943 3890 1045 3953 Guriae
1071 3890 1306 3968 distringatur,
1334 3895 1428 3971 cujus
1454 3891 1555 3954 bandi
1583 3894 1745 3956 medietas

10 3968 12 4003 ²
95 3995 295 4069 perpetuum.
944 4004 1039 4051 sacro
1068 3990 1182 4051 nostro
1220 3989 1355 4067 palatio,
1385 3990 1552 4053 etaltera
1584 3991 1745 4054 medietas

130 4093 286 4162 Quamvis
297 4092 531 4156 universarum
544 4094 762 4157 ecclesiarum
773 4112 887 4158 curam
943 4086 1049 4148 eidem
1058 4088 1261 4150 1110¹¹³St0li⁰
1274 4088 1492 4165 PONOlvatlll·
1503 4090 1744 4153 &infirmamus

94 4202 130 4247 ex
143 4188 254 4251 officio
276 4191 439 4267 suseeptae
455 4191 755 4255 administrationis
772 4209 889 4271 gerere
943 4185 1044 4247 etiam
1058 4184 1164 4258 vobis,
1180 4186 1214 4249 et
1227 4188 1338 4249 vestro
1353 4187 1555 4250 monasterio
1569 4189 1744 4252 castellum

95 4284 422 4363 teneamur3illarum
434 4289 546 4351 amen
559 4307 632 4368 quae
646 4291 688 4352 ad
705 4294 887 4354 Romanam
943 4283 1029 4369 lilwd
1053 4283 1213 4345 sublacus
1232 4284 1364 4356 dicitur,
1391 4300 1466 4347 cnm
1494 4286 1649 4349 omnibus
1672 4288 1744 4350 suis

94 4382 282 4456 Ecclesiam,
299 4384 393 4449 nullo
410 4387 588 4460 mediante,
610 4388 802 4465 respiciunt,
819 4388 890 4451 sol·
943 4381 1133 4459 pertinent·
1156 4428 1165 4456 ,
1182 4383 1605 4460 sicutapraedecessoribus
1618 4387 1744 4449 nostris

92 4476 291 4544 liciludinem
305 4483 428 4546 babere
442 4500 503 4546 nos
519 4486 677 4549 convenit
690 4488 886 4564 specialem
942 4481 1073 4543 constat
1093 4496 1169 4544 0³³0
1192 4498 1397 4555 0011008811111,
1419 4500 1495 4547 cum
1516 4484 1695 4558 montibus,
1710 4488 1745 4548 θῐ

92 4578 121 4639 ct
144 4595 259 4641 aarum
285 4582 359 4658 paci
375 4584 409 4644 el
426 4583 674 4660 tranquillitati,
699 4585 888 4647 auxiliante
941 4578 1094 4652 collibus,
1124 4579 1236 4643 lundis
1262 4582 1295 4642 et
1322 4582 1491 4643 casalibus
1512 4583 1582 4644 suis
1608 4582 1742 4643 etcum

92 4675 234 4750 Domino,
265 4678 451 4754 providere.
481 4682 681 4758 Eapropter,
710 4680 826 4744 dilecti
853 4683 888 4744 in
941 4676 1095 4738 omuibus
1110 4678 1273 4752 ecclesiis,
1284 4679 1318 4740 et
1331 4679 1430 4741 rebus
1445 4679 1487 4740 ad
1499 4694 1557 4740 eas
1569 4679 1742 4755 generali-

91 4772 223 4837 Domino
245 4776 318 4847 lilii,
335 4777 455 4839 vestris
479 4778 580 4856 justis
607 4778 887 4856 postulationibus
941 4775 1106 4837 taretin
1129 4775 1294 4852 integrum
1318 4775 1573 4853 pertinentibus.
1590 4774 1743 4840 Fundum

90 4868 261 4935 clementer
284 4874 478 4947 annuimus,
507 4877 540 4936 et
565 4875 741 4953 prelatum
764 4876 887 4939 Subla·
941 4875 1085 4950 canalis,
1102 4875 1240 4938 fundum
1255 4880 1379 4938 Genua
1394 4878 1561 4954 integrum
1577 4893 1651 4939 cum
1666 4892 1740 4956 per·

92 4980 182 5030 censa
197 4971 447 5045 monasterium,
462 4973 549 5050 ¹‹puod
567 4974 610 5035 ad
628 4976 812 5036 itomanam
828 4991 886 5038 ec-
940 4973 1091 5036 tinentiis
1110 4974 1192 5046 suis,
1214 4972 1353 5035 fundum
1367 4976 1550 5037 Fraxinum
1573 4992 1647 5037 cum
1670 4992 1743 5070 911¹ss

91 5063 231 5139 alesiam,
259 5068 352 5130 nullo
376 5070 554 5139 mediante,
580 5072 734 5149 pertinet,
761 5074 797 5137 in
823 5089 886 5151 quo
939 5069 1038 5131 nibus
1053 5069 1125 5131 suis
1138 5070 1404 5148 pertinentiiset
1416 5072 1526 5135 locum
1537 5073 1594 5152 qui
1604 5076 1743 5137 vocatur

90 5159 196 5225 divino
220 5166 301 5228 estis
317 5165 475 5244 obsequio
499 5170 690 5246 mancipati,
707 5169 750 5232 ad
766 5185 885 5233 exem·
940 5167 1059 5239 Fundi,
1085 5167 1172 5232 sicut
1195 5168 1388 5232 extenditur
1414 5186 1520 5248 usque
1543 5171 1585 5233 ad
1611 5173 1740 5248 petram

89 5256 157 5332 plar
169 5263 718 5330 seticisrecordationisclemenlis
731 5284 825 5345 papae
840 5270 886 5330 111
938 5265 1162 5342 imperatoris,
1187 5266 1221 5329 et
1236 5266 1329 5329 vadit
1348 5267 1384 5329 in
1405 5270 1550 5330 montem
1569 5268 1626 5346 qui
1645 5282 1742 5330 voca·

12 5384 14 5439 ;
89 5358 337 5429 praedecessoris
361 5363 478 5435 nostri,
509 5363 571 5425 sub
593 5363 682 5426 beati
711 5366 820 5438 Petri,
851 5368 886 5429 et
939 5363 994 5424 tur
1006 5363 1155 5432 Pionica,
1172 5363 1248 5425 inde
1263 5379 1323 5441 per
1334 5381 1462 5428 serram
1472 5366 1509 5427 in
1523 5366 1666 5428 montem
1678 5368 1742 5429 Ro·

89 5456 195 5518 nostra
207 5458 414 5535 protectione
428 5461 639 5538 suscipimus,
660 5464 693 5527 et
708 5464 885 5540 presentis
939 5477 1085 5533 manum,
1101 5462 1134 5523 et
1147 5460 1218 5524 exit
1233 5462 1268 5524 in
1280 5478 1434 5540 campum
1448 5463 1594 5540 longum,
1611 5462 1690 5525 inde
1704 5463 1740 5526 in

89 5551 196 5629 scripti
221 5555 400 5633 privilegio
428 5559 681 5621 communimus.
708 5563 745 5621 ln
765 5561 883 5638 primis
938 5574 1090 5636 campum
1114 5547 1265 5632 latinum,
1289 5557 1408 5622 deinde
1430 5560 1517 5622 redit
1544 5559 1586 5622 ad
1615 5576 1739 5639 supra-

12 5730 14 5751 Ι
90 5646 242 5725 siquidem
269 5654 465 5727 statuentes,
491 5656 527 5718 ut
554 5657 634 5718 ordo
661 5659 881 5732 monasticus,
937 5656 1058 5719 dictam
1083 5657 1211 5736 petram
1242 5657 1455 5735 imperatoris
1479 5657 1520 5721 ad
1550 5658 1658 5722 locum
1683 5659 1740 5742 qui
