3982 6196
202 248 261 304 (127
824 250 999 310 HONORII
1022 252 1066 311 Ill
1088 254 1235 316 orant.
1795 268 1855 326 628

243 408 277 468 Si
300 422 459 484 personas
473 407 648 484 religiosas
669 408 808 484 diligere
830 424 869 471 ac
891 409 999 471 bono-
1051 410 1208 486 illustris,
1239 415 1296 492 qui
1323 416 1386 478 boc
1413 418 1570 483 affectare
1593 421 1791 494 videbatur,
1819 425 1854 485 in

201 520 278 565 rare
302 504 437 578 curetis,
462 507 529 566 Deo
545 505 599 566 111
619 506 746 567 servire
769 521 911 582 regnare
935 507 995 577 est,
1052 525 1152 571 manu
1166 527 1225 574 sua
1236 514 1381 576 castrum
1391 516 1476 578 illud
1491 519 1631 593 teneret,
1644 520 1751 583 donec
1766 525 1856 584 esset

202 602 284 663 satis
299 604 429 679 gratum
444 602 638 680 obsequium
654 602 829 668 exhibetis.
843 604 900 682 qni
911 603 998 681 quod
1053 610 1292 672 mercatoribus
1307 613 1524 684 satisfactum,
1541 617 1619 693 quia
1642 633 1703 695 per
1718 634 1855 679 manum

202 700 259 761 uni
275 716 318 761 ex
332 700 477 761 minimis
493 701 563 761 suis
585 701 631 773 nt,
653 701 716 762 sibi
732 701 805 763 fleri
819 701 996 763 assereret.
1054 708 1127 782 eJus
1145 707 1178 768 id
1195 708 1295 770 citius
1315 710 1444 786 poterat
1465 713 1629 791 expediri.
1646 717 1728 776 Cum
1744 718 1855 779 autern

202 799 370 873 Rogamus
396 798 535 874 proinde
564 799 771 861 devotionem
794 801 938 861 vestram
967 800 1000 861 et
1053 806 1198 866 castrum
1224 807 1306 869 illud
1335 809 1384 871 sic
1409 810 1567 874 traditum
1590 812 1699 875 dictus
1728 830 1791 875 rex
1817 815 1854 876 in

201 894 375 956 hortamur
412 898 546 969 attente,
586 913 645 975 per
679 898 868 975 apostolica
905 896 998 957 vobis
1053 917 1153 962 manu
1169 919 1228 965 sua
1243 907 1383 979 teneret,
1399 908 1431 969 et
1446 907 1486 969 de
1500 909 1597 970 bonis
1609 911 1681 971 1111
1694 913 1857 973 mercato

202 993 325 1069 scripta
344 994 538 1056 mandantes
554 996 716 1074 quatenus
738 994 857 1057 fratres
873 994 999 1055 ordinis
1053 1000 1144 1061 ribus
1164 1002 1381 1067 satisfecisset
1405 1004 1541 1078 eisdem,
1568 1010 1799 1084 sumptuosam
1823 1009 1856 1070 et

203 1091 474 1164 Praedicatorum,
499 1110 638 1171 quorum
662 1094 744 1155 utile
765 1093 997 1166 ministerium,
1053 1113 1206 1173 magnam
1219 1100 1337 1162 turrim
1348 1102 1421 1164 fleri
1432 1104 1467 1164 in
1478 1105 1854 1184 1111111111111111111,

202 1189 869 1268 11111111111111111111111111111111,
891 1192 1001 1252 ineo·
1054 1195 1286 1272 praedictorum
1321 1201 1468 1278 episcopi
1497 1202 1551 1264 vel
1592 1203 1717 1264 domini
1752 1205 1855 1265 castri

202 1302 275 1346 rum
287 1289 455 1365 proposito
465 1289 625 1350 laudabili
639 1291 862 1361 confoventes
875 1287 1001 1350 babea-

202 1384 245 1445 tis
256 1401 315 1462 pro
329 1388 440 1447 nostra
452 1387 484 1448 et
494 1388 691 1464 Apostolicae
708 1387 802 1448 Sedis
813 1387 1000 1448 reuerentia

203 1484 460 1557 commendatos
485 1486 521 1545 in
538 1486 606 1546 suis
627 1484 880 1547 necessitatibus
896 1485 1002 1546 assis-

203 1581 300 1642 tendo
314 1582 370 1658 qui
386 1581 521 1643 verbum
540 1583 672 1644 Domini
685 1584 789 1659 gratis
806 1583 838 1643 11
859 1581 1001 1643 fideliter

203 1682 434 1755 proponentes,
447 1680 646 1742 intendendo
660 1680 860 1757 profectibus
871 1680 1003 1740 anima-

203 1791 288 1848 rum,
314 1777 420 1853 ipsum
440 1779 615 1839 Dominum
639 1778 746 1839 solum
770 1777 887 1849 secuti,
914 1793 1001 1855 pau-

204 1874 341 1949 pertatis
352 1874 482 1936 titulum
492 1876 719 1951 praetulerunt,
732 1891 849 1951 preces
861 1876 894 1936 et
906 1891 1003 1935 man-

205 1970 318 2032 datum
333 1972 485 2035 nostrum
497 1973 610 2034 taliter
623 1973 804 2050 impleturi,
823 1974 860 2034 ut
874 1973 908 2033 in
929 1973 1001 2032 dis-

205 2067 294 2129 tricti
310 2069 476 2130 examinis
494 2069 548 2130 die
562 2069 661 2148 positi
679 2070 719 2131 ad
740 2071 911 2131 dexteram
927 2086 1001 2130 cum

204 2164 318 2228 electis
329 2182 467 2241 regnum
480 2167 613 2228 cumeis
626 2168 819 2244 percipiatis
828 2168 999 2237 aeternnm,

203 2277 270 2322 non
299 2264 446 2325 audituri
475 2265 699 2326 damnationis
724 2265 921 2326 sententiam
943 2280 1002 2325 re-

203 2359 398 2437 proborum,
416 2378 498 2439 quos
515 2378 575 2439 pro
595 2363 783 2439 contemptu
802 2363 918 2424 talium
933 2362 1003 2439 ipse

203 2460 301 2529 Deus,
322 2458 378 2534 qui
400 2459 491 2519 sein
515 2475 629 2520 eorum
652 2461 772 2522 asserit
794 2460 1003 2536 despectione

205 2556 384 2626 contemni,
399 2558 558 2634 perpetuo
570 2557 724 2619 incendio
740 2557 921 2635 deputabit.

243 2655 361 2714 Datum
384 2655 540 2716 Laterani
559 2657 604 2716 III
619 2655 694 2715 idus
712 2656 871 2716 februarii
890 2655 1003 2733 ponti·

207 2749 323 2813 ficatns
340 2753 444 2814 nostri
458 2768 548 2813 anno
563 2753 718 2814 secundo.

511 2923 704 3009 CXXXIV

224 3064 425 3124 adelbertos
441 3066 726 3126 clarevallensem
740 3065 775 3125 el
792 3067 986 3125 Morimon-

485 3164 637 3232 11111111,
662 3163 724 3223 111.

507 3275 538 3330 11
552 3271 607 3331 seb.
626 3274 703 3331 itta

292 3379 427 3443 [Bouquet,
444 3380 545 3431 Reeueil
558 3380 601 3430 des
613 3380 713 3439 hist.,t.
732 3380 799 3441 XIX,
812 3395 838 3447 1.
851 3380 917 3443 cta,

418 3461 516 3524 Regest.
530 3460 575 3512 lib.
586 3461 617 3519 ll,
630 3460 703 3525 epist.
719 3461 787 3527 9071

205 3557 274 3615 Cum
293 3573 341 3614 rex
361 3557 519 3631 Philippus,
541 3559 697 3616 soliacensi
709 3567 802 3617 cestro
826 3558 862 3616 ab
874 3559 1003 3616 Aurelia·

240 3647 322 3703 nansi
333 3647 455 3704 ecclesia
471 3646 1006 3722 111111111111111,1111111111

240 3736 382 3805 111κί1111,
390 3736 855 3811 reclamantelttanasseepiscopo,
863 3738 1006 3795 Honorius

241 3838 341 3897 regem
366 3824 402 3882 ab
421 3826 476 3882 illis
490 3826 702 3899 monerijubet,
716 3835 757 3897 ut,
774 3825 883 3884 reddite
901 3833 1005 3895 castro,

240 3913 546 3972 ecclesiaesatislaciat.

246 4031 415 4092 Honorius
437 4031 664 4109 episcopus...,
685 4032 813 4093 dilectis
838 4031 916 4092 filiis
932 4031 1008 4092 Cla-

204 4129 384 4189 revallensi
401 4127 463 4208 (a),
479 4129 739 4190 Morimondensi
756 4128 816 4209 (b),
832 4129 865 4191 11
878 4132 915 4190 Β.
932 4130 1007 4190 Μ1-

206 4225 267 4285 riae
289 4225 329 4286 de
344 4226 565 4301 Burgomedio
580 4227 730 4287 Blesensi
744 4225 801 4305 (c),
820 4225 1004 4298 abbatibus,

207 4322 428 4397 Lingonensis
450 4324 484 4385 et
504 4325 718 4407 carnotensis
738 4324 929 4397 dioecesum,
944 4325 1005 4384 etc.

248 4418 364 4479 Oblata
392 4417 488 4480 nobis
517 4418 719 4481 venerabilis
758 4419 871 4481 fratris
901 4422 1009 4481 nostri

206 4515 456 4578 Aurelianensis
467 4514 671 4594 episcopi(d)
684 4516 892 4594 querimonia
903 4516 1010 4579 decla·

205 4613 293 4674 ravit
307 4614 405 4692 quod,
422 4631 497 4676 cum
514 4615 550 4675 in
574 4629 675 4674 manu
699 4629 760 4675 sua
775 4613 947 4677 sasivlsset
961 4612 1007 4693 (c)

206 4713 351 4773 castrum
379 4712 558 4783 soliacum,
585 4711 718 4772 feodum
742 4711 898 4773 videlicet
913 4728 1009 4773 suurn

208 4808 381 4883 ligiumut
393 4810 434 4870 de
444 4808 628 4871 redditibus
637 4810 670 4871 et
680 4809 1010 4886 proventibusipsins

207 4907 387 4968 resarciret
403 4907 600 4985 quibusdam
624 4905 863 4968 mercatoribus
890 4906 1009 4967 damna

208 5018 270 5063 sua
283 5019 357 5079 quae
372 5003 493 5065 nobilis
502 5004 556 5065 vir
565 5005 730 5064 Henricus
745 5003 893 5080 ejusdem
909 4987 1010 5065 castri

208 5099 1009 5178 dominusirrogarateisdem,tandemepiscopns

1055 1294 1202 1370 ejusdem
1228 1297 1364 1359 minime
1394 1300 1555 1377 requisito
1584 1315 1764 1363 consensu.
1786 1304 1856 1373 Quo

1055 1393 1178 1464 andito,
1190 1393 1278 1455 idem
1293 1395 1479 1474 episcopus,
1494 1399 1644 1460 metuens
1657 1415 1700 1460 ne
1708 1401 1856 1461 castrum

1054 1491 1154 1552 vellet
1166 1491 1229 1552 sibl
1239 1507 1301 1554 rex
1315 1496 1531 1572 appropriare
1546 1496 1753 1573 praedictum,
1770 1513 1856 1558 con-

1055 1588 1193 1649 siliariis
1208 1590 1289 1662 suis,
1304 1607 1386 1668 quos
1410 1593 1577 1670 adipsum
1601 1595 1750 1666 miserat,
1780 1612 1856 1656 cum

1055 1687 1161 1763 ipsius
1174 1690 1385 1764 praesentiam
1401 1690 1524 1752 babere
1535 1708 1601 1753 uon
1614 1693 1762 1769 possent,
1775 1709 1858 1753 nun-

1056 1785 1199 1847 ciavitet
1219 1786 1364 1849 inhibuit
1382 1804 1425 1849 ne
1444 1789 1538 1851 fleret
1551 1790 1654 1851 turris
1668 1790 1740 1862 illa,
1756 1806 1856 1867 quam

1055 1884 1166 1944 tamen
1193 1884 1409 1946 nihilominus
1432 1886 1536 1964 incipi
1557 1889 1591 1948 et
1604 1888 1765 1964 compleri
1779 1887 1859 1948 fecit

1057 1982 1354 2043 contradictorum
1381 1983 1506 2045 domini
1526 1985 1627 2046 castri
1653 1987 1686 2046 et
1708 1985 1860 2062 episcopi

1056 2079 1271 2140 voluntatem.
1299 2082 1379 2141 Cum
1402 2082 1609 2157 postmodum
1636 2082 1745 2143 dictus
1766 2083 1860 2158 epis-

1057 2176 1857 2256 copusinregalifuissetpraesentiaconstitutus,

1057 2274 1091 2334 et
1117 2275 1266 2349 paratam
1290 2273 1354 2335 sibi
1378 2275 1514 2337 offerret
1530 2276 1719 2352 pecuniam,
1736 2275 1779 2336 de
1794 2292 1860 2353 qua

1058 2370 1265 2433 satisfecerat
1280 2371 1518 2434 mercatoribus
1541 2373 1728 2445 antedictis,
1746 2373 1861 2433 bumi-

1058 2469 1577 2546 11111111111111111111111111
1603 2469 1712 2547 ipsum
1738 2469 1787 2542 ei,
1808 2470 1863 2532 rel

1058 2566 1145 2627 dicto
1157 2565 1260 2626 nobili
1273 2566 1329 2642 qui
1340 2566 1380 2627 de
1391 2566 1462 2642 ipso
1477 2566 1576 2627 homo
1587 2582 1667 2626 suus
1682 2567 1787 2642 ligius
1797 2568 1861 2633 est,

1058 2664 1235 2726 restituere
1259 2664 1469 2739 dignaretur,
1479 2664 1511 2723 id
1527 2662 1659 2725 efficere
1675 2664 1788 2725 noluit
1802 2680 1862 2740 pro

1058 2776 1127 2822 suae
1143 2759 1281 2823 arbitrio
1297 2761 1488 2822 voluntatis.
1508 2762 1588 2821 Cum
1612 2760 1777 2836 igiturex
1801 2760 1864 2821 boc

1059 2857 1144 2935 qnod
1169 2858 1327 2934 praefatus
1342 2873 1403 2918 rex
1418 2857 1565 2919 detineat
1578 2858 1690 2919 taliter
1712 2860 1861 2919 castrum

1059 2956 1179 3032 ipsum,
1203 2955 1289 3032 qnod
1314 2958 1374 3022 est,
1392 2957 1429 3016 ut
1454 2955 1585 3028 asserit,
1615 2955 1771 3017 ecclesiae
1794 2973 1863 3017 suae

1059 3052 1242 3114 membrum
1255 3051 1377 3122 nobile,
1394 3053 1428 3113 et
1445 3053 1677 3130 episcoporum
1703 3053 1863 3113 Aurelia-

1060 3151 1213 3211 nensium
1230 3150 1402 3212 consuerit
1417 3166 1490 3210 esse
1509 3148 1675 3227 refugium
1701 3150 1862 3227 speciale,

1061 3264 1126 3308 non
1151 3248 1315 3309 modicum
1344 3248 1375 3308 ei
1402 3246 1535 3308 ridetur
1562 3248 1595 3308 et
1620 3246 1775 3308 ecclesiae
1795 3263 1865 3308 1111

1038 3345 1040 3349 ’
1061 3346 1292 3423 praejudicium
1306 3345 1471 3420 generari,
1487 3345 1672 3421 praesertim
1694 3360 1772 3405 cum
1799 3360 1865 3404 no-

1059 3442 1137 3504 bilis
1165 3443 1352 3504 antedictus
1387 3442 1594 3503 incessanter
1625 3442 1779 3519 requirat
1807 3458 1867 3519 per

1060 3541 1159 3602 fldem
1174 3556 1269 3600 suam
1284 3541 1484 3616 episcopum,
1504 3540 1673 3616 tamquam
1693 3539 1867 3599 dominum

1061 3655 1157 3700 sunm
1183 3637 1311 3713 ligium,
1342 3639 1378 3697 ul
1400 3636 1464 3698 sibi
1487 3637 1642 3699 restituat
1654 3636 1710 3697 vel
1733 3637 1867 3700 11111111

1061 3735 1163 3800 111111
1182 3736 1327 3796 castrum
1354 3750 1461 3806 suum,
1492 3733 1604 3795 refusa
1619 3735 1765 3811 pecunia
1794 3750 1867 3795 me-

1061 3834 1201 3893 morata.

1102 3926 1320 3990 serenitatem
1333 3930 1404 4005 ejus
1415 3943 1472 4004 per
1488 3927 1619 3988 nostras
1630 3927 1761 3989 litteras
1772 3943 1868 4004 roga·

1061 4043 1136 4087 mus
1162 4026 1332 4088 attentius
1345 4026 1377 4086 et
1392 4023 1604 4085 obsecramus
1620 4024 1655 4084 in
1670 4025 1814 4086 Domino
1832 4027 1868 4085 ut

1061 4124 1109 4185 ita
1124 4139 1224 4199 super
1239 4123 1302 4184 boc
1316 4122 1471 4201 episcopo
1485 4122 1670 4183 satisfaciat
1685 4122 1865 4192 antedicto,

1062 4220 1424 4283 restituendocastrum
1434 4219 1543 4295 ipsum
1553 4219 1662 4279 eidem
1672 4221 1728 4279 rel
1739 4219 1866 4281 bomini

1063 4334 1122 4379 suo
1138 4317 1307 4396 praedicto,
1324 4316 1440 4378 refusa
1460 4315 1506 4377 ibi
1525 4316 1666 4392 pecunia
1688 4332 1792 4393 quam
1809 4332 1869 4377 ex-

1063 4416 1160 4477 solvit
1175 4412 1431 4489 mercatoribus3
1449 4412 1502 4474 vel
1513 4412 1541 4472 si
1557 4429 1656 4490 quam
1672 4413 1772 4487 aliae,
1782 4413 1867 4474 bona

1064 4513 1336 4586 fide,necessa1io
1351 4512 1386 4571 in
1400 4510 1633 4573 observatione
1642 4510 1753 4588 ipsius
1768 4511 1868 4573 castri

1064 4611 1231 4687 expendit,
1248 4609 1332 4687 quod
1347 4609 1389 4670 ad
1410 4607 1497 4669 bona
1511 4608 1732 4669 ecclesiarum
1745 4609 1783 4669 in
1798 4611 1867 4686 ejus

1064 4708 1263 4786 inJuriam,a
1279 4722 1343 4784 quo
1358 4705 1444 4768 bona
1456 4707 1574 4767 cuncta
1590 4705 1789 4783 procedunt,
1803 4722 1867 4766 non

1064 4806 1219 4867 videatur
1232 4804 1355 4865 babere
1376 4819 1494 4864 manns
1516 4803 1633 4864 avidas
1652 4805 1687 4865 et
1701 4806 1864 4865 extentas.

1064 4904 1232 4981 Alioquin,
1252 4902 1552 4980 quantumcumque
1576 4901 1795 4963 serenitatem
1817 4916 1868 4962 re-

1065 5003 1154 5079 giam
1169 4999 1350 5061 babeamus
1370 4998 1589 5069 carissimam,
1605 4997 1704 5075 eique
1716 5000 1864 5067 velimus,

1066 5099 1225 5176 quantum
1246 5095 1427 5173 poterimus
1444 5111 1519 5156 cum
1548 5097 1615 5156 Deo
1641 5094 1786 5169 deferre,
1807 5095 1866 5155 sibi

207 5196 278 5272 ipse
304 5196 409 5257 voluit
433 5199 467 5260 et
490 5196 665 5265 concessit,
694 5196 787 5258 salvo
811 5198 921 5259 tamen
932 5199 1009 5275 jure
1063 5199 1256 5258 tamennon
1272 5194 1355 5254 adeo
1371 5193 1866 5273 deferemus,ntaequanimiter

210 5293 460 5354 Aurelianensis
476 5293 674 5354 ecclesiaeac
690 5294 1012 5371 suo‚quodcarissi-
1065 5292 1224 5355 toleretur
1248 5308 1268 5352 a
1290 5290 1397 5362 nobis,
1424 5290 1453 5350 si
1478 5288 1579 5368 (quod
1602 5289 1730 5370 absitl)
1759 5291 1866 5353 taliter

210 5390 577 5453 musianristofllius
593 5393 705 5452 111111
722 5407 783 5452 rex
806 5393 1010 5452 Francorum
1066 5388 1299 5451 aurelianensi
1337 5387 1518 5467 injurietur
1555 5387 1710 5451 ecclesiae
1756 5390 1865 5449 contra

245 5588 287 5658 (a)
303 5591 463 5649 Gulllclmo.
496 5591 682 5665 (1)(1111111.
711 5591 888 5666 (1)Η11111.
920 5592 960 5666 (1)
975 5591 1141 5653 1111111111.
1172 5591 1206 5664 (e)
1220 5591 1403 5650 scribendum
1418 5590 1587 5649 saisivisset.
