3946 6196
152 290 211 355 3911

152 465 248 527 amor
271 449 333 512 Dei
356 463 419 511 neo
442 447 668 513 ecclesiastica
691 465 833 512 censura
859 466 952 512 com-

153 547 269 627 pescit,
284 547 448 611 illustrem
458 562 570 624 regem
579 549 782 609 Francorum
789 549 950 611 moneatis

152 645 334 725 prudenter
345 644 572 708 etettlcaciter
590 645 757 708 inducatis
772 646 819 718 ut,
843 646 951 708 tactum

152 744 366 822 injurialesu
378 743 513 816 Christi,
527 746 623 822 cujus
635 759 678 805 ex
693 744 950 821 presumptione

152 842 346 920 hujusmodi
364 841 535 917 negotium
549 840 739 918 impeditur,
760 839 950 902 eorumdem

152 939 273 1002 lirardi
299 940 333 1002 et
360 938 523 1016 Philippeo
547 954 587 1000 ac
611 937 775 1000 tantorum
802 939 951 1015 ipsorum

151 1036 395 1113 malignitatem
410 1035 623 1098 temerariam
634 1035 757 1099 tradita
766 1035 829 1096 sibi
840 1035 952 1113 potes-

150 1135 220 1197 tate
245 1134 455 1211 conspescat,
482 1133 517 1194 in
536 1133 600 1195 boc
625 1137 693 1195 Deo
717 1134 951 1210 potiusquam

151 1231 283 1293 bomini
304 1231 491 1294 serviendo.
507 1231 632 1293 Taliter
647 1232 756 1294 autem
777 1231 850 1292 sine
865 1230 953 1292 dila-

151 1330 247 1393 tione
264 1329 461 1392 nnendatnm
471 1329 695 1407 apostolicum
709 1328 848 1406 exsequi
867 1343 950 1405 pro-

151 1427 289 1500 euretis,
301 1427 491 1505 quodzelus
506 1429 618 1489 Terre
626 1426 760 1489 Sanctae
771 1441 831 1487 vos
846 1441 952 1488 come·

151 1524 233 1587 dere
247 1524 414 1598 videatur,
435 1523 677 1601 etrepreluendi
691 1523 732 1586 de
747 1523 950 1601 negligentia

153 1638 220 1684 non
248 1621 400 1699 possitis,
413 1623 470 1683 sed
483 1622 523 1683 de
542 1622 715 1698 diligentia
730 1621 838 1698 potius
855 1637 949 1682 com-

153 1720 316 1783 mendari.
329 1720 419 1792 Quod
431 1720 461 1781 si
472 1735 539 1781 non
550 1735 664 1782 omnes
673 1719 717 1781 iis
727 1719 950 1796 exsequendis

153 1816 330 1896 potueritis
338 1817 512 1890 iuteresse,
528 1819 566 1879 tu
578 1816 681 1879 irater
692 1816 858 1894 episcope,
876 1832 950 1877 cnm

152 1930 270 1976 eorum
295 1914 402 1977 altero
425 1931 466 1977 ea
494 1915 711 1978 nibilominus
740 1913 949 1992 exsequaris.

152 2013 276 2075 Datum
288 2012 325 2074 nt
336 2011 373 2073 in
383 2012 463 2074 alia.

460 2217 644 2305 CCCXVI

156 2405 206 2466 Ad
243 2403 460 2479 Stephanum
489 2405 644 2466 abbatem
677 2403 718 2466 ct
744 2405 952 2467 conventam

447 2503 662 2563 castrenses.

453 2631 554 2689 bmaii
570 2629 649 2689 121⁷.

299 2763 393 2829 [Τοιιῂ
408 2764 492 2815 Monte
502 2762 617 2822 mesine,
625 2767 644 2813 t.
655 2763 687 2823 ll,
701 2778 727 2828 p.
738 2762 806 2828 3οη.

156 2879 371 2943 Possessionem
386 2881 429 2937 eis
444 2878 594 2937 conflrmut
611 2879 741 2937 ecclesie
762 2879 874 2938 &octe
887 2880 947 2938 lla·

419 2968 469 3031 rite
480 2967 690 3042 devirginata.

194 3094 362 3159 Honorius
377 3094 553 3172 episcopus
573 3109 690 3155 servus
704 3108 877 3157 servorum
891 3095 950 3157 Dei

154 3189 285 3254 dilectis
299 3191 378 3252 tiliis
396 3189 518 3264 abbati,
533 3190 566 3252 et
584 3191 761 3253 conventui
776 3191 951 3255 casinensi

154 3288 295 3351 salutem
310 3290 344 3351 et
357 3288 572 3365 apostolicam
584 3288 858 3351 benedictionem.

190 3386 308 3449 iustis.
322 3385 511 3463 petentium
536 3384 716 3453 desideriis
740 3385 877 3462 dignum
899 3387 952 3449 est

154 3498 215 3544 nos
243 3481 378 3544 facilem
404 3482 553 3560 praebere
575 3498 784 3554 consensum,
811 3483 844 3545 et
861 3484 949 3556 vota,
988 3565 991 3571 ¹

153 3596 227 3657 qnae
242 3595 264 3641 a
277 3580 420 3643 rationis
439 3579 573 3642 tramite
597 3594 664 3640 non
685 3578 887 3653 discordent,
902 3579 952 3642 ef-

154 3676 243 3738 fectu
257 3678 478 3754 prosequente
493 3676 670 3753 complere.
686 3679 878 3753 Eapropter,
895 3678 951 3738 di-

153 3774 280 3836 lectiin
296 3773 435 3836 Domino
448 3774 520 3846 lilii,
537 3773 658 3836 vestris
669 3773 770 3850 Justis
782 3774 953 3850 petitioni-

153 3869 215 3932 bus
238 3872 335 3947 grato
348 3871 582 3934 concurrentes
601 3886 753 3943 assensu,
770 3870 951 3932 Ecclesiam

155 3970 287 4031 Sanmae
298 3969 414 4030 Mariae
429 3968 470 4029 de
481 3967 650 4044 Virgionis
664 3966 813 4029 deborae
827 3983 953 4030 memo-

155 4064 214 4127 riae
230 4066 408 4127 Portuensi
431 4066 596 4142 episcopo,
609 4065 689 4126 tunc
709 4064 806 4127 titulo
822 4066 951 4127 Sanctae
985 4078 990 4126 ῖ

155 4164 319 4225 suzannae
341 4162 543 4241 presbytero
567 4161 730 4224 cardinali
753 4163 951 4240 apostolieae

156 4259 251 4321 Sedis
266 4260 401 4336 Legato,
419 4259 474 4337 pia
488 4258 584 4321 vobis
596 4259 862 4326 consideratione
877 4259 951 4321 col-

156 4356 268 4430 latam,
283 4357 370 4419 sicut
381 4372 454 4419 eam
462 4357 603 4435 justa-ac
613 4355 751 4433 pacitlce
761 4357 961 4434 possidetis,

156 4453 261 4527 robis,
277 4456 312 4518 et
323 4470 384 4532 per
396 4471 456 4516 vos
471 4454 673 4516 monasterio
687 4455 799 4516 vestro
811 4456 954 4518 auctori·

156 4553 223 4616 tate
243 4551 433 4629 apostolica
457 4552 702 4624 confirmamus,
721 4553 755 4614 et
779 4553 953 4628 praesentis

157 4650 271 4728 scripti
290 4648 478 4727 patrocinio
494 4649 746 4711 communimus.
764 4648 952 4727 Nulliergo
986 4704 993 4729 2

158 4749 292 4809 omnino
307 4745 591 4808 hominumliceat
605 4745 692 4806 banc
701 4746 957 4823 paginam-nos.
988 4732 994 4818 ξ

157 4848 209 4907 tra
234 4842 514 4915 confirmationis,
538 4843 570 4905 et
595 4842 809 4919 protectionis
833 4843 954 4905 intrin-

157 4959 246 5018 gere,
260 4941 314 5003 vel
339 4941 371 5002 ei
394 4956 483 5000 ausu·
499 4940 677 5001 temerario
694 4939 897 5003 contraire...
919 4941 959 5008 St

158 5040 230 5118 quis
246 5039 359 5101 autem
371 5036 435 5098 hoc
448 5037 615 5099 stentare
625 5038 884 5119 praesumpserit,
901 5039 961 5099 in·-

158 5135 381 5214 dignationem
397 5135 630 5211 omnipotentis
646 5135 716 5207 Dei,
734 5137 767 5198 et
781 5134 953 5197 beatorum

160 5235 246 5296 Petri
260 5233 294 5295 et
313 5231 410 5293 Pauli
425 5231 657 5307 Apostolorum
672 5234 745 5310 ejus
764 5248 801 5294 se
824 5234 955 5295 noverit

159 5331 380 5416 incursurum.
401 5329 520 5390 Datum
540 5329 708 5402 Laterani,
722 5330 822 5391 tertio
846 5346 953 5393 nonas

159 5429 248 5501 Maii,
265 5426 482 5490 Pontificatus
497 5426 602 5487 nostri
617 5441 705 5487 anno
720 5427 838 5504 primo.

787 288 1016 353 EPISTOLAE.
1040 284 1082 351 bl
1110 333 1118 349 .
1143 289 1168 351 1.

1302 476 1506 562 CCCXVII

1004 648 1057 708 Ad
1067 646 1294 722 prepositum
1313 648 1345 708 J.
1361 649 1643 708 archidiaconum
1663 643 1697 706 ct
1715 658 1801 706 can-

1204 744 1316 805 torem
1327 746 1600 805 suessionenses.

1306 874 1407 932 tmaii
1425 874 1504 932 llil.

1006 994 1234 1060 [Varindrcbives
1254 996 1472 1048 udministretives
1491 996 1522 1047 de
1542 997 1568 1047 la
1579 996 1640 1047 ville
1659 996 1691 1046 dc
1707 996 1803 1055 lieirns,

1311 1077 1360 1136 t.l,
1374 1091 1403 1139 n,
1414 1092 1440 1143 p.
1448 1077 1516 1140 5031.

1005 1192 1121 1251 blandai
1135 1194 1177 1251 eis
1186 1199 1218 1251 ut
1231 1192 1348 1252 audiant
1362 1208 1479 1251 causam
1490 1194 1564 1251 inter
1573 1194 1728 1267 capitulum
1746 1195 1801 1251 lte·

1041 1282 1148 1340 mensis
1164 1283 1298 1341 Ecclesia
1310 1291 1337 1341 et
1352 1281 1482 1340 abbatem
1497 1284 1525 1340 S.
1540 1283 1664 1356 Remigii
1678 1289 1706 1340 et
1726 1282 1803 1339 illam

1040 1372 1203 1429 terminent.

1044 1488 1211 1551 Honorius
1221 1489 1407 1567 episcopus,
1420 1504 1536 1551 servus
1547 1504 1718 1551 servorum
1728 1489 1800 1561 Dei,

1005 1584 1134 1647 dilectis
1158 1585 1238 1647 tiliis
1260 1588 1449 1665 praeposito,
1465 1589 1495 1651 J.
1514 1586 1750 1649 archidiacono
1770 1585 1803 1647 et

1005 1684 1136 1745 cantori
1150 1685 1459 1759 suessionensibus,
1472 1686 1613 1748 salutem
1628 1685 1662 1747 et
1675 1685 1802 1761 aposto·

1005 1780 1104 1842 licam
1118 1779 1393 1844 benedictionem.

1044 1877 1165 1941 Dilecti
1177 1879 1238 1953 tilii
1250 1879 1396 1942 decanus
1410 1880 1444 1943 et
1455 1878 1637 1956 capitulum
1654 1882 1801 1942 Remen-

1006 1971 1053 2032 sis
1070 1972 1222 2035 ecclesiae
1241 1972 1337 2034 nobis
1356 1973 1597 2050 gravitersunt
1618 1972 1801 2048 conquesti,

1005 2068 1091 2146 qnod
1107 2085 1207 2147 quum
1222 2069 1325 2131 abhas
1343 2071 1376 2133 et
1393 2070 1576 2132 conventus
1592 2072 1625 2131 S.
1644 2068 1799 2145 Remigii,

1004 2167 1039 2227 et
1050 2166 1143 2244 prior
1161 2169 1194 2229 S.
1209 2167 1363 2230 Mauricii
1387 2168 1570 2240 Ramensis,
1595 2182 1655 2244 pro
1670 2166 1803 2244 injuriis

1005 2263 1039 2326 et
1052 2263 1322 2341 oppressionibus
1335 2264 1442 2326 eidem
1459 2264 1610 2326 ecclesiae
1631 2264 1801 2341 irrogatis,

1005 2359 1184 2423 observare
1199 2376 1273 2424 cum
1288 2362 1337 2423 eis
1357 2361 1488 2424 soleant
1509 2361 1721 2424 interdictum
1743 2377 1804 2424 sua

1006 2472 1131 2534 organa
1139 2458 1380 2536 suspendendo,
1389 2459 1421 2520 id
1431 2457 1565 2521 efficere
1573 2458 1804 2520 contradicunt

1005 2554 1040 2615 in
1055 2555 1161 2632 ipsius
1175 2555 1325 2617 ecclesiae
1340 2555 1570 2634 praeiudicium
1583 2558 1617 2617 et
1626 2571 1693 2616 non
1703 2555 1806 2617 modi·

1006 2666 1086 2712 cem.
1103 2652 1283 2715 laesionem.
1305 2652 1448 2729 Ideoque
1469 2652 1664 2714 discretioni
1682 2653 1804 2714 vestrae

1006 2763 1066 2826 per
1079 2748 1268 2826 apostoliea
1282 2749 1405 2826 scripta
1423 2749 1628 2822 mandamus,
1639 2750 1804 2827 quatenus

1005 2844 1156 2921 partibus
1171 2845 1372 2918 convocatis,
1389 2845 1534 2913 audiatis
1552 2860 1724 2907 causam...
1743 2847 1805 2907 Da·

1005 2942 1074 3003 tum
1109 2941 1276 3015 Laterani,
1304 2945 1336 3004 II
1360 2958 1438 3005 non.
1468 2943 1569 3017 maii,
1591 2942 1803 3022 pontificatus

1005 3039 1111 3102 nostri
1123 3054 1211 3102 anno
1225 3040 1344 3118 primo.

1293 3226 1518 3314 CCCXVIII

1005 3379 1059 3438 Aci
1070 3377 1208 3439 coemes
1219 3378 1449 3439 ciseicerum
1460 3378 1594 3452 fratres
1606 3381 1806 3440 praemons-

1315 3474 1499 3536 notenses.

1307 3604 1325 3662 e
1340 3603 1408 3661 maii
1423 3604 1501 3662 1217.

1099 3726 1146 3792 [Le
1157 3725 1242 3790 Psigo,
1253 3724 1414 3778 bibilotbecs
1424 3727 1586 3787 Premenst„
1602 3743 1629 3794 p.
1641 3727 1710 3794 step

1006 3839 1124 3902 blandai
1136 3848 1167 3900 ut
1178 3855 1282 3899 causae
1299 3839 1335 3898 da
1349 3840 1434 3899 rebus
1448 3842 1647 3915 spritualibus
1661 3841 1697 3901 ad
1715 3844 1803 3902 Sanc·

1236 3936 1295 3987 tam
1311 3927 1414 3991 sedem
1429 3927 1568 3989 deserant.

1046 4046 1213 4108 Honorius
1221 4045 1531 4123 episcopusservus
1546 4062 1721 4109 servorum
1729 4049 1801 4121 Dei,

1007 4142 1137 4205 dilectis
1151 4142 1230 4203 tiliis
1238 4140 1411 4204 abbatibus
1422 4144 1456 4206 et
1464 4143 1629 4205 universis
1644 4143 1803 4206 tratribus

1006 4239 1337 4303 Praemonstratensis
1353 4240 1491 4314 ordinis,
1503 4242 1644 4304 salutem
1658 4244 1691 4303 et
1703 4258 1803 4320 apos-

1006 4339 1141 4401 tolicam
1155 4336 1430 4400 benedictionem.

1047 4436 1117 4498 Etsi
1133 4451 1230 4496 nemo
1243 4435 1402 4506 militans,
1413 4438 1481 4498 Deo
1499 4434 1612 4499 litibus
1632 4453 1668 4498 se
1689 4437 1807 4500 debeat

1006 4532 1197 4610 immiscere
1210 4534 1244 4594 et
1257 4539 1390 4605 cetera,
1403 4534 1440 4596 ut
1458 4535 1494 4595 in
1506 4534 1685 4612 diplomate
1700 4538 1805 4598 Inno-

1008 4631 1182 4699 cennilll.

1049 4727 1260 4796 innocentius
1280 4727 1472 4804 episcopus,
1494 4742 1610 4788 servus
1631 4743 1804 4792 serrorum

1008 4826 1078 4898 Dei,
1095 4824 1224 4886 dilectis
1234 4823 1312 4884 tiliis
1323 4822 1496 4884 abbatibus
1506 4824 1540 4885 et
1553 4823 1719 4887 universis
1730 4826 1803 4888 tra-

1007 4921 1113 4985 tribus
1137 4921 1264 4983 ordinis
1291 4921 1637 4996 praemonstratensis,
1664 4923 1805 4989 salutem

1009 5021 1041 5083 et
1054 5017 1269 5096 apostolicam
1279 5016 1555 5079 benedictionem.

1048 5116 1118 5178 Etsi
1139 5130 1235 5176 nemo
1255 5115 1405 5176 militans
1420 5117 1488 5177 Deo
1505 5115 1619 5180 litibus
1638 5134 1674 5180 se
1688 5118 1807 5182 debeat

1008 5213 1206 5285 immiscere,
1230 5227 1331 5289 quum
1359 5228 1498 5274 sensnm
1522 5214 1653 5275 Domini
1674 5214 1807 5291 litigare

1009 5327 1074 5372 non
1090 5310 1215 5382 deceat,
1232 5309 1289 5370 sed
1304 5308 1347 5370 ad
1364 5325 1478 5371 omnes
1498 5310 1680 5371 secundum
1699 5314 1808 5389 Apos-

1008 5407 1112 5469 tolum
1135 5422 1208 5468 esse
1232 5407 1360 5482 mitem;
1389 5407 1467 5483 quia
1500 5408 1613 5468 tamen
1647 5408 1805 5474 inimicus

1009 5505 1107 5567 homo
1120 5502 1184 5564 sibi
1199 5504 1298 5566 messi
1308 5504 1641 5566 'Dominicaezizania
1657 5505 1806 5573 dolosius

1010 5603 1276 5679 superseminare
1289 5602 1442 5676 conatur,
1454 5600 1540 5663 unde
1555 5602 1645 5666 dolet
1660 5602 1807 5669 fertilio-
