3968 6204
186 305 227 364 15
651 305 828 368 HONORII
850 304 896 366 III
917 305 1066 367 OPERA.
1084 335 1123 350 -
1139 307 1372 374 SERMONES.
1795 319 1837 381 lo

187 461 265 540 quia
281 461 337 524 uhl
353 462 386 526 te
401 462 573 538 invenero,
592 464 639 527 ihi
657 466 691 528 te
701 463 870 544 judicabo.
890 465 983 529 Unde
1039 464 1151 547 (Prov.
1167 484 1191 541 1,
1212 468 1258 549 5).
1274 468 1399 531 Fidelis
1413 469 1503 532 enlm
1517 471 1630 535 anima
1644 488 1719 535 cum
1738 488 1838 537 rece-

187 558 268 622 dicit
294 560 329 621 in
356 563 504 625 Levitico
525 585 532 622 ε
561 564 641 625 Nora
660 577 769 635 aeres,
799 562 895 635 idest,
917 580 983 626 non
1038 566 1123 642 perit
1137 565 1406 643 praedicationem
1420 568 1512 629 verhi
1529 571 1601 642 Dei,
1620 571 1649 633 si
1664 571 1706 632 ad
1727 575 1832 634 Deum

186 657 378 732 seminabis,
406 675 532 738 aarum
565 660 663 720 tuum
687 664 825 723 diverso
852 664 983 724 semitae
1038 665 1242 725 convertitur
1252 665 1400 726 carnalia
1413 668 1532 730 cuncta
1544 669 1743 745 despiciens,
1758 687 1837 747 quae

188 753 308 835 (Levit.
325 772 397 829 xix,
416 757 479 836 19).
495 760 586 833 Agar
598 758 649 818 est
662 774 756 819 mens
771 759 915 820 hominis
930 758 983 822 vel
1038 777 1169 822 sursum
1191 763 1269 822 sunt
1289 763 1424 839 quaerit,
1452 781 1519 825 non
1542 782 1616 843 quae
1640 782 1741 843 super
1763 769 1837 828 tera

187 854 402 925 conscientia,
420 854 507 931 quod
527 855 613 917 sicut
636 871 717 931 ager
738 857 856 933 recipit
870 873 982 918 semen
1037 874 1126 933 ram,
1147 859 1216 921 odit
1234 859 1389 935 delicias;
1406 864 1495 923 amat
1509 864 1764 937 continentiam
1780 866 1834 925 ta-

187 952 224 1012 ut
245 952 347 1013 iaciat
368 951 491 1013 honum
512 952 666 1026 fructum,
690 954 738 1015 ita
760 971 853 1016 mens
870 956 983 1017 nostra
1038 956 1079 1016 lls
1094 957 1206 1017 anima
1221 958 1310 1034 parit
1323 959 1517 1031 masculum,
1536 960 1631 1032 idest,
1648 961 1835 1022 rationabi-

187 1049 283 1111 dehet
299 1050 451 1127 recipere
467 1065 592 1123 semen,
610 1050 698 1113 idest
709 1051 846 1114 verbum
863 1052 934 1125 Dei,
951 1053 984 1114 et
1038 1053 1103 1115 lem
1118 1069 1252 1115 sensum
1263 1055 1316 1116 vel
1329 1071 1412 1132 opus
1427 1055 1627 1132 perfectum,
1648 1058 1733 1135 quod
1748 1058 1834 1120 hene

186 1146 430 1210 lacerehonum
443 1148 597 1210 trucium.
1037 1151 1253 1227 intelligendo
1278 1153 1385 1215 nutrit
1412 1153 1496 1215 illud
1523 1157 1602 1217 Deo.
1638 1155 1722 1227 Quia
1746 1157 1833 1217 sicut

227 1246 321 1307 Unde
333 1246 368 1307 in
380 1247 581 1323 Evangelio:
599 1248 831 1310 omctsaroor
844 1251 903 1323 qut
914 1262 984 1310 non
1037 1250 1139 1311 Beata
1153 1249 1256 1325 Virgo
1273 1251 1425 1328 concepit
1439 1251 1606 1314 Christum
1622 1268 1683 1329 per
1698 1268 1833 1314 carnem

185 1341 433 1418 sacithuetum
447 1347 581 1418 donum,
592 1344 984 1421 excideturettrttpnem
1038 1346 1074 1407 in
1093 1348 1199 1420 utero,
1221 1346 1268 1409 ita
1288 1347 1396 1409 tidelis
1414 1349 1526 1411 anima
1545 1348 1642 1411 dehet
1658 1350 1834 1427 concipere

186 1441 347 1503 mittetur
360 1439 491 1521 (Matth.
505 1458 564 1515 vu,
583 1442 647 1523 19).
663 1443 740 1504 Non
753 1442 855 1506 dicit:
869 1443 983 1505 Omnis
1038 1443 1215 1517 Christum,
1237 1444 1333 1518 idest,
1350 1461 1433 1522 opus
1454 1444 1637 1523 perfectum
1653 1462 1712 1523 per
1735 1447 1833 1508 tidem

186 1538 287 1601 arbor
304 1556 377 1616 quae
401 1555 468 1601 non
482 1538 563 1602 tacit
576 1539 720 1603 fructum
742 1540 799 1602 sed
821 1557 894 1617 quae
915 1556 983 1601 non
1037 1542 1074 1602 in
1104 1543 1215 1604 animo
1242 1563 1249 1603 ε
1275 1543 1308 1604 et
1334 1543 1420 1604 sicut
1447 1545 1549 1605 Beata
1575 1544 1677 1619 Virgo
1705 1544 1834 1620 peperit

186 1635 267 1698 lacit
281 1637 423 1698 fructum
441 1637 576 1710 bonum,
595 1638 710 1701 voleus
730 1638 871 1714 intelligi
895 1638 982 1714 quod
1038 1639 1203 1700 Christum
1219 1640 1254 1700 in
1269 1640 1402 1710 saeculo,
1419 1640 1468 1701 ita
1486 1639 1593 1701 tidelis
1610 1641 1722 1702 anima
1737 1640 1833 1703 debet

186 1732 314 1796 iaciunt
339 1735 472 1811 quidem
501 1735 644 1797 fructum
671 1735 728 1796 sed
753 1751 819 1797 non
846 1735 980 1797 honum.
1038 1752 1157 1813 parere
1181 1737 1360 1808 Christum,
1376 1737 1472 1809 idest,
1489 1753 1572 1813 opus
1594 1738 1775 1814 perlectum
1797 1738 1833 1800 in

185 1831 287 1892 Verbi
314 1833 452 1907 grat-ia:
483 1833 700 1911 Eleemosyna
725 1832 831 1893 honus
855 1832 982 1894 tructus
1038 1850 1148 1911 opere.
1165 1834 1338 1906 Debemus,
1353 1833 1484 1905 iratres,
1502 1836 1695 1911 nosmetipsi
1709 1839 1834 1897 matres

186 1931 238 1992 est
256 1932 288 1992 et
310 1930 434 1993 bonum
454 1947 535 2009 opus
549 1932 635 2009 quod
650 1931 809 1993 Dominus
833 1931 983 2008 praecipit
1038 1948 1112 1993 esse
1129 1931 1263 1999 Christi,
1280 1932 1308 1991 si
1323 1932 1476 1992 volumus
1489 1948 1562 1993 esse
1574 1930 1675 2005 beati,
1692 1933 1723 1992 si
1737 1933 1836 1994 volu·

70 2074 73 2087 .
185 2028 222 2090 in
246 2029 426 2105 Evangelio
446 2050 453 2089 :
476 2032 564 2091 Date
585 2035 839 2104 eleemoegmtm
857 2031 891 2090 et
909 2044 985 2091 chr»
1038 2046 1111 2090 mus
1126 2045 1199 2091 esse
1210 2028 1312 2106 J'usti3
1328 2028 1416 2090 beati
1431 2045 1490 2106 per
1508 2028 1660 2105 gloriam,
1673 2029 1756 2106 justi
1774 2045 1835 2106 per

185 2130 246 2188 rata
255 2130 385 2188 matricio
398 2129 480 2189 aurat
489 2130 583 2188 cobis
592 2125 684 2205 (Luc.
701 2128 727 2199 1,
739 2125 804 2204 42).
820 2128 859 2188 Et
872 2127 907 2187 in
921 2128 984 2187 Ec-
1036 2127 1191 2204 gratiam.

186 2224 374 2288 clesiastico
387 2246 397 2284 :-
410 2225 792 2300 Stcutcpuaeaettnpuit
805 2225 984 2300 tpuemato
1078 2224 1242 2285 Debemus
1264 2225 1430 2288 Christum
1454 2226 1641 2301 concipere,
1667 2223 1833 2285 Christum

186 2329 401 2396 eleemosyna
419 2323 593 2398 antispasti
607 2321 789 2396 peccatum
802 2319 916 2398 (Eccli.
931 2337 981 2394 111,
1038 2322 1216 2398 parturire,
1240 2323 1408 2385 Christum
1429 2339 1558 2400 parere,
1584 2322 1751 2383 Christum
1772 2337 1835 2383 na-

187 2418 253 2498 33).
276 2419 340 2481 Sed
357 2419 387 2479 si
404 2419 478 2496 quis
499 2418 595 2480 daret
609 2418 852 2495 eleemosynam
868 2418 908 2479 de
926 2434 985 2479 ra·
1037 2419 1107 2480 tum
1130 2420 1312 2501 possidere
1335 2420 1545 2497 concipimus
1566 2436 1646 2495 ergo
1667 2419 1834 2481 Christum

67 2560 70 2563 -
187 2517 276 2594 pinis
306 2532 366 2577 seu
396 2515 438 2577 de
465 2516 562 2577 lurtis
586 2516 620 2577 et
639 2516 782 2589 caeteris,
808 2531 874 2577 non
896 2518 984 2578 esset
1038 2532 1097 2595 per
1111 2516 1220 2589 fldem,
1239 2519 1443 2594 parturimus
1463 2533 1523 2595 per
1538 2517 1660 2579 bonam
1674 2518 1833 2578 voluuta-

185 2613 312 2676 huctus
339 2613 446 2675 honus
471 2613 527 2674 sed
555 2613 674 2674 malus.
701 2615 759 2675 Est
784 2629 896 2675 semen
918 2613 982 2674 ho·
1037 2616 1121 2687 tem,
1142 2615 1291 2691 parimus
1310 2631 1369 2692 per
1395 2615 1517 2677 honam
1543 2615 1725 2687 actionem,
1745 2630 1833 2690 gau-

185 2728 265 2774 num
287 2712 320 2774 et
342 2728 455 2773 semen
475 2711 608 2772 malum.
635 2713 755 2772 Samen
778 2710 901 2772 honum
934 2713 985 2773 est
1038 2711 1188 2774 dehimus
1205 2713 1247 2773 de
1264 2714 1343 2776 nato
1358 2712 1426 2774 illio
1441 2727 1502 2790 per
1515 2711 1675 2774 aeternam
1689 2711 1836 2773 retribu-

184 2809 324 2871 rerbum
352 2810 430 2884 Dei,
467 2811 500 2871 et
535 2808 727 2887 praedicatio
757 2808 981 2887 praelatorum.
1037 2811 1173 2872 tionem.
1201 2809 1295 2872 Unde
1316 2811 1406 2871 canit
1429 2810 1601 2872 Ecclesia:
1621 2809 1752 2885 «Virgo
1774 2809 1834 2870 Dei

188 2910 307 2970 Semen
328 2906 452 2968 malum
472 2907 522 2968 est
539 2907 722 2984 peccatum.
753 2907 847 2968 Unde
866 2906 984 2968 Eccle-
1037 2908 1234 2979 «Genitali,
1256 2924 1354 2985 quem
1374 2908 1464 2970 totus
1480 2923 1548 2968 non
1568 2908 1658 2984 capit
1679 2906 1780 2978 orbis,
1797 2906 1834 2966 in

187 3005 361 3067 siasticus:
377 3009 456 3068 Non
469 3008 733 3075 semineamata,
750 3004 862 3066 atrion
876 3005 984 3066 artetes
1038 3007 1128 3067 «tua
1148 3022 1184 3067 se
1206 3006 1327 3067 clausit
1344 3007 1477 3069 viscera
1499 3004 1606 3066 iactus
1629 3005 1773 3066 homo.»
1794 3004 1836 3064 Et

186 3120 229 3166 ca
249 3105 442 3178 septuptum
467 3100 582 3182 (Eccli.
603 3118 661 3173 vu,
683 3101 728 3180 3).
745 3102 885 3163 Peccata
907 3103 985 3164 sunt
1038 3104 1073 3165 in
1094 3103 1252 3165 Psalmo:
1279 3104 1414 3165 Veritas
1434 3106 1475 3166 de
1498 3104 1598 3165 terro
1611 3103 1689 3164 orte
1710 3101 1772 3173 eat,
1800 3103 1834 3163 et

186 3201 283 3278 quasi
297 3201 436 3262 semina.
454 3200 678 3261 seminatores
694 3201 772 3261 suut
786 3199 842 3277 qui
858 3199 984 3261 faciunt
1039 3203 1139 3264 terro
1148 3203 1269 3262 nostra
1279 3201 1371 3263 dedit
1381 3201 1535 3275 fraretum
1544 3215 1649 3261 suum
1661 3197 1765 3279 (Psal.
1781 3201 1833 3267 84,

186 3299 369 3377 peccatum.
381 3301 484 3359 Terre
495 3297 551 3358 uhi
564 3298 747 3359 seminatur
757 3297 981 3370 estinlernus,
1040 3298 1165 3378 12-13).
1186 3301 1266 3360 Haec
1284 3301 1336 3360 est
1354 3300 1413 3359 illa
1429 3299 1520 3360 terra
1535 3298 1575 3359 de
1590 3313 1655 3375 qua
1669 3296 1835 3357 secundus

186 3398 257 3458 siue
277 3412 369 3457 mens
393 3395 549 3457 hominis.
572 3397 698 3458 Messes
721 3397 798 3457 sunt
819 3396 984 3458 tormenta
1038 3396 1142 3458 Adam
1157 3395 1318 3459 formatus
1332 3398 1384 3458 est
1398 3395 1529 3473 quando
1543 3395 1719 3457 inclinavit
1733 3394 1838 3456 coelos

187 3493 448 3556 innumerabilia
481 3495 514 3555 et
547 3493 690 3566 infinita,
721 3493 806 3571 quod
833 3494 983 3571 quamvis
1039 3497 1072 3557 et
1081 3493 1261 3556 descendit.
1274 3496 1353 3555 Haec
1363 3496 1513 3556 estterra
1523 3493 1565 3555 de
1574 3509 1640 3569 qua
1650 3492 1698 3554 ait
1708 3493 1833 3553 isaias:

186 3593 321 3669 peccata
354 3591 421 3652 sint
445 3591 643 3667 temporalia
672 3593 846 3663 tormenta,
873 3593 984 3653 tamen
1038 3594 1167 3654 Rorote
1185 3595 1260 3654 coeti
1281 3595 1430 3665 desuper
1447 3591 1481 3652 et
1500 3592 1606 3652 eudes
1619 3592 1742 3666 pluam
1755 3592 1838 3662 jus-

186 3692 263 3752 aunt
277 3691 488 3767 sempiterna,
505 3691 538 3751 et
554 3689 629 3751 ideo
646 3688 888 3751 benedicitur:
909 3692 984 3752 Non
1040 3692 1123 3763 tam,
1140 3690 1323 3763 aperiatur
1333 3689 1431 3750 terra
1446 3688 1480 3749 et
1493 3689 1666 3764 permittet
1679 3688 1839 3748 Salomo-

187 3787 330 3848 semines
352 3786 451 3858 mala,
474 3786 571 3853 idest,
591 3801 633 3847 ne
653 3785 756 3847 iacies
775 3785 926 3863 peccata,
952 3788 985 3848 et
1038 3804 1115 3851 rem
1137 3785 1195 3867 (Is.
1210 3802 1287 3859 xiv,
1311 3785 1357 3865 8).
1377 3786 1417 3848 m
1434 3785 1470 3847 in
1484 3784 1616 3847 Psalmo
1638 3807 1645 3845 ι
1665 3788 1836 3848 Ftumtcis

186 3900 252 3946 non
268 3887 371 3946 metes
384 3901 422 3946 ea
436 3885 470 3946 in
484 3883 681 3961 septuplum,
699 3884 795 3956 idest,
808 3899 874 3945 non
890 3883 983 3944 alili·
1038 3888 1188 3961 trapetas
1208 3885 1359 3957 laetificat
1376 3886 1553 3945 civitatem
1575 3886 1653 3955 Dei,
1678 3884 1839 3954 sanctifi-

187 3980 277 4057 geris
293 3980 524 4057 multipliciter*
539 3981 572 4041 et
586 3980 790 4041 aeternaliter
811 3980 846 4040 in
859 3979 982 4041 tuturo.
1039 3986 1130 4045 eavit
1144 3983 1402 4044 tabernaculum
1411 3996 1513 4041 autam
1523 3981 1731 4051 altissimae,
1743 3984 1838 4041 Deus

229 4078 444 4155 septenarius
457 4077 759 4152 numerusponitur
769 4076 823 4137 hic
836 4093 896 4153 pro
908 4080 986 4137 uni·
1039 4085 1076 4142 tn
1088 4084 1200 4142 reiectio
1215 4082 1290 4152 ejus
1302 4094 1371 4140 mora
1385 4078 1653 4139 ceramovehttur
1665 4075 1769 4155 (Psal.
1783 4077 1835 4149 45,

186 4176 347 4238 versitate
372 4175 405 4236 et
427 4174 607 4248 intinitate3
631 4189 671 4235 eo
695 4174 782 4251 quod
806 4172 878 4234 dies
904 4177 984 4235 anni
1039 4177 1127 4255 5-6).
1151 4180 1230 4237 Haec
1253 4176 1373 4238 civitas
1392 4177 1445 4238 est
1462 4176 1565 4251 Virgo
1586 4175 1693 4236 Maria
1712 4174 1752 4235 de
1770 4190 1837 4251 qua

189 4276 266 4335 saint
285 4274 421 4350 septem.
442 4272 482 4334 Et
503 4272 590 4333 sicut
608 4271 679 4332 dies
698 4270 754 4332 isti
774 4288 905 4349 semper
924 4288 984 4333 re·
1039 4276 1184 4337 dicitur:
1201 4277 1357 4335 Gloriosa
1375 4264 1467 4335 d'tctc
1484 4273 1566 4334 sunt
1587 4276 1629 4333 de
1648 4275 1692 4344 te,
1713 4274 1838 4333 etcttcs

185 4372 368 4434 volvuntur
389 4372 422 4432 et
441 4374 629 4441 recurrunt,
653 4370 700 4430 ita
723 4370 889 4430 tormenta
908 4385 986 4447 per·
1038 4376 1105 4434 Det
1126 4370 1229 4449 (Psal.
1255 4371 1305 4438 86,
1328 4368 1373 4448 3).
1392 4371 1486 4430 Hanc
1502 4368 1671 4430 civitatem
1692 4367 1839 4429 laetilicat

187 4470 286 4547 petua
307 4483 437 4545 semper
452 4467 670 4529 revolvuntur
684 4467 719 4527 iu
733 4466 904 4544 reprobos.
925 4467 984 4528 Ille
1040 4468 1187 4530 fluminis
1208 4468 1361 4544 impetus,
1389 4467 1528 4537 scilicet,
1556 4467 1664 4542 gratia
1694 4466 1838 4542 Spiritus

188 4567 270 4629 serit
287 4583 404 4644 agrum
418 4582 514 4626 suum
531 4565 663 4626 diverso
678 4565 805 4625 semine
822 4565 879 4641 qui
898 4580 986 4642 prae·
1041 4567 1165 4629 Sancti.
1182 4568 1231 4627 De
1249 4565 1311 4626 hoc
1332 4565 1468 4626 flumine
1489 4564 1569 4625 dicit
1582 4566 1752 4625 ioannes:
1773 4565 1838 4629 Qut

188 4665 276 4728 dicat
294 4664 347 4727 vel
365 4662 485 4741 recipit
504 4663 539 4723 in
560 4663 672 4723 mente
690 4678 751 4722 sua
770 4661 984 4738 praedicatio·
1039 4666 1149 4725 credit
1164 4667 1201 4724 tra
1213 4678 1278 4733 me,
1296 4663 1494 4734 praecinctae
1506 4662 1628 4721 veretra
1640 4663 1715 4731 ejus
1728 4660 1838 4731 fluerat

186 4780 262 4824 nem
291 4752 457 4834 ecclesiae,
487 4762 520 4822 et
547 4759 818 4838 predicationem
846 4759 985 4822 haereti-
1040 4776 1139 4835 aquae
1149 4765 1239 4821 otoae
1253 4759 1362 4838 (ioan.
1376 4774 1435 4829 vn,
1447 4755 1514 4837 38).
1526 4759 1565 4819 Et
1578 4758 1691 4833 postea
1702 4756 1840 4833 subjun-

188 4876 312 4922 corum.
1040 4855 1835 4936 gitlivangelista:Hoccutemdiaattchpiritu

228 4961 308 5019 Item
327 4979 335 5017 ε
351 4958 472 5019 mulier
491 4973 565 5035 quae
585 4957 739 5033 suscepto
756 4955 882 5018 semine
899 4955 986 5032 parit
1039 4958 1280 5029 sanctonicam
1295 4954 1472 5028 acceptaret
1485 4953 1588 5013 erunt
1606 4952 1783 5018 credontes
1800 4954 1838 5012 tn

188 5055 383 5118 masculum.
397 5057 462 5115 Per
474 5055 659 5115 masculum
672 5053 890 5129 intelligimus
903 5069 985 5129 opus
1040 5070 1120 5115 eum
1133 5053 1241 5132 (ibid,
1256 5051 1322 5132 39).

188 5153 383 5233 perlectum,
407 5151 479 5212 sive
498 5151 706 5227 spiritualem
725 5166 869 5211 sensum.
895 5152 987 5211 Tunc
1078 5135 1172 5223 'Quod
1208 5149 1293 5212 dixit
1327 5151 1521 5219 ctcttetem,
1554 5148 1668 5225 postea
1704 5147 1839 5208 vocavit

187 5269 267 5330 ergo
283 5249 404 5313 mulier
421 5248 577 5324 suscepto
593 5248 721 5308 semine
741 5249 830 5324 parit
848 5264 985 5309 mascu-
1041 5249 1311 5320 tabernaculum,
1338 5247 1477 5317 scilicet,
1501 5248 1639 5306 Beatam
1664 5243 1837 5320 Virginem

187 5352 267 5422 lum,
290 5348 423 5428 quando
446 5345 554 5406 tidelis
576 5346 688 5406 anima
710 5346 843 5422 recepta
863 5345 987 5422 praedi-
1041 5362 1139 5424 quam
1161 5345 1391 5415 sanctificavit,
1412 5344 1497 5407 idest
1514 5343 1555 5404 ah
1575 5342 1732 5419 originali
1754 5357 1836 5418 pec-

187 5449 319 5511 catione
340 5445 432 5509 verbi
458 5444 518 5506 Dei
537 5445 676 5520 generat
698 5459 780 5519 opus
804 5442 986 5520 perfectum
1041 5445 1114 5506 cato
1129 5443 1301 5505 mundavit
1322 5443 1355 5502 in
1379 5444 1488 5514 utero,
1511 5443 1614 5503 multo
1638 5440 1744 5515 magis
1772 5454 1839 5500 ves

187 5547 240 5610 vel
255 5545 454 5606 rationalem
468 5559 613 5604 sensum.
630 5542 715 5602 Nam
730 5540 987 5615 juxtaSalomo-
1040 5559 1114 5604 rum
1143 5543 1193 5602 est
1218 5542 1258 5602 de
1281 5540 1430 5617 Virgine.
1462 5543 1555 5601 Hanc
1584 5540 1695 5599 autem
1721 5535 1838 5598 hahuit

189 5660 264 5707 nem
295 5665 302 5702 :
333 5646 484 5705 artuicus
519 5644 659 5715 sapiens
692 5640 886 5714 sapientior
917 5641 986 5700 erit
1040 5639 1296 5718 praerogativam
1311 5639 1413 5705 Beata
1431 5639 1544 5714 Virgo,
1562 5636 1647 5713 quod
1662 5636 1837 5711 postquam
