3982 6196
125 294 180 358 519
751 292 979 358 balatonna.
1003 296 1079 360 LIB.
1104 298 1144 361 ΙΙ.
1715 312 1773 371 551)

124 455 359 533 appellationis
380 454 563 527 obstaculo,
585 454 733 531 legitime
752 470 920 518 revocare.
958 444 1072 532 'sana
1098 460 1139 523 de
1160 462 1283 535 Leone,
1298 461 1339 524 de
1358 464 1509 535 Bottauc,
1533 468 1565 529 et
1580 468 1667 530 inlra
1683 472 1774 532 Mar-

125 553 217 615 Nulli
237 569 357 630 ergo...
374 556 494 615 Datum
511 554 680 625 Laterani,
703 556 822 631 quarto
842 570 920 616 non.
977 558 1060 619 ceto.
1085 558 1248 635 Quidquid
1270 558 1399 623 habetis
1424 563 1458 623 in
1482 565 1628 628 ecclesia
1643 569 1773 632 sancte

124 650 322 724 decembris,
334 650 546 728 pontificatus
557 651 921 713 nostriannosecuudo.
959 681 961 685 ¹
977 653 1092 716 biariae
1096 657 1192 732 juxta
1203 658 1380 720 ecclesiam
1392 661 1644 725 SanctiPetriin
1654 667 1770 741 gradu,

977 752 1070 814 salvo
1087 753 1185 817 solito
1206 770 1310 817 ceusu
1329 757 1443 819 Pisani
1462 760 1717 840 archiepiscopi,
1741 768 1775 828 et

463 837 586 925 LXX]
977 848 1136 927 quidquid
1152 850 1283 914 habetis
1296 856 1394 931 juxta
1407 873 1519 919 muros
1532 858 1689 934 civitatis
1706 865 1773 924 tam

182 992 236 1052 Ad
250 991 441 1051 (guidonem
456 988 613 1049 abbatem
625 990 661 1050 S·
675 991 861 1051 Michaelis·
977 947 1012 1007 in
1027 947 1126 1103 tgrris
1145 961 1244 1026 quam
1261 951 1296 1011 ln
1310 952 1420 1014 vineis
1441 954 1535 1017 vobis
1555 957 1773 1056 nihilominus

978 1059 1039 1104 con
1064 1059 1222 1107 emamus.

424 1109 517 1167 bdec.
539 1111 617 1168 1211.

1017 1140 1249 1206 Ordinationes
1260 1146 1498 1211 monachorum
1508 1167 1567 1213 seu
1575 1153 1773 1216 clericorum

170 1215 447 1281 [1111111111Ιί,11111111111
460 1215 666 1267 camaldulenses
681 1216 725 1276 lV,
737 1231 797 1281 app.
808 1215 876 1281 378.]
978 1240 1188 1331 vqstmmm‚,
1203 1244 1260 1321 qui
1286 1244 1328 1305 ad
1354 1261 1466 1308 sacros
1491 1249 1625 1312 ordines
1651 1252 1774 1315 suerint

122 1333 364 1391 honestetiums.
373 1330 582 1391 llichaelissub
591 1331 669 1390 beati
679 1334 791 1390 Petrlet
800 1346 853 1390 sue
862 1347 924 1405 pro
978 1339 1205 1413 promovendi,
1221 1357 1242 1402 a
1261 1341 1450 1406 dioecesauo
1475 1348 1664 1425 suscipiatis
1679 1351 1773 1427 epis-

156 1419 283 1480 motione
298 1421 431 1494 millii,
452 1434 611 1493 ⁰¹¹¹¹10⁸<ll¹0
629 1420 692 1494 010³
711 1421 923 1494 l⁰⁸³⁶⁸⁸¹⁰¹¹0⁸2
979 1448 1072 1511 copo,
1088 1435 1251 1514 siquidem
1264 1440 1448 1503 catholicus
1463 1443 1573 1518 suerit,
1586 1450 1618 1507 et
1630 1448 1774 1523 gratiam

157 1509 708 1583 10111111111011111111811001111111111·
978 1533 1076 1608 atque
1095 1537 1359 1599 communionem
1379 1542 1577 1616 Apostolicae
1594 1545 1687 1607 Sedis
1710 1547 1774 1608 ha-

13 1696 14 1705 ,
162 1637 334 1697 Honorius
344 1635 531 1713 episcopus
542 1652 658 1697 servus
669 1651 841 1697 servorum
851 1636 921 1707 Dei,
978 1627 1097 1702 buerit,
1130 1631 1366 1710 0163813118,
1396 1638 1430 1698 θῐ
1454 1639 1578 1717 absque
1608 1644 1773 1718 pravitate

13 1708 15 1783 7
125 1733 257 1796 dilectis
296 1733 375 1794 liliis
410 1733 553 1795 (luidoni
587 1733 699 1795 abbati
731 1734 924 1796 monasterii
978 1726 1073 1789 vobis
1114 1730 1258 1791 voluerit
1294 1732 1464 1807 exhibere,
1498 1736 1648 1815 alioquin
1680 1742 1774 1802 vobis

125 1833 234 1894 sancti
250 1831 437 1904 Michaelis,
465 1830 551 1909 quod
578 1830 613 1891 iu
637 1832 772 1893 civitate
799 1833 923 1892 Pisana
979 1842 1219 1904 quemcumque
1245 1829 1431 1893 malueritis
1456 1835 1655 1897 catholicum
1681 1839 1775 1901 adire
1833 1852 1837 1856 ·

13 1938 14 1983 i
125 1930 225 1992 situm
244 1931 306 2001 est,
325 1932 462 2006 ejusque
481 1927 640 1990 iratribus
658 1928 727 1991 tam
749 1930 925 2006 praesenti·
979 1924 1172 1997 antistitem,
1196 1926 1253 2003 qui
1267 1927 1425 1990 nimirum
1440 1933 1553 1993 nostra
1570 1933 1672 1997 tultus
1690 1952 1774 1997 auc-

124 2027 195 2100 bns‚
209 2042 309 2104 quam
321 2026 442 2088 tuturis
453 2025 643 2104 regularem
653 2026 755 2088 vitam
765 2026 924 2105 professis
978 2022 1122 2091 nitate,
1139 2021 1297 2101 vobisque
1319 2027 1487 2103 postulata
1506 2030 1691 2108 indulgeat;
1708 2035 1778 2097 cle-

125 2124 158 2186 in
171 2126 381 2203 perpetuum.
979 2119 1066 2182 ricos
1077 2135 1168 2193 vero,
1186 2121 1260 2183 sive
1276 2122 1378 2185 laicos
1393 2124 1529 2197 liberos,
1544 2129 1578 2190 et
1594 2128 1773 2204 absolutos,

13 2286 14 2293 ,
163 2223 276 2284 Ottlcii
290 2222 395 2283 nostri
409 2236 469 2283 uos
484 2221 640 2283 admonet
655 2222 688 2285 et
703 2221 825 2284 inritat
838 2237 923 2283 auc·
979 2218 1036 2294 qui
1055 2218 1096 2279 ad
1111 2214 1170 2280 ios
1186 2222 1414 2283 conversionis
1428 2224 1537 2299 gratia
1550 2226 1694 2290 transire
1709 2245 1776 2290 vo-

13 2342 15 2385 τ
124 2321 253 2393 toritas,
277 2321 340 2382 etc.
367 2321 561 2397 Eapropter,
583 2318 695 2381 dilecti
724 2320 758 2381 lu
784 2319 924 2381 homino
978 2314 1120 2390 luerint3
1151 2316 1355 2393 suscipiendi
1384 2319 1537 2382 babeatis
1556 2323 1696 2385 liberam
1720 2325 1735 2386 1
1755 2359 1775 2372 -

13 2434 15 2447 ’
124 2418 332 2490 tilii,vest1is
338 2416 439 2495 justis
450 2416 728 2494 postulationibus
742 2418 926 2479 clementer
980 2412 1146 2475 cultatem.
1162 2413 1211 2474 Ad
1226 2413 1298 2476 haec
1314 2419 1489 2493 praesentis
1511 2420 1637 2483 decreti
1659 2438 1775 2484 asser·

125 2514 544 2592 annuimus,etpraetatum
555 2515 924 2592 monasterium,inquo
978 2511 1069 2571 tione
1093 2511 1272 2582 sancimus,
1296 2515 1332 2574 ut
1361 2515 1472 2576 nullus
1501 2516 1589 2579 inira
1614 2520 1790 2582 terminos·

124 2614 239 2677 divino
258 2612 440 2690 mancipati
459 2609 539 2673 estis
560 2611 728 2689 obsequio,
744 2611 786 2673 ad
809 2627 925 2673 exem-
978 2609 1146 2683 parochiae
1170 2612 1301 2682 vestrae,
1326 2612 1380 2674 vel
1409 2613 1626 2676 ecclesiarum
1645 2621 1778 2679 vestra-

13 2736 14 2763 1
125 2712 200 2789 plar
214 2709 324 2771 felicis
338 2709 581 2771 recordatiouis
602 2709 752 2782 Adriani,
769 2710 802 2771 et
822 2708 925 2770 Alex·
978 2720 1063 2778 rum,
1087 2707 1160 2768 sine
1182 2723 1347 2770 consensu
1368 2709 1549 2772 dioecesani
1573 2714 1719 2792 episcopi
1743 2718 1777 2778 et

124 2809 222 2871 andri
240 2807 523 2886 praedecessorum
545 2807 734 2868 nostrorum
755 2809 925 2868 Romano·
978 2799 1101 2875 vestro,
1118 2804 1264 2882 aliquam
1280 2806 1455 2868 ecclesiam
1468 2809 1634 2872 aedificare
1648 2828 1778 2889 preasu-

123 2923 197 2968 rum
219 2904 418 2967 Pontlllcum
439 2903 500 2964 sub
518 2903 609 2965 beati
627 2903 729 2974 Petri,
754 2907 787 2965 et
810 2904 923 2965 nostra
979 2902 1058 2962 mat.
1073 2902 1283 2978 sepulturam
1294 2920 1424 2982 quoque
1437 2905 1543 2983 ipsius
1558 2907 1623 2968 loci
1636 2908 1776 2971 liberam

13 3044 15 3087 3
124 3003 332 3082 protectione
347 3001 558 3079 suscipimus,
573 3002 792 3079 etpraesentis
809 3001 924 3078 scripti
979 3014 1052 3060 esse
1081 2998 1302 3074 decernimus,
1331 3003 1507 3064 uteorum
1533 3004 1711 3079 devotioni,
1744 3009 1778 3069 et

126 3100 574 3179 patrociniocommunimus.
585 3098 750 3176 Imprimis
759 3097 922 3177 siquidem
978 3096 1136 3158 extremm
1155 3097 1328 3171 voluntati,
1346 3099 1453 3177 quise
1472 3102 1543 3164 illic
1565 3104 1700 3179 sepeliri
1718 3105 1778 3166 de-

13 3206 15 3281 ss
125 3198 326 3270 statuentes,
343 3196 379 3258 ut
393 3196 474 3258 ordo
492 3196 706 3269 monasticus,
726 3197 782 3274 qui
804 3212 925 3258 secun-
978 3193 1206 3268 liberarerint,
1225 3195 1290 3257 nisi
1306 3196 1391 3259 sorte
1410 3202 1700 3274 excommunicati,
1722 3203 1776 3264 vel

13 3308 15 3353 1
124 3295 201 3357 dum
227 3297 346 3366 Deum,
373 3293 407 3355 et
434 3291 541 3354 sancti
566 3292 737 3354 Benedicti
759 3292 920 3368 regulam,
978 3291 1146 3354 interdicti
1162 3293 1239 3365 sint,
1263 3295 1375 3355 nullus
1390 3296 1539 3369 obsistat,
1556 3298 1776 3362 salvatamen

122 3395 222 3470 atque
256 3390 542 3453 (lamalduleusem
577 3389 861 3463 consuetudinem,
888 3390 923 3451 in
974 3388 1106 3465 justitia
1121 3388 1256 3451 illarum
1269 3392 1498 3467 ecclesiarum,
1513 3395 1678 3473 inquibus
1691 3414 1777 3459 mor·

13 3520 14 3523 ¹
123 3491 240 3553 eodem
269 3488 472 3550 monasterio
503 3487 711 3563 dignoscitur
738 3487 921 3559 institutus,
979 3486 1110 3547 tuorum
1126 3493 1505 3563 corporeassumuntur.

124 3588 245 3650 bituris
281 3586 403 3648 ibidem
438 3585 644 3662 temporibus
684 3583 925 3647 iuviolabiliter
1019 3583 1235 3645 Decernimus
1251 3600 1341 3661 ergo,
1358 3589 1420 3648 etc.

124 3683 352 3747 conservetur.
369 3684 536 3745 Praeterea
556 3697 779 3760 quascumque
791 3697 925 3759 posses·
1019 3682 1086 3756 Ego
1101 3682 1281 3756 Honorius,
1291 3683 1471 3746 Catholicae
1482 3686 1639 3749 Ecclesiae
1652 3690 1776 3766 episcc-

124 3783 247 3854 siones,
263 3796 480 3859 quaecumque
491 3780 673 3841 bonaidem
685 3779 924 3841 monasterium
979 3793 1041 3854 pus
1056 3793 1100 3838 ss.

122 3881 157 3941 in
170 3878 428 3958 praesentiarum
437 3878 527 3955 juste
542 3878 575 3939 et
588 3877 749 3939 canonice
764 3876 922 3954 possidet,
1018 3877 1086 3951 Ego
1120 3875 1314 3950 Nicholaus,
1346 3878 1605 3941 Tusculanensis
1645 3884 1776 3961 episco-

123 3978 181 4040 aut
196 3979 233 4038 in
249 3976 398 4037 futurum
410 3975 627 4038 concessione
638 3975 840 4052 pontificum,
855 3973 925 4035 lar·
979 3988 1041 4050 pus
1055 3988 1101 4033 ss,

122 4075 377 4151 gitioneregum
387 4073 439 4135 vel
450 4072 649 4151 principum,
666 4072 832 4134 oblatione
843 4071 926 4132 lide·
1019 4073 1087 4147 Ego
1103 4070 1220 4144 (luido,
1236 4073 1463 4136 Praenestinus
1477 4075 1652 4154 episcopus
1668 4094 1713 4139 ss.

124 4173 218 4245 lium,
235 4186 297 4233 seu
311 4171 388 4231 aliis
400 4170 500 4248 justis
517 4170 635 4242 modis,
653 4169 832 4247 praestante
855 4171 924 4231 Do·
1019 4170 1087 4244 Ego
1102 4171 1232 4242 Petrus,
1250 4169 1449 4233 Sabinorum
1465 4173 1639 4252 episcopus
1662 4192 1706 4237 ss.

124 4271 228 4340 mine,
247 4266 368 4346 poterit
389 4267 541 4344 adipisci,
566 4267 660 4328 llrma
674 4267 770 4328 vobis
786 4266 926 4329 vestris-
1018 4267 1086 4341 Ego
1100 4267 1266 4343 Pelagius,
1279 4268 1481 4331 Albanensis
1493 4271 1670 4351 episcopus
1681 4291 1725 4335 ss.

13 4400 14 4403 =
124 4382 188 4445 que
211 4364 462 4427 successoribus
485 4364 519 4426 et
536 4363 673 4426 illabata
696 4365 923 4441 permaneant,
1020 4365 1087 4439 Ego
1100 4365 1178 4437 Leo,
1190 4364 1240 4427 tit.
1251 4368 1381 4429 Sanctae
1391 4369 1506 4430 Crucis
1518 4371 1553 4431 in
1567 4371 1775 4434 Hierusalem

124 4464 158 4525 in
173 4463 297 4542 quibus
305 4462 377 4524 baec
387 4462 532 4540 propriis
543 4461 699 4523 duximus
708 4461 925 4539 exprimenda
979 4461 1088 4538 presb.
1105 4461 1196 4524 card.
1213 4478 1257 4524 ss.

13 4554 15 4649 ζ
123 4560 319 4622 vocabulis:
336 4561 445 4622 locum
463 4559 584 4637 ipsum,
609 4559 645 4620 in
667 4573 732 4636 quo
751 4558 925 4637 praelatum
1019 4560 1230 4637 Echetrus‚
1248 4561 1378 4622 sauctae
1392 4563 1671 4627 Pudentlanaetit.
1688 4569 1774 4627 Pas-

125 4656 366 4719 mouasterium
385 4656 485 4718 situm
503 4655 564 4727 est,
584 4670 661 4718 cum
673 4654 828 4718 omuibus
843 4671 924 4733 per-
978 4656 1061 4719 ton‘s
1076 4655 1185 4735 presb.
1199 4657 1290 4719 card.
1305 4672 1348 4718 ss.

13 4740 15 4785 ³
124 4755 277 4817 tinentiis
288 4754 369 4815 suis.
377 4753 560 4817 Ecclesiam
575 4754 688 4815 Sancti
700 4753 872 4816 Laurentii
884 4752 925 4816 de
1019 4756 1087 4832 Ego
1123 4752 1297 4827 Robertus,
1333 4754 1384 4816 tit.
1410 4757 1524 4818 Sancti
1552 4759 1711 4836 Stephani
1741 4761 1775 4823 in

13 4916 14 4923 ,
126 4852 260 4916 Rivolta
273 4866 351 4914 cum
377 4851 535 4929 hospitali
554 4853 588 4913 et
609 4849 819 4929 pertinentiis
842 4850 922 4913 suis.
980 4851 1082 4914 Goelio
1097 4852 1209 4914 moute
1223 4850 1333 4929 presb.
1349 4851 1440 4914 card.
1456 4867 1503 4914 ss.

126 4944 310 5012 Ecclesiam
333 4950 456 5011 sanctae
478 4948 622 5010 ceciliae.
642 4950 702 5011 lus
718 4950 865 5011 vestrum
889 4948 924 5010 in
1019 4952 1087 5027 Ego
1099 4948 1298 5026 Stephanus,
1309 4949 1458 5011 basilicae
1469 4953 1531 5013 XII
1542 4954 1776 5031 Apostolorum

126 5047 271 5109 ecclesia
298 5047 405 5109 sancti
435 5044 666 5123 Christophori
693 5046 734 5107 de
752 5045 925 5122 Galignola
979 5046 1088 5125 presb.
1105 5045 1196 5108 card.
1213 5061 1258 5107 ss.

13 5144 15 5235 ξ
127 5160 201 5206 cum
221 5145 364 5220 integris
382 5143 551 5221 parochiis
566 5145 600 5204 et
623 5143 822 5205 dioecesibus
839 5143 922 5205 suis.
1019 5146 1087 5221 Ego
1121 5145 1316 5222 Gregorius,
1342 5147 1394 5209 tit.
1422 5150 1554 5211 Sanctae
1587 5151 1776 5214 anastasie

13 5246 15 5291 Ξ
126 5245 283 5304 1111111111
304 5244 494 5302 sanctorum
506 5241 642 5313 Verani,
664 5240 834 5313 etJaccbi,
851 5257 924 5318 quae
979 5241 1086 5321 presb.
1104 5243 1195 5304 card.
1211 5257 1256 5304 ss.
1297 5298 1300 5303 .

127 5341 236 5417 posita
258 5339 310 5400 est
329 5337 364 5400 in
381 5338 566 5400 confinibus
580 5337 682 5409 Caici,
712 5338 748 5399 in
771 5338 845 5400 loco
868 5339 925 5417 qui
1019 5342 1087 5416 ligo
1122 5340 1334 5415 Octavianus,
1370 5343 1566 5405 Sanctorum
1608 5345 1716 5419 Sergii
1744 5349 1778 5407 et

127 5436 251 5500 dicitur
266 5437 462 5513 Costacqua,
476 5451 551 5497 cum
568 5423 720 5498 omuibus
735 5436 923 5513 possessio·
978 5437 1102 5499 Bacchi
1116 5437 1202 5500 diac.
1218 5440 1308 5502 card.
1327 5456 1371 5501 ss.

126 5535 225 5596 uibus
241 5535 275 5596 et
291 5532 502 5610 pertiuentiis
517 5534 598 5595 suis.
615 5533 779 5611 Quidquid
794 5533 925 5595 habetis
1019 5537 1087 5612 Ego
1102 5534 1292 5609 Rainerius,
1308 5539 1439 5601 Sanctae
1455 5537 1570 5599 Mariae
1592 5537 1628 5599 iu
1643 5540 1778 5602 cosme-

128 5633 160 5693 111
173 5631 257 5695 villa
270 5630 312 5693 de
329 5630 511 5703 Chessano‚
523 5630 565 5691 de
576 5631 759 5707 Galignola,
780 5631 820 5692 de
836 5633 926 5692 Mes-
979 5630 1035 5692 diu
1051 5631 1136 5693 diac.
1151 5633 1241 5695 card.
1258 5650 1302 5695 ss.
