3928 6200
121 338 149 399 11
748 326 978 390 EPISTOLAE.
1001 327 1080 388 LIB.
1103 328 1128 388 Ι.
1724 330 1763 392 18

119 498 178 575 jura
191 490 407 571 episcopalia
421 491 458 553 in
472 487 639 569 praedictis
651 487 913 551 33313311331131-
942 442 947 449 .
963 485 1053 549 idem
1068 485 1318 561 monasterium,
1334 487 1367 549 et
1381 487 1493 549 omnia
1508 502 1582 566 quae
1597 487 1762 566 adipsum
1878 484 1880 489 ’

122 590 212 659 cendi,
234 606 314 668 quae
341 589 524 651 secundum
545 587 655 657 etiam¹
668 584 910 649 contessionem
964 585 1132 663 pertinent
1146 585 1243 662 pleno
1260 588 1337 663 jnre
1357 586 1470 663 quieta
1493 601 1637 663 semper,
1660 586 1694 649 et
1719 586 1760 648 ab

121 689 288 752 1131113331
299 688 337 749 13
349 686 489 749 dioecesi
502 685 718 754 Thuamensi,
730 683 909 762 prohibuit,
965 683 1055 743 omni
1079 685 1161 760 jugo
1189 682 1378 744 mortalium
1418 682 1525 745 libera
1561 683 1621 745 sub
1657 684 1761 746 solius

121 803 152 849 ne
164 788 198 848 tu
210 786 328 864 ipsum
350 800 452 862 super
470 783 596 845 eisdem
617 782 768 844 ecclesiis
792 782 826 843 et
848 797 910 843 ea·
965 779 1089 842 sauctae
1104 783 1262 841 Romanae
1276 779 1433 842 Ecclesiae
1443 782 1521 857 jure
1545 796 1594 854 ac,
1603 783 1762 859 perpetua

120 883 261 947 rumdem
292 881 506 961 pertinentiis
526 880 703 959 inquietes.
737 880 788 941 Ne
809 878 913 956 igitur
964 876 1157 938 defensione
1177 879 1372 940 consistant.
1396 879 1564 941 Praeterea
1584 895 1762 956 quascum-

121 981 312 1060 sepedietus
336 978 556 1041 Thuamensis
591 977 767 1040 occasione
796 976 917 1039 verbo·
965 991 1028 1051 que
1054 974 1296 1052 possessiones,
1324 991 1539 1053 quaecumque
1565 975 1652 1037 bona
1675 976 1761 1038 idem

121 1096 182 1142 rum
193 1079 347 1151 illorum,
362 1077 552 1140 eorumdem
570 1061 726 1139 videlicet
740 1075 913 1153 pertinen·
965 1072 1202 1135 monasterium
1217 1073 1251 1134 in
1270 1074 1523 1150 praesentiarum
1540 1074 1630 1153 juste
1644 1090 1684 1135 ac
1699 1090 1760 1136 ca-

119 1178 165 1239 tiis
191 1177 228 1239 in
253 1176 349 1238 111113
376 1176 409 1237 31
435 1174 586 1237 333133113
612 1172 813 1251 supradictis
837 1172 912 1249 plus
965 1168 1085 1230 nonice
1096 1169 1253 1246 possidet,
1271 1171 1329 1231 aut
1340 1168 1376 1230 in
1387 1169 1533 1231 futurum
1546 1171 1762 1233 concessione

120 1290 276 1353 usurpare
292 1272 475 1353 praesumat
495 1287 595 1350 111313
613 1270 678 1333 sibi
692 1286 712 1332 a
727 1270 911 1333 canonibus
965 1266 1174 1341 Pontificum,
1184 1267 1362 1343 largitione
1369 1283 1486 1344 regum
1493 1268 1547 1330 131
1559 1268 1757 1346 principum,

120 1373 240 1436 ratione
262 1371 354 1450 iuris
379 1368 579 1448 episcopalis
602 1369 829 1447 permittitur:
850 1383 911 1430 nos
965 1363 1134 1426 oblatione
1153 1364 1312 1438 iidelium,
1335 1381 1395 1426 seu
1419 1366 1617 1443 31113133113
1641 1365 1758 1438 modis,

119 1470 260 1533 13133133
273 1467 485 1531 indemnitati
500 1468 566 1528 1113
583 1467 732 1545 paternae
747 1464 914 1527 sollicitu-
965 1462 1145 1539 praestante
1174 1462 1314 1524 Domino
1336 1463 1458 1538 poterit
1484 1462 1636 1540 adipisci,
1663 1463 1760 1525 tirma

119 1569 185 1630 dine
213 1582 419 1645 praecavere,
440 1563 668 1627 insinuatione
694 1562 912 1642 praesentium

120 1665 333 1737 declaramus,
358 1662 552 1742 praedictam
574 1661 759 1724 clausulam
785 1661 827 1723 ad
854 1661 912 1723 illa

124 1762 235 1825 debere
250 1761 426 1839 restringi,
443 1776 516 1837 3113
533 1760 603 1837 jnri
624 1758 806 1838 episcopali
828 1774 912 1821 nos-

124 1859 235 1920 cuntur
257 1873 404 1920 annexa.
434 1855 527 1919 Nulli
550 1872 629 1935 ergo
651 1856 822 1918 hominum
842 1871 915 1917 om-

125 1956 195 2018 nino
219 1955 332 2025 liceat,
357 1956 420 2017 etc.
448 1954 566 2017 Datum
592 1952 735 2025 Perusii,
764 1955 810 2016 ill
838 1952 913 2015 idus

125 2056 210 2129 lug,
226 2052 441 2131 pontificatus
454 2051 559 2114 nostri
570 2066 658 2114 anno
672 2051 790 2129 primo.

469 2273 560 2360 XIV

186 2482 233 2543 Ad
245 2481 460 2553 8133133331
471 2478 626 2540 abactam
639 2478 845 2540 asscitustertt

124 2580 157 2638 8.
178 2579 351 2639 Benedicti
373 2579 582 2648 0331333313,
607 2578 747 2650 ejusque
768 2576 911 2650 acueres.

422 2689 456 2747 12
470 2704 538 2763 aug.
556 2688 634 2746 11111.

247 2830 403 2896 [Bullatium
414 2831 569 2889 Romanum,
580 2834 599 2880 1.
613 2829 657 2888 111,
671 2843 697 2894 p.
708 2827 776 2894 30i].
827 2833 837 2850 ·

121 2990 297 3049 Confirmatio
315 2990 458 3049 bonorum
476 2990 615 3058 omnium,
639 3002 674 3047 33
697 2988 913 3062 privilegiorum

254 3081 406 3138 3333113313
422 3079 596 3136 monasterio
611 3077 769 3141 casinensi.

157 3215 323 3276 Honorius
362 3214 553 3291 episcopus,
590 3228 708 3275 331133
740 3227 912 3275 servorum

120 3313 192 3384 Dei,
206 3312 336 3374 dilectis
349 3311 429 3372 tiliis
448 3310 615 3388 Stephano
640 3309 752 3372 abbati
771 3326 911 3371 monas·

118 3409 193 3469 terii
212 3412 244 3471 S.
259 3408 433 3471 Benedicti
448 3408 655 3480 casinensis,
679 3410 818 3485 ejusque
843 3407 914 3468 ira-

118 3507 221 3567 tribus
232 3508 301 3569 tam
316 3506 537 3584 praesentibus
559 3521 657 3583 quam
676 3504 797 3566 futuris
811 3520 914 3582 regu-

119 3602 218 3665 larem
233 3605 337 3666 111331
352 3603 511 3681 protessis
527 3602 562 3663 in
575 3603 781 3680 perpetuum.

156 3702 379 3780 omnipotenti
393 3703 473 3774 Deo,
494 3702 588 3777 quus
602 3700 721 3761 melior
745 3699 796 3762 est
807 3699 916 3760 mise--

116 3798 258 3861 ricordia
272 3798 483 3876 supervitas,
504 3798 630 3875 gratias
645 3798 776 3873 agimus
798 3796 914 3875 copio-

116 3912 184 3969 sas,
212 3898 372 3975 quoniam
400 3896 567 3973 gloriosus
603 3895 639 3956 in
668 3895 792 3957 sanctis
829 3895 909 3967 suis,

118 3995 214 4070 atque
236 3993 403 4055 mirabilis
424 3994 490 4065 est,
513 3994 547 4054 et
571 3992 710 4054 uirtutes
733 4008 811 4054 suas
837 3992 914 4053 ubi-

117 4108 252 4169 cumque
267 4092 341 4154 vult
354 4090 517 4152 ineffabili
532 4090 679 4152 bonitate
697 4088 910 4150 demonstrat.

116 4190 189 4266 lpse
202 4190 325 4268 quippe
346 4188 550 4265 dignationis
575 4204 645 4250 333
669 4187 817 4265 potentia
831 4186 913 4249 hea-

8 4334 9 4339 ,
116 4286 279 4348 tissimum
291 4286 508 4348 Benedictum
521 4286 649 4362 patrem
662 4284 834 4347 constituit
846 4301 913 4347 mo·

10 4456 14 4469 Ι
115 4385 309 4457 nachorum,
333 4384 442 4461 ipsum
466 4384 658 4445 monasticae
685 4381 912 4459 legislatorem

116 4483 149 4543 et
174 4485 384 4561 operatorem
409 4496 482 4543 esse
511 4480 701 4559 disponens,
733 4481 770 4541 ut
794 4480 912 4542 merito

116 4580 293 4642 Casinense
316 4578 558 4641 monasterium
572 4578 607 4639 in
623 4594 698 4655 quo,
713 4579 746 4639 et
769 4576 913 4639 sanctis-

116 4677 195 4739 sime
215 4678 302 4739 vixit
324 4677 358 4738 et
379 4674 621 4753 gloriosissime
642 4675 734 4748 obiit,
758 4675 912 4736 omnibus

115 4772 399 4850 peroccicentcm
421 4772 633 4834 monasteriis
655 4771 825 4848 dignitatis
841 4770 913 4849 pri-

115 4871 233 4949 uilegio
249 4870 441 4933 antecellat.
464 4869 627 4942 Quoniam
649 4869 752 4945 igitur
775 4868 912 4945 dignum

965 1558 1070 1631 131113,
1086 1560 1273 1636 uestrisque
1299 1560 1557 1633 successoribus,
1581 1561 1614 1622 et
1631 1559 1761 1622 illibata

966 1659 1193 1732 permaneant.
1216 1657 1388 1735 inquibus
1409 1657 1482 1719 1133
1494 1658 1638 1735 propriis
1657 1658 1760 1718 duxi-

965 1769 1039 1814 mus
1054 1753 1289 1831 experimenda
1302 1755 1485 1815 vocabulis.
1503 1754 1669 1832 Inprimis
1688 1770 1763 1816 mo-

966 1851 1148 1912 nasterium
1178 1850 1303 1912 domini
1333 1851 1515 1913 Salvatcris
1548 1852 1691 1930 positum
1719 1851 1761 1912 ad
1820 1896 1825 1909 .

966 1948 1082 2025 pedem
1098 1948 1210 2008 Casini
1230 1949 1364 2021 Montis,
1379 1949 1615 2011 monasterium
1632 1948 1762 2009 Sanctae

966 2044 1151 2107 Genetricis
1178 2045 1239 2106 Dei
1264 2046 1412 2121 Virginis
1444 2046 1560 2107 Mariae
1587 2045 1672 2123 quod
1696 2062 1761 2107 13-

966 2142 1061 2204 catur
1091 2141 1319 2215 Plumbarola,
1358 2143 1597 2204 monasterium
1630 2141 1761 2204 Sancta

966 2239 1082 2301 Mariae
1114 2239 1150 2300 in
1183 2239 1319 2316 cingla,
1357 2240 1476 2301 cellam
1514 2239 1627 2301 Sancti
1654 2241 1763 2301 Bene-

966 2335 1046 2398 dicti
1073 2337 1109 2396 in
1136 2338 1262 2413 Capua,
1293 2352 1368 2397 cum
1398 2336 1491 2398 cellis
1524 2337 1557 2397 et
1588 2335 1761 2412 pertinen-

965 2433 1022 2495 tiis
1045 2434 1126 2506 suis,
1152 2433 1265 2495 Sancti
1288 2434 1406 2510 Angeli
1430 2432 1472 2494 ad
1498 2435 1663 2506 Formam,
1687 2449 1762 2495 cum

966 2531 1059 2593 cellis
1075 2533 1108 2594 et
1128 2531 1338 2609 pertinentiis
1361 2531 1442 2603 suis,
1467 2531 1579 2593 Sancti
1600 2530 1761 2593 iohannis

966 2628 1169 2699 Puellarum,
1188 2629 1300 2689 Sancti
1315 2627 1401 2700 Ruti,
1419 2630 1452 2688 S.
1464 2627 1633 2689 Benedicti
1644 2626 1760 2699 Pizcli,

967 2725 1079 2787 Sancti
1097 2725 1218 2801 Angeli
1237 2725 1278 2786 ad
1294 2724 1496 2797 odaldiscos,
1521 2727 1554 2786 S.
1570 2723 1709 2800 Agathan
1723 2723 1759 2783 in

954 2826 1101 2895 ¹Aversa,
1123 2822 1253 2885 833313
1268 2822 1409 2884 (1331113
1432 2821 1465 2884 31
1484 2822 1598 2883 833311
1617 2820 1762 2882 1111311111

965 2921 1001 2981 13
1015 2920 1167 2998 Neapoli.
1194 2922 1231 2980 In
1246 2920 1382 2981 civitate
1406 2918 1640 2981 Beneventana
1654 2917 1763 2979 33313-

966 3018 1050 3080 siam
1081 3018 1195 3080 Sancti
1213 3018 1384 3080 Benedicti
1406 3017 1446 3079 ad
1472 3018 1606 3079 Portam
1635 3015 1760 3089 Rutlni,

967 3114 1080 3177 Sancti
1094 3115 1225 3177 Nicolai
1238 3115 1274 3177 in
1291 3115 1429 3177 31111313
1444 3116 1548 3187 Ν313,
1567 3113 1680 3175 Sancti
1693 3115 1762 3174 Ba-

965 3213 1089 3274 nedicti
1103 3214 1140 3274 13
1155 3214 1317 3285 Ρ331333,
1338 3213 1452 3274 Sancti
1466 3212 1598 3274 Nicolai
1614 3212 1648 3273 in
1663 3212 1762 3272 Petra

967 3310 1136 3383 Pulecina,
1170 3312 1203 3371 S.
1232 3310 1368 3387 Georgii
1397 3310 1433 3371 in
1462 3309 1619 3382 Benuclo,
1650 3307 1763 3370 Sancti

964 3408 1127 3469 iohannis
1143 3408 1178 3467 in
1192 3407 1384 3480 Turlecuso,
1400 3407 1513 3469 Sancti
1528 3406 1618 3468 Petri
1632 3406 1668 3467 in
1683 3409 1764 3467 Ros·

965 3521 1058 3578 sano,
1076 3508 1108 3566 S.
1125 3505 1245 3581 angeli
1255 3505 1290 3565 13
1301 3505 1472 3581 Capraria,
1485 3505 1598 3566 Sancti
1610 3503 1772 3566 ianuarii*

965 3618 1068 3680 prope
1082 3602 1319 3675 Beneventum,
1342 3601 1456 3663 Sancti
1477 3600 1612 3663 Martini
1627 3599 1760 3672 ibidem,

966 3701 1080 3762 Sancti
1103 3700 1256 3777 Dionysii
1288 3701 1324 3762 in
1366 3699 1481 3772 Ponte,
1516 3702 1548 3759 S.
1580 3698 1761 3771 Anastasii,

967 3797 1097 3859 Sanctae
1120 3797 1238 3858 Mariae
1270 3797 1306 3857 in
1332 3796 1478 3857 Canneto
1502 3795 1600 3873 juxta
1623 3795 1762 3856 11311313

964 3894 1126 3967 Trinium,
1169 3893 1282 3955 Sancti
1321 3892 1494 3954 Laurentii
1535 3892 1571 3953 in
1610 3890 1760 3964 8313133,

967 3991 1078 4054 Sancti
1094 3991 1299 4053 Liberatoris
1320 3989 1356 4051 in
1370 3988 1534 4062 Marchia,
1560 4004 1635 4051 cum
1654 3987 1764 4049 omni-

964 4091 1026 4152 hus
1039 4089 1109 4150 suis
1124 4088 1349 4166 pertinentiis,
1364 4091 1397 4149 S.
1413 4086 1583 4148 Benedicti
1598 4087 1632 4147 in
1643 4085 1760 4159 Marsi,

967 4190 999 4249 S.
1016 4187 1132 4249 Mariae
1146 4186 1182 4248 in
1203 4187 1304 4259 Lucc,
1320 4187 1353 4247 S.
1369 4185 1531 4247 Cosmatis
1546 4185 1582 4246 in
1596 4183 1760 4257 civitella,

966 4285 1080 4347 Sancti
1093 4284 1212 4361 angeli
1226 4285 1261 4345 in
1283 4284 1401 4346 Barcio
1417 4298 1492 4344 cum
1516 4282 1668 4345 omnihus
1681 4297 1762 4360 per-

963 4382 1114 4445 tinentiis
1144 4382 1225 4454 suis,
1257 4382 1387 4443 Sanctae
1414 4380 1530 4442 Mariae
1556 4380 1762 4443 Ancillarum

965 4480 1023 4542 Dei
1038 4480 1074 4541 ln
1090 4479 1225 4542 31111313
1247 4479 1436 4551 cosentina,
1468 4478 1581 4539 Sancti
1609 4477 1701 4540 Petri
1722 4475 1762 4538 de

965 4580 1066 4650 Lacu,
1090 4578 1203 4639 Sancti
1219 4577 1310 4639 Petri
1325 4577 1366 4637 de
1385 4575 1548 4638 avellana
1569 4590 1644 4635 cum
1668 4573 1761 4634 cellis
1811 4636 1815 4645 ,

965 4675 998 4737 31
1009 4675 1220 4753 pertinentiis
1236 4674 1318 4744 suia,
1337 4673 1450 4733 Sancti
1463 4671 1593 4733 Ernsmi
1606 4671 1639 4732 et
1654 4671 1686 4730 8.
1703 4671 1763 4731 Β3-

965 4773 1099 4846 nedicti,
1117 4772 1150 4833 et
1164 4775 1195 4833 8.
1215 4770 1430 4831 Scholasticae
1445 4769 1480 4828 in
1502 4768 1629 4839 Gaieta,
1647 4767 1761 4827 Sancti

964 4870 1078 4931 Manni
1091 4868 1126 4929 in
1146 4866 1271 4930 Fundis
1286 4882 1361 4928 cnm
1383 4864 1478 4926 cellis
1503 4866 1535 4926 et
1548 4862 1759 4941 pertinentiis

117 4970 172 5041 est
189 4972 304 5032 uttam
315 4966 447 5029 celebre
459 4983 497 5028 ac
512 4967 659 5028 solemne
674 4955 911 5028 monasterium
964 4967 1046 5039 suis,
1063 4965 1194 5027 Sanctae
1205 4963 1343 5040 Agathae
1358 4964 1391 5024 et
1402 4961 1515 5024 Sancti
1529 4961 1711 5034 Benedicti,
1729 4961 1763 5024 et

117 5068 305 5143 apostolica
336 5065 440 5127 Sedes
470 5065 649 5143 specialius
681 5064 908 5143 amplectatur,
966 5064 1078 5125 Sancti
1094 5062 1254 5140 Stephani
1273 5060 1307 5121 in
1323 5059 1514 5133 Terracina,
1539 5059 1651 5122 Sancti
1669 5059 1761 5122 Petri

117 5165 354 5227 monasterium
383 5163 509 5240 ipsum,
537 5162 578 5223 ad
605 5162 777 5239 exemplar
804 5161 911 5224 felicis
963 5161 1159 5233 quorcsta,
1185 5158 1756 5236 3313331113313311133311133313,

116 5264 282 5323 3131113113
298 5260 477 5322 Clementis
492 5261 524 5322 et
544 5259 729 5321 1333333111
743 5261 912 5322 Romano-
965 5263 998 5322 8.
1028 5258 1134 5320 Heliae
1165 5258 1199 5318 13
1227 5256 1409 5329 Amhrisia,
1445 5257 1557 5319 Sancti
1590 5255 1687 5317 Pauli
1721 5254 1758 5319 in

117 5374 185 5419 rum
202 5359 404 5422 Pontificum
425 5357 706 5437 praedecessorum
721 5359 910 5419 nostrorum
965 5356 1112 5428 Boresta,
1132 5357 1164 5417 S.
1181 5355 1298 5416 Mariae
1313 5356 1387 5416 etS.
1400 5354 1567 5416 vincentii
1582 5352 1616 5413 13
1631 5351 1758 5413 Ρ3313-

120 5455 278 5519 3311113311
296 5455 387 5517 Petri
402 5458 435 5517 et
449 5456 562 5517 nostra
576 5454 782 5533 protectione
802 5456 912 5517 susci·
964 5469 1066 5516 curvo
1081 5469 1155 5514 cum
1168 5452 1262 5513 331113
1274 5451 1307 5514 31
1319 5450 1527 5528 pertinentiis
1542 5449 1623 5521 suis,
1641 5449 1757 5510 Sancti

120 5553 230 5630 pirrus,
247 5556 282 5617 et
300 5552 476 5631 praesentis
496 5552 611 5631 scripti
629 5552 805 5631 privilegio
820 5569 912 5615 com·
963 5551 1132 5614 Benedicti
1146 5550 1181 5611 13
1196 5550 1394 5627 Bagnorala,
1408 5550 1440 5609 S.
1459 5546 1574 5609 Mariae
1588 5546 1621 5608 et
1636 5547 1669 5606 S.
1684 5548 1755 5607 Lu-

118 5654 282 5714 mnninus.
301 5654 339 5713 13
352 5651 468 5729 primis
488 5650 650 5731 siquidem
666 5651 859 5724 statuentes,
875 5650 912 5714 ut
964 5649 1024 5712 313
1048 5649 1083 5710 13
1114 5648 1198 5711 Riuo
1226 5647 1389 5719 Matricio,
1425 5643 1548 5707 Sancti*
1565 5643 1695 5708 Nicolai
1725 5644 1757 5705 31
