3900 6202
222 290 281 351 aaa
843 290 1019 353 aenean
1040 289 1085 350 111
1106 288 1255 353 11111.
1801 297 1852 361 ῃ)

223 449 387 526 homines,
417 451 451 516 et
478 449 716 514 conscientiam
740 450 909 513 maculant
932 450 1018 528 apud
1074 446 1373 520 elaliumvidearis,
1386 446 1419 509 et
1428 446 1608 523 praesnlum
1618 450 1782 515 avaritiam
1791 454 1852 517 imi.

224 552 338 612 Deum.
356 552 443 611 Sane
458 549 545 611 inter
559 548 660 609 multa
676 548 792 623 gravia
806 549 888 610 dete
904 565 923 610 a
938 549 1020 609 mul·
1073 545 1149 608 tari.
1177 546 1309 606 Eisdem
1333 546 1495 623 praeterea
1516 546 1703 623 injunxisti,
1724 552 1757 611 ut
1778 554 1850 628 apud

224 646 267 708 tis
276 648 390 709 nostro
400 645 600 723 apostolatui
613 648 774 718 reserata,
787 662 862 723 quae
874 645 1019 707 scribere
1076 645 1257 706 Pruvinum
1273 644 1381 721 prima
1404 643 1569 704 dominica
1585 645 1659 721 post
1672 650 1850 726 preceptum

224 745 330 821 pudor
344 743 442 812 esset,
459 744 608 819 exparte
624 742 744 804 nobilis
760 743 909 805 mulieris
924 743 1021 805 Blan·
1074 742 1109 802 in
1133 740 1347 819 processione
1374 756 1410 801 se
1434 757 1508 802 curn
1533 742 1641 818 virgis
1661 743 1696 802 11
1716 745 1849 809 manibus

224 843 296 903 chae
316 840 495 901 comitissae
519 839 708 916 Campaniae
734 841 797 903 luit
815 842 1019 918 propositum
1075 839 1324 916 praesentarent,
1350 839 1516 916 recepturi
1535 839 1706 902 humiliter
1722 841 1852 920 discipli·

224 955 336 1000 coram
352 936 458 1008 nobis,
475 937 561 1014 quod
581 938 715 1015 quidam
737 940 901 1000 mercator
923 940 1021 1000 Atre-
1075 952 1170 1011 nam;
1187 936 1425 997 secundavero
1440 937 1607 998 dominica
1626 938 1710 1014 apud
1732 942 1848 1014 Treeas,

223 1036 334 1097 baton.
359 1034 447 1112 apud
467 1034 649 1096 Pruvinum
669 1036 703 1096 in
724 1036 881 1097 nundinis
896 1036 1021 1098 consti·
1075 1050 1114 1096 ac
1139 1033 1257 1095 deinde
1282 1034 1458 1096 dominicis
1476 1034 1618 1111 singulis
1642 1034 1850 1114 persingulas

222 1136 325 1207 tutus,
351 1136 387 1196 ut
405 1132 527 1195 dicitur
550 1132 637 1194 inira
658 1132 899 1196 immunitatem
919 1135 1019 1196 11111-
1075 1132 1234 1194 111111111
1252 1130 1460 1194 cathedrales
1477 1133 1658 1210 provinciae
1682 1136 1848 1211 Senoneu.;

221 1233 311 1305 terii,
329 1248 387 1293 seu
403 1231 553 1293 ecclesiae
570 1232 683 1293 Sancti
699 1232 829 1309 aygulfi
843 1232 908 1294 loci
934 1236 1021 1310 ejus·
1075 1231 1219 1292 cadaver
1233 1246 1363 1308 quoque
1376 1230 1551 1292 homicidae
1564 1230 1723 1309 praedicti,
1735 1232 1851 1295 111111-

223 1330 310 1403 dem,
345 1329 526 1404 instigante
561 1328 698 1390 humani
725 1329 859 1405 generis
884 1329 1020 1391 inimico
1075 1345 1132 1391 cas
1147 1328 1182 1388 in
1197 1327 1316 1406 quibus
1331 1328 1542 1405 pependerat,
1558 1328 1601 1389 ad
1611 1329 1851 1406 praedictamec·

223 1427 398 1506 quemdam
413 1444 509 1488 suum
529 1428 705 1489 occidisset
723 1427 905 1500 concivem,
932 1426 1021 1489 etad
1075 1426 1212 1488 alesiam
1240 1441 1260 1487 a
1288 1441 1353 1503 qua
1380 1428 1548 1488 extractus
1577 1426 1696 1499 fuerat,
1725 1429 1848 1505 propriis

222 1542 356 1603 poenam
370 1524 455 1587 tanti
468 1524 628 1587 facinoris
644 1525 843 1595 evitandam,
867 1523 908 1587 ad
924 1540 1020 1586 eam-
1075 1523 1222 1585 humeris
1237 1524 1459 1600 deportarent,
1476 1525 1509 1586 et
1523 1524 1699 1586 visitarent
1712 1524 1791 1586 beati
1801 1528 1850 1587 Ja-

223 1623 298 1684 dem
313 1622 500 1694 ecclesiam,
526 1622 562 1682 in
588 1639 653 1699 qua
674 1620 782 1682 sorum
803 1621 1022 1683 exercebatur
1075 1621 1149 1683 cobi
1162 1622 1290 1690 limina,
1304 1621 1358 1683 vel
1368 1622 1457 1683 irent
1467 1622 1502 1682 iu
1512 1622 1847 1698 terramalbigensiun

222 1721 402 1799 publicum,
431 1719 653 1796 confugisset,
677 1719 874 1797 praepositus
898 1721 931 1781 et
961 1735 1021 1781 sex
1076 1734 1200 1780 moram
1212 1718 1335 1779 ibidem
1346 1734 1405 1796 per
1417 1720 1640 1796 quadraginta
1653 1719 1722 1780 dies
1732 1719 1847 1795 1111111

218 1819 323 1896 jurati
348 1818 496 1895 deputati
512 1818 555 1878 ad
579 1817 762 1879 custodiam
783 1816 1018 1889 nundinarum,
1033 1854 1040 1867 ·
1075 1815 1166 1878 etde
1187 1820 1309 1878 caetero
1336 1816 1371 1876 iu
1389 1818 1479 1877 terra
1497 1818 1677 1878 comitissae
1692 1817 1789 1895 ipsius
1805 1819 1847 1880 vel

221 1932 288 1977 uon
299 1917 448 1977 valentes
459 1916 705 1977 multitudinem
715 1915 829 1992 populi
839 1915 1021 1977 refraenare
1075 1914 1244 1976 haeredum
1260 1914 1848 1977 suorumballuvamsinetuavelsue·

220 2013 422 2075 homicidam
441 2013 648 2091 insequentis
672 2013 833 2085 eumdem,
864 2029 884 2075 a
908 2013 1020 2089 priore
1075 2012 1218 2073 cessoris
1233 2012 1283 2073 tui
1297 2012 1430 2074 licentia
1445 2027 1510 2073 non
1526 2012 1723 2090 reciperent,
1736 2012 1767 2073 iu
1779 2015 1848 2090 ejvs·

221 2112 327 2188 ipsius
343 2111 494 2173 ecclesiae
509 2111 686 2189 petierunt,
702 2111 737 2172 ut
749 2111 803 2173 vel
818 2109 1020 2172 homicidam
1075 2109 1149 2171 dem
1164 2109 1343 2173 comitissae
1358 2126 1398 2171 ac
1413 2110 1519 2187 ipsius
1534 2109 1705 2172 haeredum
1718 2110 1848 2188 praejudi-

222 2210 368 2270 illumin
383 2208 456 2286 ipsa
474 2209 618 2270 ecclesia
637 2208 763 2269 iaceret
780 2207 951 2276 custodiri,
967 2207 1040 2269 vel'
1075 2208 1164 2268 cium
1183 2209 1216 2269 et
1234 2223 1435 2284 gravamen:
1452 2225 1527 2270 cum
1547 2209 1597 2270 sic
1611 2225 1668 2271 eos
1682 2208 1735 2286 qui
1748 2208 1846 2285 culpa-

223 2306 309 2383 quod
323 2307 389 2384 ipsi
401 2306 464 2368 hoc
484 2306 623 2382 agerent
637 2307 815 2382 pateretur,
833 2305 937 2366 donec
951 2306 1019 2367 tam
1074 2304 1158 2366 biles
1200 2322 1267 2368 111
1306 2306 1459 2378 luerunt,
1493 2306 1655 2384 obsequio
1687 2305 1847 2384 privaveris

220 2407 314 2465 tuum
330 2420 389 2480 pro
404 2420 443 2465 eo
458 2404 545 2481 quod
560 2404 595 2464 in
610 2406 668 2464 tua
683 2403 829 2475 dioecesi,
846 2419 945 2479 quam
958 2418 1018 2463 co·
1074 2401 1291 2464 subditorum.
1310 2404 1403 2465 Unde
1417 2404 1619 2480 praepositus
1633 2406 1665 2465 et
1671 2402 1768 2480 jurati
1781 2416 1848 2478 pra·

221 2501 360 2562 mitissae
376 2501 555 2577 praedictae,
569 2500 605 2561 in
618 2503 713 2577 cujus
726 2500 896 2562 territorio
911 2498 1021 2561 suerat
1075 2499 1153 2560 dicti
1174 2498 1263 2560 serre
1287 2516 1352 2560 non
1368 2500 1517 2562 valentes
1540 2501 1748 2578 asperitatem
1769 2514 1847 2560 man·

220 2598 411 2676 hujusmodi
428 2598 558 2659 facinus
580 2598 817 2676 perpetratum,
833 2598 1021 2674 requirere-
1074 2596 1154 2669 dati,
1181 2597 1222 2658 ad
1243 2597 1390 2659 nostram
1420 2598 1628 2660 audientiam
1649 2597 1843 2675 appellarunt.

220 2698 276 2759 tur
289 2695 740 2774 beneplacitum-voluntatis.
767 2697 913 2772 Cumque
928 2693 1020 2772 prior
1074 2695 1155 2755 Cum
1177 2694 1279 2770 igitur
1303 2710 1443 2755 censura
1465 2695 1694 2757 ecclesiastica
1716 2710 1770 2772 pro
1786 2692 1847 2754 ani·

221 2793 293 2871 ipse
311 2794 429 2857 horum
447 2793 748 2855 1111111111111111
769 2792 939 2864 voluisset,
954 2792 1019 2868 ipsi
1073 2807 1203 2852 marum
1226 2791 1376 2854 instituta
1400 2793 1507 2854 salute
1535 2795 1571 2855 et
1591 2794 1632 2854 ad
1652 2790 1845 2854 cohibendum

221 2891 317 2967 quasi
345 2889 555 2952 multitudine
589 2890 810 2951 mercatorum
844 2888 1016 2965 compulsi,
1073 2889 1235 2951 malitiam
1245 2905 1478 2966 perversorum
1489 2890 1530 2951 ad
1543 2891 1694 2952 avaritia
1707 2890 1844 2967 quaestum

220 2986 421 3048 homicidam
445 2987 596 3048 eumdem
616 2986 801 3048 extractum
817 2984 858 3046 ab
877 2985 961 3063 ipsa,
985 2988 1019 3047 et
1072 3002 1139 3047 uon
1163 2986 1280 3048 debeat
1300 2987 1496 3064 retorqueri,
1514 2987 1751 3050 fraternitatem
1769 2986 1844 3047 tuam
1913 2990 1914 2993 ’

207 3072 414 3146 'distractum
439 3100 499 3161 per
527 3084 673 3145 castrum
708 3083 818 3144 iecere
846 3082 1015 3158 suspendi,
1072 3100 1254 3156 monemus,
1279 3085 1312 3145 et
1335 3084 1555 3146 exhortamur
1578 3085 1612 3147 in
1640 3084 1779 3155 Domino,
1797 3095 1845 3158 per

219 3181 404 3258 praesertim
419 3198 494 3242 cum
509 3182 680 3242 videretur
697 3179 783 3257 quod
799 3180 947 3257 ejusdem
962 3197 1019 3241 ec-
1072 3183 1255 3259 apostolica
1280 3182 1340 3243 tibi
1369 3183 1493 3260 scripta
1525 3183 1745 3260 praecipiendo
1765 3193 1844 3241 mau-

219 3278 330 3339 clesiae
348 3294 414 3339 nun
435 3277 570 3339 deberet
582 3277 790 3338 immunitate
804 3276 962 3353 gaudere,
977 3294 1017 3339 eo
1071 3279 1199 3352 dantes,
1217 3281 1381 3357 quatenus
1399 3296 1466 3342 non
1486 3296 1564 3359 quae
1588 3282 1656 3354 tua,
1679 3279 1733 3341 sed
1754 3276 1843 3355 potius

219 3374 305 3452 quod
320 3375 475 3436 violando
498 3375 657 3446 eamdem,
675 3374 780 3451 ipsius
796 3374 957 3436 beneficio
981 3391 1017 3435 se
1071 3393 1145 3454 quae
1159 3380 1239 3439 Jesu
1250 3378 1373 3440 Christi
1386 3380 1464 3440 sunt
1477 3394 1644 3455 quaerens,
1661 3377 1752 3455 prout
1764 3372 1843 3435 debi-

217 3472 407 3533 reddiderat
421 3471 605 3548 indignum.
624 3473 673 3531 Tu
695 3471 838 3550 denique
850 3471 903 3532 1111
919 3472 1018 3533 audi·
1070 3476 1139 3536 tum
1156 3476 1333 3552 pastoralis
1349 3476 1450 3537 oflicii
1466 3477 1624 3552 postulat,
1647 3478 1678 3537 et
1695 3471 1843 3545 maturitas

216 3570 260 3631 tis
276 3570 451 3646 praedictos
468 3572 592 3647 septem
611 3586 673 3631 nee
688 3570 806 3631 citatos
822 3585 883 3631 nec
901 3570 1015 3631 moni·
1071 3573 1270 3649 persuadere
1285 3573 1380 3634 debet
1396 3574 1514 3645 aetatis,
1532 3590 1609 3651 quaa
1623 3590 1643 3635 a
1656 3572 1778 3634 senecta
1784 3570 1840 3645 jam

216 3668 268 3729 tos
292 3667 643 3729 excommunicationis
659 3668 777 3745 laqueo
788 3667 967 3740 innodasti,
984 3668 1017 3729 et
1070 3671 1211 3732 vertitur
1232 3672 1267 3731 11
1284 3671 1429 3746 senium,
1446 3673 1495 3733 sic
1516 3671 1705 3748 huJusmodi
1723 3665 1840 3729 manda·

217 3768 361 3827 oestrum
389 3765 538 3836 Pruvini,
569 3763 655 3842 quod
684 3780 751 3825 non
779 3764 821 3825 ad
845 3764 933 3838 illos,
958 3766 1016 3826 sed
1069 3768 1140 3829 tum
1161 3768 1268 3844 perte
1289 3769 1397 3845 ipsum
1417 3768 1553 3830 studeas
1569 3766 1740 3837 moderari,
1762 3763 1793 3823 ut
1808 3757 1841 3819 ab

217 3863 327 3939 potius
354 3862 396 3923 ad
420 3863 624 3925 comitissam
645 3864 677 3924 et
700 3863 805 3923 tilium
827 3879 940 3936 suum,
958 3864 1015 3940 qui
1071 3865 1123 3925 bis
1140 3865 1304 3926 similibus
1319 3866 1433 3927 taliter
1451 3866 1679 3943 conquiescas,
1692 3866 1725 3924 in
1741 3862 1840 3935 nujus-

217 3960 301 4020 nihil
335 3962 562 4041 commiserat,
596 3962 764 4038 pertinere
797 3961 1013 4036 dignoscitur,
1070 3962 1557 4040 modisententiisproterendis
1564 3963 1752 4040 gravitatem
1760 3968 1840 4034 quam

218 4058 421 4134 supposuisti
445 4059 616 4127 sententiaa
635 4058 804 4127 interdicti
818 4058 853 4118 in
869 4046 1015 4136 ipsorum
1070 4060 1164 4121 decet
1180 4060 1302 4121 Christi
1321 4061 1511 4137 pontificem
1524 4059 1721 4129 exhibendo,
1737 4050 1841 4115 111111-

217 4154 446 4230 praejudicium
471 4160 504 4216 et
526 4170 717 4230 gravamen.
735 4157 873 4215 Densum
897 4156 1017 4234 hujus-
1069 4173 1198 4218 marum
1227 4157 1357 4219 lucrum
1391 4160 1501 4235 potius
1542 4172 1691 4236 quaerere
1716 4146 1840 4213 videaris

218 4250 308 4310 modi
322 4251 497 4313 sententiis
505 4252 602 4328 Juxta
618 4250 759 4312 sormam
776 4252 932 4313 Ecclesiae
947 4269 1013 4313 non
1070 4270 1167 4331 quam
1183 4256 1360 4331 quaestum,
1381 4259 1415 4317 et
1435 4255 1476 4316 de
1497 4270 1638 4316 numero
1651 4248 1770 4315 censeri
1787 4257 1839 4305 111

219 4347 292 4406 1111
307 4346 501 4409 difficultate
515 4347 661 4408 maxima
674 4348 828 4420 relaxati,
845 4349 1013 4425 cupidita·
1069 4353 1175 4429 possis
1193 4353 1339 4425 illorum,
1363 4354 1421 4430 qui
1434 4354 1597 4430 quaestum
1614 4341 1840 4421 1111111111-

217 4442 261 4505 tis
271 4443 396 4506 motum
409 4444 518 4520 potius
529 4460 627 4521 quam
640 4444 756 4506 domus
767 4445 898 4507 Domini
907 4446 1014 4508 zelum
1067 4449 1187 4523 tatem;
1204 4449 1260 4510 sed
1276 4451 1385 4527 potius
1398 4450 1433 4510 in
1448 4450 1544 4512 domo
1560 4449 1688 4511 Domini
1701 4441 1785 4523 quasi
1797 4439 1840 4497 lu·

217 4541 507 4620 sequens,eisdam
521 4543 708 4619 praecepisti
723 4544 901 4619 praeposito
916 4546 1015 4621 etju·
1069 4563 1170 4609 cerna
1197 4563 1298 4624 super
1323 4548 1558 4610 candelabrum
1585 4544 1753 4609 constituta
1775 4533 1838 4598 aliis

216 4640 310 4711 ratis,
328 4640 488 4701 uteorum
503 4638 642 4716 quilibet
653 4640 826 4702 intraocto
839 4640 910 4702 dies
921 4642 1014 4718 quin·
1069 4645 1181 4706 lumen
1195 4644 1345 4722 praebeas
1367 4662 1427 4723 per
1449 4645 1648 4722 exemplum,
1668 4644 1699 4704 11
1720 4629 1838 4708 111111Ιί

217 4736 374 4812 quaginta
388 4738 530 4815 quatuor
545 4736 647 4799 libras
663 4737 855 4799 Pruvinien.
870 4738 930 4799 tibi
942 4755 1014 4816 per·
1067 4742 1134 4802 tuis
1158 4743 1247 4803 curis
1273 4741 1416 4804 libenter
1443 4742 1623 4804 deserimus
1646 4740 1681 4801 in
1701 4733 1837 4815 quantum

217 4833 371 4906 solveret,
395 4837 428 4897 et
446 4834 594 4913 eJ‘usdem
614 4835 715 4897 castri
734 4835 937 4913 presbyteris
956 4853 1015 4899 sa·
1068 4855 1142 4900 cum
1157 4842 1225 4901 Deo
1241 4840 1274 4901 et
1295 4842 1409 4902 nostra
1424 4856 1598 4918 possumus
1613 4832 1784 4899 honestate,
1803 4822 1837 4885 ³⁶

216 4928 409 4992 tislacerent
423 4932 463 4993 de
476 4932 699 4994 oblationibus
714 4935 747 4996 et
759 4933 847 5006 aliis,
862 4950 945 5011 quas
955 4951 1014 4996 oc·
1067 4952 1180 4998 eorum
1192 4938 1430 4999 correctionem
1446 4954 1545 5016 quam
1555 4948 1722 5015 perperam
1735 4920 1837 4988 diceris

217 5027 352 5088 cesione
364 5030 546 5093 amiserant
559 5030 739 5104 interdicti,
755 5032 788 5093 et
804 5032 968 5105 remissio,
983 5033 1013 5094 si
1067 5036 1242 5108 attentare,
1258 5051 1377 5096 manus
1392 5039 1524 5097 nostras
1542 5045 1706 5111 apponere
1717 5040 1776 5088 111
1789 5033 1837 5082 10-

217 5140 316 5201 quam
327 5124 392 5202 ipsi
407 5126 591 5204 presbyteri
613 5128 662 5191 eis
681 5129 754 5190 sine
770 5129 827 5190 tuo
847 5144 1012 5191 consensu
1065 5149 1194 5209 gamur.
1221 5132 1379 5211 Alioquin
1407 5133 1537 5195 dilectis
1569 5131 1647 5191 tiliis
1680 5120 1781 5188 abbati
1807 5112 1835 5176 el

215 5220 374 5293 iacerent,
391 5237 458 5283 non
468 5223 604 5297 valeret,
620 5226 656 5286 ut
670 5225 767 5287 sicin
780 5228 813 5287 11
827 5226 910 5288 illud
928 5242 1010 5305 pro·
1065 5229 1169 5307 priori
1187 5230 1319 5292 Sanctae
1331 5229 1506 5291 Cenovetae
1522 5224 1726 5293 parisiensis,
1737 5218 1766 5279 11
1776 5226 1836 5274 ma·

215 5317 383 5394 pheticum
405 5319 618 5396 impleretur:
643 5319 664 5382 a
683 5322 804 5384 minori
828 5324 950 5401 quippe
968 5325 1010 5386 ad
1065 5327 1169 5403 gistro
1185 5331 1221 5388 C.
1240 5328 1400 5389 canonico
1420 5327 1599 5389 Bituricen.
1615 5318 1834 5384 Parisiiseom·

215 5417 376 5492 majorem
393 5432 508 5479 omues
526 5418 677 5480 avaritiae
693 5420 835 5493 student,
852 5424 916 5483 eta
932 5437 1012 5498 pro-
1064 5425 1208 5486 moranti
1224 5424 1341 5486 damus
1356 5424 1479 5486 uostris
1493 5422 1611 5496 litteris
1625 5420 1659 5480 in
1669 5405 1831 5493 precelfib

215 5509 316 5585 pheta
332 5514 497 5590 usquead
521 5514 726 5577 sacerdotem
750 5517 860 5579 cuncti
883 5517 1010 5581 iaciunt
1064 5523 1101 5583 ut
1121 5522 1211 5583 circa
1225 5522 1459 5600 praedictorum
1479 5518 1645 5600 praepositi
1670 5515 1701 5576 et
1718 5503 1833 5588 JurfliO·

217 5603 345 5681 dolum,
363 5623 437 5671 cum
451 5612 487 5671 in
502 5610 565 5674 boc
581 5612 744 5675 minorum
758 5613 915 5678 videlicet
934 5616 1010 5678 ofli-
1063 5633 1137 5680 rum
1156 5618 1313 5681 delictum
1329 5619 1488 5699 inquisita
1502 5620 1535 5683 et
1548 5614 1676 5692 cognita
1696 5600 1828 5672 veritate,
