3958 6204
218 262 280 324 aot
679 252 855 317 HONORII
877 252 923 314 111
943 251 1093 315 OPERA.
1108 282 1149 299 -
1164 250 1398 318 SERMONES.
1812 256 1873 322 256

221 419 372 500 pretatur
393 415 505 480 hiatus
519 415 629 488 terrae,
653 429 822 492 perquem
847 412 1018 490 signitica-
1112 413 1259 486 Quatuor
1283 412 1373 476 enim
1396 414 1474 478 sunt
1499 411 1746 492 expositionum
1768 414 1870 480 modi.

221 520 277 583 tur
290 517 479 587 Matthaeus,
506 514 562 593 qui
581 512 761 575 humanam
776 511 899 574 Christi
913 527 1018 589 gene-
1071 512 1204 574 Primus
1229 511 1424 585 historicus,
1455 512 1621 575 secundus
1649 513 1871 592 allegoricus,

220 618 384 679 rationem
400 611 569 682 describit,
586 610 626 672 de
639 625 705 688 qua
726 609 807 672 dicit
826 610 1014 687 Propheta:
1070 608 1189 670 tertius
1215 609 1352 671 moralis
1373 607 1444 671 sire
1467 608 1703 687 tropologicus,
1731 614 1873 689 quartus

226 714 363 777 Veritus
383 707 849 787 utemuortaeuffssl,
874 705 938 787 12),
960 706 1015 767 id„
1070 706 1286 784 anagogicus.
1313 707 1373 768 vel
1397 723 1483 768 unus
1505 706 1590 778 lons,
1619 722 1685 770 una
1709 709 1872 779 charitas,
1977 774 1978 777 ,

202 812 282 885 est,
299 809 450 871 Christus
471 808 570 868 natus
584 805 687 868 estde
701 808 804 868 Beata
818 806 937 867 Maria.
960 806 1017 866 Ti·
1067 804 1165 879 juxta
1189 803 1273 865 illud
1297 823 1305 864 ε
1326 818 1345 865 c
1367 802 1521 866 Charitas
1544 805 1596 867 est
1618 804 1692 867 fons
1715 808 1875 885 proprius

220 910 291 985 gris
305 904 542 983 interpretatur
552 904 662 975 velox,
678 903 845 979 significat
854 905 1014 974 Marcum,
1069 900 1244 975 bonorum,
1272 900 1327 964 cui
1350 918 1417 963 nou
1441 903 1663 965 communicat
1686 904 1832 966 alienus.
1854 922 1874 966 1
1977 892 1978 895 '

220 1006 278 1084 qui
295 1003 425 1067 caeteris
439 1002 599 1074 velocius,
616 1001 714 1073 idest,
735 1000 870 1063 brevius
889 1000 1017 1061 deseri-
1071 998 1220 1071 Quatuor
1246 1000 1397 1073 flumina,
1433 1001 1576 1078 quatuor
1607 1001 1769 1063 virtutum
1795 1018 1876 1079 ger-

219 1104 269 1166 bit
284 1102 458 1165 historiam
479 1100 718 1176 evangelicam,
735 1100 789 1161 cui
803 1099 908 1177 ligura
931 1114 1017 1177 quo·
1071 1096 1172 1166 mina,
1190 1099 1288 1175 juxta
1312 1097 1394 1159 illud
1416 1119 1423 1158 ε
1446 1098 1673 1161 «Benedicite
1694 1099 1874 1162 Dominum
1977 1156 1978 1159 ,

222 1219 285 1282 que
298 1201 407 1263 leonis
419 1198 563 1277 aptatur,
579 1198 666 1276 quod
680 1198 864 1260 estanimal
878 1197 1019 1259 velocis·
1071 1194 1111 1256 de
1138 1194 1296 1269 tontibus,
1325 1196 1396 1258 sive
1424 1196 1464 1257 de
1492 1196 1684 1258 numinibus
1710 1198 1829 1259 Israel.
1855 1214 1875 1258 1

222 1301 353 1363 simum.
383 1297 569 1374 Euphrates
598 1296 835 1374 interpretatur
865 1294 1015 1371 frugifer,
1070 1292 1217 1355 Virtutes
1240 1293 1321 1371 ipsae
1345 1296 1423 1357 sunt
1438 1316 1446 1354 ε
1464 1295 1656 1368 Prudentia,
1680 1298 1875 1374 temperan-

221 1398 388 1476 significat
411 1398 545 1468 Lucam,
561 1394 615 1456 cui
641 1393 822 1455 secundum
854 1393 1017 1455 visionem
1070 1391 1134 1463 tia,
1162 1390 1322 1454 fortitudo
1348 1393 1382 1454 et
1408 1393 1551 1470 J‘ustitia.
1582 1393 1655 1466 Vel,
1682 1410 1770 1455 unus
1796 1393 1874 1455 ions

220 1495 449 1575 propheticam
478 1493 585 1570 ligura
613 1491 709 1553 vituli
738 1492 925 1568 coaptatur,
960 1491 1016 1569 qui
1070 1505 1136 1550 una
1159 1490 1357 1563 Jerusalem,
1382 1491 1422 1553 de
1446 1507 1511 1569 qua
1535 1491 1631 1569 quasi
1658 1489 1813 1554 delente
1838 1492 1874 1553 in

224 1593 376 1670 frugibus
386 1590 578 1654 excolendis
588 1588 785 1665 inservit3et
796 1588 866 1667 ipse
874 1587 1017 1651 fructum
1070 1587 1179 1649 medio
1202 1588 1366 1666 paradisi,
1394 1588 1449 1651 ubi
1476 1591 1527 1652 est
1552 1591 1639 1651 Deus
1661 1590 1777 1653 noster
1800 1592 1874 1652 Rex

140 1724 143 1730 ·
222 1692 351 1753 ventris
363 1689 528 1751 benedicti
538 1686 706 1750 describit.
722 1686 816 1749 Unde
827 1686 912 1748 bene
922 1687 1015 1748 dice·
1071 1687 1147 1748 ante
1159 1686 1293 1760 saecula,
1317 1688 1474 1765 operatus
1489 1689 1539 1749 est
1554 1687 1693 1750 salutem
1707 1687 1743 1749 in
1760 1687 1874 1749 medio

139 1785 140 1788 ’
221 1787 321 1850 batur
336 1808 344 1847 ε
359 1792 454 1848 Foras
467 1787 708 1862 egredicbatur
721 1788 762 1847 dc
776 1790 846 1848 loco
860 1785 1018 1860 odiuntu—
1069 1784 1179 1847 terrae.
1202 1785 1274 1857 Vel,
1291 1802 1379 1846 unus
1401 1784 1487 1858 lons,
1504 1801 1571 1847 una
1590 1788 1740 1848 Romana
1755 1785 1876 1847 Eccle-

222 1887 324 1947 ttsod
340 1884 561 1959 trrtpuudum
576 1885 792 1958 paradisum,
814 1885 872 1956 uui
889 1885 1017 1943 dividi·
1070 1881 1121 1944 sia
1148 1883 1247 1960 juxta
1281 1883 1365 1944 illud
1388 1905 1396 1943 :
1421 1884 1558 1947 Hortus
1586 1888 1765 1946 conctactus
1794 1886 1875 1958 sons

147 1999 148 2003 ¹
222 1985 282 2045 tur
296 1985 333 2044 tu
345 1979 494 2056 quotuor
505 1978 757 2059 flumtuuffien.
768 1994 804 2049 n,
822 1978 886 2057 10).
1069 1981 1238 2056 munatius,
1256 1995 1359 2043 soror
1371 1995 1449 2042 meo
1467 1995 1595 2056 sponsu
1612 1978 1720 2059 (Cant.
1741 1994 1788 2049 rv,
1807 1979 1872 2059 12).

262 2080 356 2141 Unde
365 2079 454 2140 enim
464 2076 549 2149 fons,
563 2077 597 2138 et
610 2078 752 2153 quatuor
760 2075 913 2152 fiumina3
930 2075 1016 2138 unde
1071 2079 1218 2150 Quatuor
1247 2077 1401 2151 flumina,
1428 2079 1572 2155 quatuor
1598 2079 1875 2141 Patriarcharum

221 2177 384 2251 Christus,
408 2177 480 2237 sive
504 2189 570 2235 una
597 2175 790 2251 evangelica
815 2174 967 2247 historia,
984 2176 1017 2236 et
1071 2175 1231 2249 culmina,
1260 2176 1317 2254 qui
1345 2175 1423 2237 sunt
1443 2197 1451 2236 ε
1472 2175 1872 2253 constantinopolitanus,

220 2276 364 2352 quatuor
385 2272 576 2350 Evangelia.
593 2271 665 2344 Vel,
682 2288 768 2334 unus
784 2271 858 2334 fons
881 2274 915 2334 et
928 2289 1015 2351 qua·
1069 2273 1311 2346 antiochenus,
1341 2272 1588 2335 Alexandrinus
1620 2276 1653 2337 et
1676 2273 1875 2350 Hierosoly-

220 2373 299 2433 tuor
309 2372 469 2447 flumina3
486 2386 553 2432 una
566 2373 668 2431 Sacra
684 2369 855 2448 Scriptura
873 2371 907 2432 et
929 2387 1015 2448 qua-
1070 2372 1225 2434 mitanas.
1242 2371 1303 2433 Vel
1319 2387 1405 2433 unus
1419 2371 1493 2432 ious
1508 2387 1594 2433 unus
1616 2370 1755 2449 spiritus
1772 2373 1874 2448 Juxta

220 2468 777 2547 tuorexpositionumgenerallel,
794 2484 880 2529 unus
894 2468 969 2530 lons
984 2470 1017 2530 et
1069 2470 1152 2531 illud
1166 2491 1174 2530 ι
1188 2470 1266 2532 rtet
1284 2472 1321 2531 iu
1336 2484 1376 2531 eo
1389 2472 1467 2544 sous
1487 2485 1587 2545 auuoe
1604 2470 1875 2531 mucculentis

221 2569 364 2645 quatuor
387 2565 545 2640 flumina3
560 2581 627 2626 uua
649 2565 807 2638 charitas,
822 2566 856 2628 et
874 2567 1016 2644 quatuor
1070 2571 1108 2629 tu
1123 2567 1233 2628 vitum
1246 2568 1417 2629 catumeum
1440 2565 1551 2645 (ioan.
1569 2563 1696 2645 11,11).
1721 2568 1874 2639 Quatuor

223 2665 444 2730 cardinalium
472 2662 631 2731 virtutum
658 2677 793 2738 genera.
828 2663 904 2735 Vel,
930 2679 1015 2724 unus
1070 2664 1208 2726 flumina
1226 2664 1361 2727 diversa
1384 2663 1580 2735 chrismata,
1605 2679 1679 2742 quae
1700 2663 1872 2725 hominem

221 2764 296 2826 fons
311 2763 344 2824 et
358 2761 501 2840 quatuor
512 2760 670 2836 flumina3
687 2775 755 2821 una
766 2761 967 2833 Jerusalem,
984 2762 1018 2823 et
1070 2761 1236 2839 quadrant
1249 2762 1282 2823 et
1299 2762 1433 2824 firmant
1442 2763 1541 2839 Juxta
1562 2760 1644 2822 illud
1665 2760 1843 2839 Evangelii
1861 2775 1870 2822 ε

221 2862 364 2940 quatuor
389 2858 480 2921 orbis
502 2858 647 2920 climata.
677 2857 749 2930 Vel,
777 2873 862 2919 unus
891 2858 964 2920 lons
984 2858 1017 2920 et
1071 2862 1232 2920 Flumina
1252 2862 1293 2921 de
1311 2861 1434 2921 uentre
1450 2861 1527 2931 atus
1546 2859 1655 2931 ltucut
1667 2874 1769 2934 upuoe
1782 2863 1873 2920 utuoe

221 2959 361 3039 quatuor
383 2957 537 3031 flumina3
554 2971 626 3016 una⁴
637 2957 788 3017 Romana
809 2955 968 3028 Ecclesia,
984 2957 1017 3020 et
1071 2952 1181 3033 (ioan.
1195 2971 1254 3028 vn,
1270 2953 1336 3035 38).

219 3058 363 3136 quatuor
381 3052 648 3133 patriarcharum
660 3052 818 3114 culmina.
841 3054 914 3126 Vel,
930 3070 1016 3115 unus
1110 3056 1206 3115 Hunc
1236 3053 1428 3130 paradisum
1465 3052 1625 3115 Dominus
1660 3052 1873 3131 plantaverat

220 3156 294 3217 lons
318 3154 352 3215 et
370 3154 512 3230 quatuor
534 3150 690 3226 flumina3
718 3166 804 3211 unus
823 3150 961 3227 spiritus
984 3152 1018 3214 et
1071 3150 1113 3214 ab
1132 3151 1227 3212 initio
1241 3150 1410 3212 nascentis
1424 3151 1593 3224 Ecclesiae,
1620 3151 1752 3229 quando
1775 3165 1874 3212 soror

220 3252 353 3314 diversa
383 3247 574 3310 chrismata.
603 3249 695 3308 Unus
719 3246 793 3309 lons
819 3249 853 3309 et
875 3251 1018 3325 quatuor
1070 3249 1184 3311 nostra
1199 3248 1339 3326 parvula
1356 3251 1430 3310 erat
1446 3250 1479 3311 et
1500 3248 1602 3311 ubera
1623 3264 1690 3311 non
1714 3247 1871 3321 habebat,

220 3349 380 3423 flumina3
396 3362 482 3407 unus
497 3344 648 3406 Christus
663 3346 696 3407 et
710 3346 1016 3423 quatuorEvange·
1071 3346 1202 3423 quando
1219 3345 1356 3423 sanguis
1370 3346 1450 3408 Abel
1471 3347 1598 3423 positus
1620 3347 1672 3408 est
1691 3347 1728 3407 in
1749 3345 1875 3408 tunda-

219 3446 278 3516 lia,
288 3446 385 3524 juxta
394 3442 480 3521 quod
495 3441 619 3504 dicitur
630 3442 666 3503 iu
678 3442 840 3505 Zacharia
855 3447 955 3519 :Ipsa
965 3445 1016 3506 cst
1071 3445 1191 3506 mentis
1218 3460 1278 3522 pro
1300 3444 1461 3506 cemento.
1490 3447 1528 3505 In
1555 3444 1618 3506 hoc
1643 3444 1798 3523 paradiso
1822 3444 1874 3506 sic

219 3548 296 3620 sous
311 3543 436 3619 pateus
454 3544 572 3602 domm
592 3544 714 3613 Duum,
732 3541 765 3602 et
786 3542 1017 3604 babitantibus
1071 3542 1157 3603 vivis
1171 3541 1345 3603 arboribus
1368 3542 1508 3615 consita,
1526 3541 1575 3604 sic
1593 3542 1752 3604 virtmum
1776 3541 1876 3604 flori-

217 3645 414 3705 Jerusalem
458 3642 496 3701 tu
542 3638 751 3701 ablutionem
796 3639 1017 3714 pcccatorum
1071 3640 1132 3701 bus
1146 3640 1321 3717 picturata,
1343 3639 1392 3701 sic
1412 3655 1575 3717 aquarum
1590 3639 1726 3716 irriguis
1739 3639 1877 3702 foecun-

220 3740 433 3820 (Zach.,x1n,
447 3735 491 3816 1).
503 3737 587 3799 Etin
599 3736 726 3814 psalmo
741 3737 879 3799 :sitivit
897 3741 1017 3800 auimo
1071 3738 1159 3810 data,
1187 3737 1296 3815 posuit
1319 3740 1407 3799 Deus
1426 3736 1592 3799 hominem
1619 3753 1715 3816 quem
1737 3736 1874 3799 sorma-

217 3854 308 3911 mcu,
330 3835 640 3910 odDeumsoutcm
654 3838 809 3897 othum...
824 3832 1014 3914 (Ps.41,3),
1070 3836 1181 3908 verat,
1209 3835 1245 3897 ut
1267 3837 1463 3913 operaretur
1486 3837 1519 3897 et
1553 3834 1734 3897 custodiret
1760 3834 1872 3897 illum.
1977 3848 1978 3853 ’

220 3939 253 3999 et
266 3935 448 3999 secundum
463 3932 550 4011 quod
564 3932 620 3994 hic
635 3933 766 4006 dicitur,
778 3936 1017 4011 fousepredie·
1071 3934 1228 4010 Sequitur
1244 3933 1285 3994 de
1305 3948 1393 3994 areae
1403 3933 1641 4008 trituratione;
1664 3948 1753 3994 areae
1771 3934 1877 3996 tritu·

219 4033 616 4107 buturudtrmuaudum
627 4034 906 4105 paradisumque·
922 4035 1015 4094 divt—
1071 4032 1156 4094 ratio
1180 4031 1232 4093 est
1258 4031 1398 4093 extremi
1416 4030 1537 4108 judicii
1559 4031 1744 4104 ventilatio,
1773 4031 1872 4105 idest,

218 4132 315 4192 ditur
333 4132 371 4191 tu
385 4129 534 4202 quotuor
545 4128 702 4198 fiumina.
723 4127 796 4199 Vel,
822 4144 908 4189 unus
929 4128 1014 4200 lons,
1071 4130 1284 4201 examinatio,
1305 4129 1341 4191 in
1363 4144 1428 4206 qua
1456 4145 1562 4206 grana
1585 4128 1832 4207 separabuntur
1852 4145 1874 4191 a

217 4244 305 4289 unus
321 4226 493 4302 Scriptura
515 4224 629 4296 Sacra,
643 4224 739 4301 Juxta
764 4224 870 4286 illud:
893 4227 1016 4287 «Fons
1071 4227 1186 4305 paleis,
1217 4226 1312 4300 idest,
1339 4226 1419 4288 boni
1443 4242 1465 4287 a
1490 4226 1668 4303 perversis,
1694 4226 1728 4288 et
1745 4226 1873 4303 justia

219 4338 315 4403 aquae
329 4322 415 4384 vivae
430 4321 473 4383 sit
482 4321 544 4382 tibi
554 4321 721 4398 proprius,
733 4322 871 4415 etnemo
885 4322 1016 4385 alienus
1070 4325 1316 4403 peccatoribus,
1351 4324 1385 4387 et
1412 4340 1524 4411 ¹grana
1551 4323 1795 4386 transferentur
1828 4324 1874 4386 ad

219 4418 545 4486 communicettibi.»
558 4420 705 4491 Quatuor
719 4419 867 4493 flumina,
875 4421 1016 4499 quatuor
1071 4423 1239 4495 horreum,
1267 4422 1364 4496 idest,
1389 4422 1468 4484 boui
1492 4422 1533 4484 ad
1558 4422 1692 4485 coeleste
1715 4436 1873 4499 regnum,

219 4519 465 4600 expositionum
490 4532 625 4594 genera,
647 4518 746 4595 juxta
771 4518 854 4579 illud
872 4540 879 4579 :
900 4523 1016 4594 Aquas
1070 4521 1175 4598 paleae
1198 4536 1290 4593 vero,
1310 4520 1407 4593 idest,
1433 4521 1513 4582 mali
1536 4516 1773 4582 comburentur
1793 4519 1876 4596 igne
1977 4558 1978 4561 =

218 4618 520 4691 tuusoctltuuuno
534 4619 571 4677 tu
585 4616 711 4689 puceu
725 4619 839 4679 divide
853 4616 968 4696 (Prov.
981 4633 1014 4689 n,
1070 4618 1329 4696 inextinguibili.
1360 4618 1455 4681 Unde
1484 4622 1631 4682 ioannes
1658 4617 1808 4696 Baptista
1837 4617 1874 4679 in

220 4717 285 4799 16).
300 4720 392 4780 Tunc
406 4714 542 4777 enimin
568 4713 689 4791 plateis
706 4730 811 4792 aquas
824 4714 1014 4788 dividimus,
1071 4716 1251 4793 Evangelio
1277 4738 1285 4777 z
1311 4719 1417 4789 Croto
1443 4716 1673 4780 ventilabrum
1698 4720 1735 4778 tu
1763 4731 1876 4778 marcu

219 4834 294 4879 curu
312 4815 518 4891 scripturam
535 4812 641 4888 ipsam
659 4812 767 4874 modis
785 4812 890 4875 variis
904 4814 1017 4891 expla-
1067 4830 1134 4880 ,suu
1156 4815 1208 4876 est
1236 4814 1270 4876 et
1291 4815 1537 4888 pemutcudubtt
1554 4829 1678 4876 areum
1703 4829 1817 4885 11111111,
1839 4814 1876 4876 et

219 4930 349 4975 narnus.
365 4915 438 4973 Una
451 4910 541 4972 euim
556 4911 630 4972 erat
648 4926 763 4972 mensa
778 4912 1015 4989 propositionis
1069 4912 1289 4989 cortorcpuhit
1317 4911 1473 4972 triticum
1505 4915 1543 4972 tu
1574 4916 1742 4973 demeum
1767 4927 1877 4973 suum

218 5012 254 5073 in
265 5008 479 5072 tabernaculo
489 5008 635 5079 Domini,
653 5009 688 5069 in
699 5025 763 5086 quo
776 5025 879 5086 panes
890 5009 1017 5071 duode-
1071 5010 1165 5089 (Luc.
1182 5024 1232 5082 111,
1250 5007 1315 5089 17).
1331 5007 1442 5069 Paleae
1456 5024 1549 5080 vero,
1566 5008 1662 5095 idest,
1679 5008 1760 5070 mali
1775 5026 1875 5072 com-

220 5108 285 5170 cim
299 5104 518 5183 ponebantur,
532 5120 605 5180 quae
624 5106 735 5167 tamen
758 5108 901 5183 quatuor
915 5106 1016 5184 pedes
1070 5106 1232 5169 burentur
1253 5107 1331 5183 igne
1352 5105 1615 5183 inextinguibili.
1641 5106 1876 5169 ventilabrum

219 5202 373 5274 habebat,
386 5199 505 5279 quibus
519 5201 591 5278 ipsa
599 5217 659 5278 pro
667 5196 816 5281 tempore
827 5203 1013 5281 ferebatur3
1071 5207 1121 5267 est
1144 5220 1284 5266 examen
1308 5203 1453 5267 districti
1477 5204 1608 5281 judicii,
1639 5204 1726 5283 quod
1755 5208 1808 5267 est
1838 5206 1875 5266 in

220 5304 299 5382 quia
313 5315 379 5362 una
394 5299 427 5360 et
449 5298 623 5374 Scriptura
650 5301 763 5373 Sacra,
778 5302 833 5364 cui
849 5317 1015 5380 superpo·
1070 5319 1182 5374 manu,
1206 5302 1302 5375 idest,
1322 5301 1356 5361 in
1374 5302 1536 5379 potestate
1555 5302 1690 5374 Christi,
1708 5303 1745 5364 ut
1765 5302 1875 5365 mise-

219 5401 283 5462 sita
290 5399 340 5461 est
347 5396 497 5459 doctrina
510 5395 1015 5478 duodecimltpostolorum,quae
1069 5402 1185 5463 reatur
1198 5402 1294 5477 cujus
1308 5399 1380 5462 vult
1396 5399 1560 5473 misereri,
1587 5402 1621 5464 et
1639 5400 1756 5479 puniat
1774 5417 1876 5479 quem

217 5500 329 5561 tamen
350 5496 493 5574 quatuor
511 5494 753 5571 expositionem
780 5499 887 5560 modis
909 5498 1017 5561 sertin
1070 5499 1141 5561 vult
1164 5498 1294 5575 punire.
1314 5500 1401 5559 Area
1426 5498 1477 5559 est
1497 5498 1663 5575 Ecclesia3
1685 5498 1763 5576 quia
1785 5499 1877 5562 sicut

214 5597 260 5659 ad
272 5595 400 5658 mentes
412 5592 611 5655 auditorum.
1069 5596 1104 5657 iu
1128 5611 1207 5658 area
1222 5603 1391 5673 ponuntur
1403 5611 1508 5673 grana
1531 5612 1605 5658 curn
1630 5596 1746 5672 paleis,
1764 5596 1813 5659 ita
1838 5597 1875 5660 in
