3928 6200
120 267 150 332 ti
740 266 970 331 EPISTOLAE.
993 268 1070 331 LIB.
1095 267 1120 330 1.
1714 270 1752 327 66

119 427 294 507 episcopale
309 427 397 491 idem
420 429 595 508 episcopus
616 431 811 504 reservavit,
828 446 903 493 cum
958 429 1111 493 omnibus
1136 429 1289 492 volumus
1316 428 1390 506 pari
1416 426 1562 504 gaudere
1589 425 1751 490 libertate.

120 525 259 589 omuibus
274 527 499 603 pertinentiis,
515 527 723 589 libertatibus
742 529 776 591 et
788 529 906 591 immn-
958 528 1126 604 Capellam
1139 542 1268 606 quoque
1284 528 1317 587 S.
1338 526 1515 587 Clementis
1528 529 1623 586 extra
1641 541 1754 586 muros

5 654 24 695 :s-
118 623 265 685 6116111166
277 624 484 696 earumdem,
500 623 605 697 robis,
627 625 661 687 et
683 640 742 701 per
763 640 822 686 vos
843 641 903 687 or·
959 625 1121 703 Nymphae
1136 625 1277 703 positam
1292 640 1367 685 cum
1380 622 1692 701 pertinentiisvobis
1707 624 1755 683 si·

6 738 40 809 ‘fir
116 720 301 783 linirestro
316 723 372 799 pia
385 720 585 785 liberalitate
606 717 752 793 donavit,
769 723 856 785 sicut
870 723 904 784 in
959 723 1030 784 mili
1046 721 1143 784 modo
1158 722 1385 797 concedimus;
1402 720 1496 783 salvo
1512 721 1619 791 nobie,
1636 722 1668 782 et
1684 737 1756 781 suc·

4 848 8 873 ¹.
116 821 176 897 6166
187 818 326 892 litteris,
338 820 474 897 proprio
489 819 600 895 sigillo
613 820 760 892 munitis,
777 821 810 882 et
824 836 907 897 prae·
960 819 1148 882 sessoribus
1163 820 1298 887 nostris,
1314 820 1405 880 omni
1418 821 1494 895 jure
1512 818 1694 894 episcopali
1720 818 1755 878 in

4 912 40 981 24]
116 916 270 977 dictorum
299 916 580 995 archipresbyteri
606 918 640 979 et
659 917 796 995 capituli
821 916 905 978 sub-
960 917 1119 995 praedicta
1133 916 1273 993 capella,
1289 916 1336 977 ita
1351 920 1388 977 ut
1402 914 1515 977 divina
1529 914 1651 975 ibidem
1671 932 1757 992 mys·

8 1026 10 1029 ’
115 1013 346 1091 6616666666
360 1014 536 1088 roboratis,
554 1015 685 1092 plenius
705 1016 904 1088 continetur,
960 1014 1045 1077 teria
1059 1014 1279 1085 celebrentur,
1296 1013 1329 1075 et
1343 1014 1498 1074 sacerdos
1514 1012 1570 1090 qui
1596 1011 1691 1074 nobis
1715 1013 1756 1073 de

114 1110 322 1173 donationem
349 1111 456 1188 ipsam
476 1113 667 1190 apostolico
690 1110 907 1188 dignaremur
961 1112 1200 1189 spiritualibus,
1221 1110 1315 1173 robis
1337 1109 1536 1187 respondere
1560 1111 1603 1171 de
1624 1110 1755 1186 tempo-

114 1206 293 1271 munimiue
306 1209 476 1270 roborare.
488 1211 557 1271 Nos
572 1209 675 1285 igitur
688 1211 810 1272 restris
824 1226 906 1287 pos·
960 1209 1266 1283 ralibusteneatur3
1279 1208 1427 1269 chrisma
1437 1223 1528 1280 vero,
1541 1208 1650 1269 oleum
1663 1222 1757 1269 sanc-

116 1305 329 1368 tulationibus
363 1309 459 1383 grato
494 1308 730 1370 concurrentes
754 1323 905 1380 assensu,
961 1307 1042 1378 tum,
1058 1305 1327 1368 consecrationes
1340 1305 1507 1376 altarium,
1522 1321 1582 1366 seu
1595 1303 1755 1366 basilica·
1804 1334 1808 1338 ‡

116 1403 324 1465 donationem
340 1405 456 1481 ipsam,
465 1404 553 1466 sicut
563 1405 663 1482 pieac
673 1405 810 1483 provide
820 1404 907 1467 lacta
961 1420 1047 1476 rum,
1070 1403 1318 1465 benedictiones
1342 1402 1508 1475 abbatum,
1530 1403 1757 1464 ordinationes

118 1501 170 1571 est,
183 1497 386 1560 auctoritate
409 1497 503 1558 robis
521 1498 711 1575 apostolica
730 1498 909 1560 confirma·
962 1502 1211 1572 monachorum,
1235 1500 1268 1562 et
1282 1499 1490 1572 clericorum,
1515 1500 1572 1577 qui
1587 1500 1628 1560 ad
1644 1516 1757 1560 sacrus

119 1612 193 1667 mus,
212 1597 248 1657 et
265 1595 441 1672 praesentis
464 1595 580 1672 scripti
603 1596 789 1673 patrocinio
814 1612 908 1658 com·
963 1598 1097 1660 ordines
1111 1598 1237 1658 suerint
1251 1597 1477 1675 promovendi,
1488 1613 1508 1659 a
1519 1597 1627 1669 nobis,
1640 1598 1673 1659 et
1687 1614 1759 1658 suc·

119 1693 291 1753 munimus.
313 1691 362 1753 Ad
384 1695 546 1770 majorem
564 1695 676 1755 autem
699 1694 749 1755 rei
768 1694 908 1757 eviden-
963 1695 1151 1757 sessoribus
1168 1695 1292 1756 nostris
1314 1711 1389 1756 cum
1401 1694 1587 1766 devotione,
1604 1697 1637 1757 et
1657 1710 1757 1755 rese-

121 1790 201 1857 1166,
223 1790 373 1851 tenorem
396 1790 580 1852 litterarum
598 1791 747 1869 ejusdem
761 1791 909 1870 episcopi
962 1793 1071 1855 rentia
1097 1791 1208 1854 debita
1236 1792 1446 1868 suscipietis:
1472 1792 1538 1853 nisi
1561 1793 1625 1854 hoc
1651 1792 1761 1868 ipsum

121 1886 155 1948 de
170 1886 272 1947 verbo
290 1886 333 1947 ad
352 1886 490 1949 verbnm
505 1887 547 1948 ad
566 1888 786 1965 praesentibus
810 1889 910 1950 duxi-
964 1907 1079 1953 eorum
1100 1890 1301 1967 impediatur
1317 1888 1469 1950 absentia
1483 1906 1491 1946 ι
1507 1891 1587 1952 tuno
1601 1889 1706 1951 libere
1720 1905 1760 1950 ea

122 2000 184 2044 mus
196 1983 425 2056 inserendum,
443 1987 536 2062 anus
550 1986 706 2049 tenorest
718 1986 817 2048 talis:
964 1988 1005 2049 ab
1020 1987 1086 2049 alio
1102 1986 1266 2049 catholico
1281 1986 1451 2063 recipiatis
1464 1986 1630 2064 episcopo.
1648 1987 1763 2063 Sepul-

151 2080 450 2142 «venerabilibus
481 2083 516 2143 in
535 2083 666 2144 Christo
692 2082 851 2144 fratribus
877 2083 911 2145 et
963 2086 1073 2147 turam
1101 2100 1232 2162 quoque
1262 2083 1402 2145 liberam
1433 2099 1508 2145 esse
1533 2083 1759 2157 decernimus,

123 2179 306 2241 reverendis
321 2179 911 2253 6661616666ἰεῦ66661161666666-
964 2184 1057 2245 salva
1073 2182 1233 2244 canonica
1243 2181 1376 2259 J'ust'tia
1394 2182 1529 2242 illarum
1544 2181 1762 2243 ecclesiarum

122 2278 163 2339 tui
175 2277 370 2339 monasterii
394 2280 428 2338 S.
449 2277 564 2340 Mariae
586 2278 621 2339 in
643 2280 753 2340 monte
772 2279 907 2351 Mirtetl,
964 2296 984 2341 a
1007 2279 1126 2358 quibus
1141 2280 1345 2341 mortuorum
1372 2295 1511 2356 corpora
1533 2279 1759 2340 assumuntur.

123 2375 299 2450 llugolinus
323 2373 537 2437 miseratione
559 2376 672 2437 divina
692 2376 854 2438 Ostiensis
878 2378 911 2439 et
965 2379 1079 2451 Nobis,
1116 2380 1150 2440 et
1183 2376 1431 2439 successoribus
1460 2377 1583 2438 nostris
1606 2377 1643 2437 in
1677 2375 1762 2437 festo

123 2472 330 2534 velletrensis
349 2472 535 2549 episcopus,
558 2473 700 2535 salutern
722 2472 754 2534 in
771 2473 910 2535 Domino
966 2478 999 2536 S.
1032 2473 1222 2547 Clementis,
1252 2489 1388 2535 censum
1415 2472 1516 2533 unius
1549 2472 1639 2534 oboli
1668 2472 1763 2533 aurei

122 2572 247 2632 auctore
262 2569 393 2631 salutis.
409 2587 429 2630 a
966 2572 1064 2634 annis
1080 2572 1222 2648 singulis
1234 2570 1441 2648 persolvetis.
1458 2574 1486 2631 A
1504 2570 1634 2631 caetens
1652 2570 1763 2632 autem

154 2670 233 2729 «Ex
247 2668 408 2745 injnnctae
423 2668 518 2730 nobis
531 2667 642 2731 officio
662 2670 834 2732 servitutis
849 2685 909 2730 as·
965 2669 1196 2747 spiritualibus
1214 2671 1249 2731 et
1266 2667 1504 2744 temporalibus
1523 2667 1763 2729 monasterium

122 2765 302 2843 ringimur,
318 2766 353 2827 et
379 2765 520 2842 quodam
539 2766 648 2829 debito
663 2765 813 2829 caritatis
834 2783 911 2829 aro-
964 2769 1076 2846 ipsum
1098 2767 1204 2829 beatae
1217 2766 1333 2827 Mariae
1348 2765 1507 2841 Virginis,
1533 2766 1567 2827 et
1586 2765 1763 2825 ecclesiam

122 2866 232 2936 166666,
249 2862 376 2926 cultum
390 2864 514 2927 sancta
528 2864 702 2941 religionis
717 2865 908 2938 extendere,
966 2869 1000 2928 S„
1016 2864 1135 2941 Angeli
1148 2880 1223 2926 cum
1237 2863 1404 2925 universis
1420 2861 1641 2939 pertinentiis,
1658 2861 1763 2923 libera

122 2961 201 3023 etad
223 2960 479 3023 aedificationem
503 2961 649 3024 fidelium
664 2962 738 3024 loca
753 2964 839 3025 sacri
853 2979 912 3024 or-
965 2978 1040 3026 esse
1061 2950 1282 3024 decernimus.
1307 2964 1345 3022 In
1362 2959 1500 3037 capellis
1521 2975 1613 3029 vero,
1630 2959 1660 3020 si
1680 2975 1764 3036 quas

11 3054 13 3107 ἶ
122 3057 908 3138 diuisquantumcumDeopossumus,ampliare.
966 3060 1160 3132 habueritis,
1184 3059 1315 3135 integre
1339 3057 1543 3136 episcopalia
1562 3060 1641 3135 jura
1665 3056 1764 3118 nobis

122 3157 163 3216 lta
184 3156 330 3233 propter,
351 3156 559 3219 dilectissimi
575 3157 609 3218 in
628 3159 767 3220 Domino
777 3158 908 3231 fratres,
965 3162 998 3222 et
1018 3157 1266 3220 successoribus
1288 3156 1413 3218 nostris
1436 3171 1494 3233 per
1514 3154 1626 3216 omnia
1645 3170 1761 3216 reser-

123 3268 187 3325 nos,
199 3253 390 3315 deussensu
403 3255 437 3316 et
447 3255 618 3318 voluntate
630 3255 911 3335 archipresbgteri
964 3272 1092 3320 ramus.
1108 3255 1201 3318 Nulli
1216 3271 1295 3331 ergo
1310 3269 1464 3331 personae
1486 3253 1586 3314 liceat
1603 3252 1762 3329 praedicta

126 3352 155 3411 S.
169 3351 356 3425 Clementis,
373 3352 406 3414 et
424 3353 662 3415 canonicorum
676 3354 835 3427 omnium,
851 3369 910 3419 ec·
964 3356 1088 3417 temore
1098 3352 1303 3431 perturbare,
1312 3352 1371 3413 aut
1378 3350 1606 3429 possessiones
1614 3349 1761 3422 auterre,

125 3447 263 3521 clusium,
280 3465 380 3527 quam
404 3449 446 3512 ad
469 3449 628 3513 honorem
650 3451 911 3514 matrisbomini
965 3453 1017 3516 rel
1026 3452 1185 3522 alienare,
1197 3451 1250 3512 rel
1262 3449 1299 3510 in
1311 3449 1416 3509 alium
1429 3448 1537 3510 locum
1551 3462 1757 3526 quocumque

125 3546 264 3623 Virginis
279 3547 436 3623 gloriosae
455 3548 599 3622 smidari,
615 3550 649 3612 et
660 3550 808 3611 construi
827 3548 912 3611 laci·
965 3549 1062 3612 modo
1084 3547 1277 3620 transferre,
1305 3546 1363 3608 sed
1390 3561 1506 3608 corum
1531 3561 1591 3622 pro
1622 3558 1763 3621 quorum

125 3660 201 3717 nus,
215 3646 249 3707 et
261 3644 304 3707 de
322 3643 418 3706 bonis
433 3645 528 3708 nobis
545 3662 565 3709 a
581 3649 648 3709 Deo
667 3646 800 3710 collatis
817 3647 912 3709 dota-
965 3646 1204 3723 gubernatione
1212 3644 1335 3706 donata
1348 3640 1547 3714 noscuntur,
1559 3641 1625 3702 sint
1635 3642 1762 3703 tantum

124 3741 236 3815 rimus,
250 3757 327 3803 cum
341 3740 485 3803 officinis
504 3745 537 3805 et
558 3743 725 3819 domibus3
742 3748 775 3807 et
798 3745 910 3806 eccle·
966 3744 1080 3805 usibus
1095 3742 1279 3820 profutura.
1297 3741 1332 3803 Si
1350 3740 1423 3818 quis
1436 3740 1547 3801 autem
1562 3737 1676 3800 contra
1691 3737 1764 3798 haec

124 3838 200 3899 siam
222 3842 255 3901 S.
280 3839 400 3915 Angeli
416 3855 491 3901 cum
510 3841 677 3904 universis
701 3841 911 3919 pertinentiis
965 3858 1039 3919 quae
1050 3840 1214 3919 promissa
1224 3840 1301 3900 sunt
1313 3838 1429 3900 venire
1439 3835 1627 3906 tentaverit,
1642 3834 1764 3910 praeter

123 3935 291 4014 suisjuxta
307 3937 400 3998 illam
420 3937 613 4016 abantiquo
633 3939 858 4002 constructam
876 3938 911 4000 in
964 3938 1226 4014 indignationem
1249 3934 1483 4011 omnipotentis
1512 3931 1583 4003 Dei,
1616 3933 1649 3993 et
1678 3931 1762 3991 iram

122 4037 226 4097 monte
239 4035 378 4107 Mirteti,
393 4036 500 4108 robis,
520 4039 554 4099 et
565 4053 625 4114 per
637 4053 696 4100 ros
711 4037 821 4099 ordini
835 4054 912 4100 res-
964 4036 1112 4112 Virginis
1127 4034 1242 4095 matris
1257 4031 1546 4111 ejus,sententiam
1564 4044 1761 4090 excommu-

121 4130 179 4203 tro,
210 4133 265 4210 pia
288 4132 490 4196 liberalitate
515 4133 727 4207 conterimus,
758 4150 833 4196 cum
858 4134 911 4196 his
966 4133 1143 4196 nicationis
1162 4131 1322 4204 incurrat,
1343 4131 1376 4192 et
1395 4130 1431 4190 in
1453 4128 1507 4189 die
1520 4126 1683 4189 tremendi
1694 4127 1756 4203 ju-

121 4244 191 4304 quae
204 4230 510 4308 inpraesentiarum
525 4232 705 4310 possident,
723 4234 755 4294 et
771 4233 806 4294 in
821 4232 913 4293 lutu-
966 4232 1045 4295 dicii
1060 4231 1202 4293 dominae
1222 4230 1346 4291 nostrae
1360 4227 1492 4304 Virgini
1513 4225 1680 4302 gloriosa,
1701 4240 1762 4286 co-

119 4341 190 4388 rum
199 4329 301 4405 justis
315 4329 434 4399 modis,
448 4330 583 4392 6661666
596 4331 747 4404 Domino,
761 4330 912 4408 poteritis
965 4347 1038 4393 ram
1073 4329 1142 4391 illio
1181 4331 1264 4406 ejus,
1289 4328 1329 4389 de
1363 4326 1552 4403 perpetrata
1587 4323 1763 4400 iniquitate

0 4439 1 4442 ’
117 4424 266 4502 adipisci,
287 4426 335 4489 ita
356 4426 393 4488 ut
411 4426 492 4489 ordo
506 4428 710 4489 monasticus
730 4427 912 4490 secundnm
966 4428 1174 4506 respondeat.
1189 4428 1306 4490 Actum
1321 4423 1501 4486 Dominicae
1518 4420 1762 4483 incarnationis

0 4523 4 4574 f
116 4522 914 4588 Florentiniordinisinstitutumineademeccle·
968 4528 1062 4598 1216,
1090 4524 1302 4603 pontificatus
1327 4521 1454 4584 domini
1486 4519 1626 4581 Honorii
1662 4520 1763 4593 Papae

115 4619 279 4684 siabeataa
294 4621 444 4697 Virginis
457 4623 624 4700 perpetuis
635 4623 838 4701 temporibus
854 4623 914 4685 ob-
967 4640 1055 4686 anno
1071 4623 1187 4700 primo,
1204 4621 1386 4681 indictione
1397 4622 1435 4691 V,
1450 4631 1562 4677 mense
1577 4613 1763 4675 octobris.»

4 4734 5 4739 ’
115 4720 276 4782 serretur.
292 4719 492 4781 Praedictum
506 4720 610 4797 igitur
623 4721 798 4782 ecclesiam
807 4720 913 4783 beatae
992 4738 1026 4795 ,6
1040 4723 1108 4796 Ego
1123 4719 1308 4795 Hugolinus
1323 4714 1485 4778 Ostiensis
1498 4714 1531 4773 et
1543 4709 1762 4772 velletrensis

0 4820 1 4825 ’
114 4815 915 4895 Virginiscumunirersistratribus,tampraesen·
968 4820 1190 4896 episcopus.»

113 4911 218 4986 tibus,
235 4930 337 4992 quam
352 4914 911 4993 16166166611616666,1166616616,
1008 4915 1100 4977 Nulli
1119 4929 1198 4989 ergo
1214 4911 1348 4974 omnino
1372 4908 1543 4969 hominum
1558 4905 1658 4967 liceat
1676 4904 1763 4965 hanc

114 5011 358 5085 professionem
394 5012 535 5076 iecerint
566 5014 769 5090 regularem,
805 5014 915 5075 omni-
968 5014 1123 5092 paginam
1143 5011 1265 5072 nostrae
1287 5004 1548 5069 confirmationis
1568 5002 1762 5078 intringere,

112 5104 178 5168 bns
204 5109 378 5182 institutis,
407 5109 632 5184 libertatibusr,
661 5114 695 5173 et
722 5111 915 5174 immunita-
968 5109 1066 5173 relei
1080 5124 1164 5170 ausu
1177 5105 1357 5169 temerario
1369 5103 1536 5165 contraire
1550 5125 1558 5163 :
1573 5101 1602 5163 si
1618 5101 1765 5178 661666-

114 5204 206 5267 tibus
231 5206 268 5268 in
292 5208 489 5284 perpetuum
511 5209 657 5285 gaudere
682 5209 913 5283 concedimus;
968 5209 1035 5270 tem
1056 5207 1119 5268 hoc
1133 5204 1296 5267 6116611666
1321 5200 1580 5280 praesumpserit,
1605 5198 1763 5273 indigna-

117 5303 916 5378 6661661666611666661666666161666616666·
968 5307 1091 5370 tionem
1107 5301 1340 5379 omnipotentis
1355 5299 1426 5371 Dei,
1443 5301 1477 5360 et
1489 5298 1661 5359 beatorum
1674 5292 1763 5353 Patri

119 5399 230 5473 galeri
250 5402 367 5465 ordine
382 5404 459 5466 sunt
481 5419 652 5482 expressa,
681 5404 715 5466 et
728 5403 915 5481 privilegiis
969 5405 1003 5467 et
1025 5402 1121 5464 Pauli
1145 5399 1369 5483 apostolorum
1391 5399 1477 5474 ejus,
1503 5410 1539 5454 se
1563 5390 1692 5453 noverit
1706 5390 1763 5449 in-

122 5494 345 5562 Romanorum
352 5500 916 5579 Pontificumapprobatastmtliter
970 5515 1156 5563 cursurum.
1171 5498 1288 5559 Datum
1301 5494 1469 5564 Laterani,
1491 5506 1578 5553 nono
1589 5488 1657 5549 kal.
1673 5503 1761 5557 nou,

127 5592 296 5658 ecclesiam
318 5600 352 5658 s.
373 5597 490 5672 Angeli
515 5614 589 5659 cum
612 5599 822 5675 pertinentiis
846 5598 915 5659 suis
970 5598 1180 5677 pontificatus
1194 5595 1299 5656 nostri
1311 5608 1399 5654 anno
1410 5590 1527 5667 primo.

263 5773 379 5819 616666.
399 5772 473 5817 rm
485 5761 521 5817 ll.
1536 5741 1562 5797 3·
