3946 6196
222 253 283 315 359
838 252 1014 315 HONORII
1035 249 1079 313 111
1100 252 1250 315 OPERA.
1813 254 1870 320 360

226 413 352 476 decreti
378 413 478 491 hujus
496 414 613 476 tenore
634 411 766 489 cognito
788 410 895 493 (quod
914 410 1019 492 absit)
1113 410 1195 474 Cum
1209 429 1229 475 a
1243 408 1338 475 nobis
1353 410 1700 491 potissimumum:
1712 431 1870 479 assensu.

223 510 391 574 contraire
405 511 598 583 tentaverit,
622 508 762 573 bononis
783 510 847 584 sui,
867 510 900 573 et
918 510 1018 573 officii
1074 512 1238 573 statutum
1250 511 1336 589 qnod
1352 511 1392 573 de
1404 511 1573 574 tricesimo
1585 528 1725 575 numero
1740 516 1884 577 monia-f
1967 548 1968 551 =

224 609 409 688 periculum
435 608 591 685 patiatur,
619 607 678 670 aut
702 609 1020 671 excommnnicatio-
1073 609 1154 669 lium
1180 609 1220 669 de
1244 609 1366 671 caetero
1389 611 1425 671 in
1447 611 1650 672 monasterio
1664 612 1778 673 vestro
1800 628 1874 673 ser·
1967 602 1968 605 '

214 707 276 768 nis
297 707 423 768 ultione
444 704 618 784 plectatur,
637 706 703 767 nisi
727 707 1017 784 praesumptionem
1072 706 1180 767 vando
1210 706 1352 779 fecistis,
1382 708 1469 770 sicut
1496 708 1636 785 provide
1670 725 1711 770 ac
1744 710 1876 772 utiliter

224 821 318 866 suam
328 802 554 866 satisfactione
563 804 758 866 correxerit.
770 807 887 866 Amen.
900 809 1016 866 Amen.
1072 803 1194 865 lactum
1220 805 1281 877 est,
1309 804 1507 867 auctoritate
1534 806 1727 883 Apostolica
1756 808 1875 869 condr-

221 906 338 965 Amen.
1072 917 1211 971 mamus,
1223 902 1257 963 et
1270 903 1444 980 praesentis
1458 903 1574 980 cripti
1588 904 1779 980 patrocinio
1789 921 1877 967 com·

253 1000 330 1077 'Ego
363 999 549 1072 Gerendus,
589 999 808 1062 Bononiensis
843 1001 1018 1078 episcopus
1071 999 1257 1073 munimus,
1280 1001 1347 1061 nisi
1370 1000 1455 1062 rorte
1478 1000 1585 1077 ipsius
1610 1001 1813 1064 monasterii
1839 1004 1874 1065 in

220 1112 322 1159 manu
336 1113 410 1159 mea
421 1097 614 1175 subscripsi.
1070 1096 1199 1159 mnium
1218 1099 1429 1162 excreverint
1447 1098 1637 1172 facultates,
1654 1100 1744 1178 quod
1758 1100 1874 1178 plures

260 1199 328 1273 Ego
350 1196 469 1268 (tuido,
491 1195 650 1258 diaconus
673 1194 894 1257 Bononiensis
916 1212 1017 1259 manu
1071 1210 1115 1256 ex
1135 1194 1205 1256 illis
1220 1195 1354 1258 valeant
1376 1197 1568 1269 sustentari,
1592 1198 1690 1258 salvo
1706 1201 1824 1261 mmen
1838 1200 1874 1262 in

220 1306 295 1355 mea
310 1293 504 1371 subscripsi.
1072 1292 1225 1354 omnibus
1245 1292 1445 1371 apostolica
1470 1294 1564 1356 Sedis
1590 1294 1759 1357 mandato.
1781 1296 1875 1358 Nulli

250 1394 328 1468 'Ego
346 1392 507 1467 magister
525 1391 605 1462 Odo,
629 1391 848 1453 Bononiensis
866 1390 1016 1454 ecclesiae
1072 1406 1167 1467 ergo,
1190 1391 1270 1465 etc,
1294 1392 1417 1453 nostrae
1438 1391 1717 1465 confirmationis,
1745 1393 1812 1456 etc.
1838 1394 1873 1456 si

221 1489 381 1550 diaconus
396 1505 497 1551 manu
512 1505 586 1551 mea
603 1488 796 1567 subscripsi.
1072 1488 1147 1566 quis
1161 1491 1284 1558 autem,
1299 1488 1361 1551 etc.
1374 1490 1494 1551 Datum
1507 1488 1790 1569 Laterani,[tertio
1800 1491 1876 1554 idus

261 1589 329 1664 Ego
338 1587 516 1657 Henrious,
527 1587 750 1649 Bononiensis
759 1586 1019 1649 archidiaconus
1071 1585 1200 1663 aprilis,
1214 1585 1427 1664 pontificatus
1443 1588 1548 1650 nostri
1562 1603 1651 1650 anno
1665 1588 1790 1665 primo.

221 1701 323 1747 manu
337 1701 411 1747 mea
425 1684 618 1763 subscripsi.
1193 1729 1196 1741 .

248 1785 330 1859 ¹Ego
340 1783 448 1860 presb.
456 1782 563 1860 judex
574 1784 657 1844 Bon.
669 1781 1016 1845 ecclesiaecanmanu
1378 1773 1562 1864 GGXGIV

222 1879 525 2056 nnoEnggngngogllipnslnlg’
545 1980 627 2040 Bon.
646 1977 797 2041 ecclesias
818 1944 892 2041 can.
915 1994 1016 2040 manu
1110 1953 1164 2013 Aa
1184 1953 1430 2014 mmmm
1445 1954 1687 2027 mmmm
1701 1956 1876 2018 Contion-

220 2092 294 2138 mea
310 2076 503 2153 subscripsi.
1334 2049 1608 2124 tioooolttanuns.

260 2176 328 2251 Ego
358 2173 622 2250 Lampbrancus,
650 2175 732 2236 Bon.
759 2173 911 2236 ecclesias
939 2190 1016 2236 can.
1364 2197 1398 2255 {2
1417 2212 1478 2272 apr·
1499 2197 1578 2257 1217.

220 2287 323 2333 manu
340 2286 414 2333 mea
430 2269 624 2348 SUhSCPiPSi·
1106 2300 1246 2367 fflayndd,
1258 2301 1372 2354 dandos
1384 2302 1557 2367 ecclesiastici,
1569 2303 1604 2356 ad
1615 2317 1677 2355 aun.
1689 2304 1761 2366 tarr,
1774 2310 1788 2369 ς
1801 2306 1841 2372 a]

260 2370 328 2445 Ego
349 2367 504 2429 sacerdos
527 2366 695 2442 algestus,
716 2382 816 2428 mann
838 2383 912 2429 moa
930 2366 1014 2429 sub·

220 2464 351 2543 scripsi.
1070 2454 1242 2514 Petriarclue
1262 2458 1574 2531 consmmmopoliuno
1588 2457 1744 2532 munus,
1766 2474 1800 2517 se
1818 2473 1869 2517 ue·

260 2561 740 2641 agosacerdosanertuscan.
753 2563 786 2624 S.
798 2563 902 2636 Petri,
914 2579 1016 2625 mann
1108 2546 1274 2602 “millium
1286 2542 1376 2604 slim
1388 2545 1424 2604 id
1440 2548 1556 2605 Piiffiffl
1572 2547 1871 2618 ΑΜΜΟΓΘΜ,

220 2676 294 2723 mea
308 2660 502 2739 subscripsi·
1104 2631 1227 2733 studea
1241 2635 1268 2692 ll
1282 2635 1366 2734 'reg-is
1383 2636 1540 2709 burgarius
1560 2650 1708 2708 socerum,
1726 2636 1873 2711 imperiali

235 2772 236 2775 ’
259 2761 329 2836 Ego
352 2758 542 2836 Bonaguisa
566 2759 646 2819 Bon.
668 2756 820 2820 ecclesiae
836 2756 1014 2820 subdiaco-
1105 2719 1267 2779 ΜΘΝ
1281 2721 1500 2797 mmmmm·

220 2873 295 2929 nus,
312 2871 414 2918 mann
428 2871 502 2917 mea
517 2854 710 2933 subscripsi.
1109 2848 1277 2911 Honorius
1312 2849 1505 2928 episcopus,
1542 2866 1658 2913 servus
1693 2866 1868 2915 serrorum

258 2957 327 3030 Ego
340 2954 446 3016 Guido
462 2953 502 3015 de
515 2953 655 3016 Baniolo
667 2955 794 3016 Bonon.
810 2968 898 3027 can,
914 2968 1015 3015 manu
1069 2947 1140 3018 Dei,
1156 2947 1356 3024 patriarchae
1377 2948 1759 3026 Constantinopolitano,
1778 2950 1873 3012 onln-

208 3067 293 3113 rmea
308 3050 502 3128 subscripsi.
1068 3045 1135 3105 tem
1150 3047 1183 3107 et
1195 3045 1420 3122 apostolicam
1433 3045 1715 3110 benedictionem.

252 3148 351 3209 Nulli
373 3163 453 3224 ergo
474 3146 647 3208 hominum
675 3147 776 3209 liceat
805 3146 893 3209 banc
914 3148 1013 3225 pagi-
1109 3143 1171 3215 Qui
1190 3143 1306 3205 statuit
1319 3145 1479 3206 terminos
1503 3134 1669 3221 gentium,
1684 3146 1870 3209 secundum

217 3260 296 3306 nam
316 3245 439 3306 nostrae
459 3243 722 3306 continuationis
741 3242 937 3321 intringere,
960 3245 1014 3307 vel
1068 3256 1243 3302 numerum
1265 3241 1475 3318 angelorum,
1499 3243 1532 3304 et
1561 3244 1781 3322 utrorumque
1805 3247 1873 3307 mi·

217 3343 250 3405 ei
266 3358 350 3403 ausu
367 3342 546 3403 temerario
565 3342 752 3417 connaire3
770 3343 800 3403 si
814 3343 890 3421 quis
903 3343 1014 3404 autem
1068 3338 1207 3400 nisteria
1223 3338 1341 3401 ordine
1351 3341 1440 3401 miro
1451 3340 1634 3418 dispensat,
1648 3341 1735 3404 sicut
1746 3342 1872 3406 choros
1942 3337 1944 3340 ⁴

217 3441 282 3503 boc
297 3440 460 3503 attentare
474 3439 734 3519 praesumpserit,
751 3441 1014 3517 indignationem
1068 3435 1263 3511 angelorum
1273 3436 1377 3498 variis
1393 3437 1622 3513 dignitatibus,
1635 3454 1709 3516 quae
1721 3441 1872 3518 propriis

218 3539 453 3617 omnipotentis
464 3539 535 3611 Dei,
548 3539 581 3601 et
590 3538 762 3600 beatorum
773 3538 865 3600 Petri
875 3540 907 3600 et
917 3539 1014 3600 Pauli
1068 3532 1241 3595 vocabulis
1253 3535 1337 3596 teste
1351 3534 1508 3612 apostolo
1522 3536 1744 3614 appellantur,
1760 3538 1871 3600 mira·

217 3637 451 3714 Apostolorum
478 3639 550 3713 eJ'us
577 3652 614 3697 se
640 3636 770 3697 noverit
788 3636 1011 3697 incursurum.
1068 3630 1180 3693 biliter
1202 3631 1395 3709 insignivit,
1419 3632 1468 3694 sic
1493 3635 1526 3696 et
1550 3634 1734 3696 Ecclesiam
1758 3635 1871 3698 adbuc

258 3736 378 3797 Datum
391 3733 558 3807 Laterani,
572 3735 593 3794 3
606 3732 682 3795 idus
698 3734 826 3812 aprilis,
838 3733 1015 3811 pontifica—
1068 3728 1265 3792 militantem
1283 3730 1428 3792 interra
1446 3730 1589 3793 diversis
1611 3732 1681 3793 mm
1704 3733 1872 3810 spiritua·

217 3833 271 3896 tus
286 3832 391 3895 nostri
407 3836 495 3894 anno
514 3831 633 3910 primo,
654 3831 881 3894 etitominicae
899 3834 1015 3893 lucan
1068 3825 1150 3888 lium
1178 3843 1278 3905 quam
1303 3827 1536 3905 temporalium
1565 3828 1721 3893 distinxit
1747 3830 1868 3904 titulis,

217 3930 364 3993 nationis
389 3945 478 3993 anno
501 3929 680 3993 millesimo
705 3928 932 3992 ducentesimo
952 3927 1015 3992 de-
1068 3924 1377 4005 potestatempenes
1390 3926 1871 4000 uuum,videlicetRomanum

218 4028 304 4091 cimo
322 4028 474 4106 septimo.
1069 4021 1276 4095 Pontificem,
1298 4022 1422 4085 Christi
1439 4022 1614 4096 doarium,
1635 4026 1669 4087 et
1685 4026 1873 4102 Apostolo-

256 4128 326 4203 Bgo
347 4125 527 4197 Honorius,
547 4123 727 4188 catholice
742 4123 900 4188 Ecclesiae
923 4124 1016 4204 epis·
1068 4135 1143 4181 rum
1156 4118 1318 4197 principis
1332 4135 1572 4195 successorem,
1582 4120 1733 4183 omnium
1747 4124 1873 4201 magis·

220 4237 334 4301 copus,
1067 4217 1152 4280 terio
1162 4232 1223 4294 pro
1232 4216 1440 4279 firmamento
1450 4216 1527 4280 fidei
1536 4220 1744 4292 remanente,
1754 4222 1793 4283 ut
1800 4222 1871 4299 pul·

1068 4313 1150 4376 cbra
1170 4313 1326 4377 fidelibus
1336 4315 1369 4377 et
1382 4314 1572 4377 infidelibus
1586 4317 1751 4379 terribilis
1763 4334 1874 4397 appa·

514 4415 714 4504 ssflxflffl
1068 4427 1157 4486 rens,
1174 4412 1211 4473 ut
1224 4414 1411 4474 castrorum
1428 4413 1518 4476 acies
1533 4413 1697 4488 ordinata,
1710 4417 1873 4493 procedat

1069 4523 1238 4588 prospere,
1265 4508 1371 4571 donec
1396 4511 1513 4587 regina
1537 4511 1672 4573 tandem
1695 4528 1718 4574 a
1742 4514 1873 4577 dextris

218 4617 271 4679 Ad
295 4612 501 4677 abbatissam
527 4612 561 4674 ct
588 4611 794 4675 manentum
822 4615 1012 4678 amantea.
1070 4608 1196 4670 summi
1204 4607 1346 4684 Regisin
1355 4608 1479 4670 vestitu
1491 4608 1606 4672 sedeat
1618 4610 1794 4685 deaurato,
1802 4611 1875 4675 teti-

224 4712 227 4719 '
424 4709 622 4773 atrebaten.
639 4712 806 4772 dioecesis.
1069 4705 1152 4767 citer
1166 4705 1201 4765 in
1223 4707 1418 4782 perpetuum
1435 4708 1626 4782 regnatura.
1650 4708 1746 4770 Unde
1769 4725 1873 4787 quum

509 4860 544 4917 11
561 4873 622 4933 n·
640 4859 719 4917 ¹²1⁷·
1069 4802 1442 4978 {tettalias
1455 4804 1872 4978 attitulati:

251 5001 360 5068 [aegest.
373 4999 422 5052 in.
434 5001 457 5061 i,
472 5000 546 5066 epist.
560 4999 615 5050 aaa.
632 4999 691 5051 uss.
707 4999 982 5064 messanensib.
1069 5013 1160 5070 num,
1169 4998 1502 5075 etquaecumquevnlt
1511 4999 1651 5061 suscitat
1660 5002 1870 5078 superillud,

1069 5109 1166 5155 nemo
1181 5093 1231 5155 illi
1242 5094 1367 5156 temere
1382 5083 1479 5157 debet
1496 5096 1664 5172 resistere,
1681 5113 1725 5158 ne
1740 5114 1871 5162 secun·

1069 5191 1147 5252 dum
1168 5193 1374 5268 Apostolum,
1387 5193 1542 5270 potestati
1565 5192 1689 5256 divinas
1708 5197 1871 5260 resistere

1068 5288 1232 5362 videatur,
1260 5288 1340 5366 quin
1368 5290 1478 5366 potius
1504 5290 1638 5353 tenetur
1664 5292 1808 5370 puniret
1834 5296 1871 5357 in

1069 5383 1225 5461 operibus
1252 5401 1410 5448 manuum
1434 5385 1567 5447 Domini
1596 5388 1766 5464 exultare,
1795 5408 1871 5470 quae

259 5483 437 5555 Honorius,
455 5481 530 5553 etc,
549 5478 680 5542 dilectis
696 5479 773 5542 liliis
790 5479 968 5545 abbatisse
982 5483 1016 5546 at
1069 5494 1211 5560 semper,
1233 5484 1333 5561 juxta
1362 5483 1581 5561 propnetam,
1603 5485 1872 5552 misericordiam

221 5580 396 5643 conventui
408 5579 591 5643 Bononien.
603 5576 792 5643 atrebaten.
808 5578 972 5644 dioecesis.
1068 5579 1102 5643 et
1111 5579 1276 5658 judicium
1290 5596 1384 5646 essse
1397 5581 1538 5646 oonsmt

220 5165 362 5223 statutum
374 5161 410 5220 de
424 5160 699 5218 tncesimonumero
709 5160 876 5219 monialium
891 5161 921 5219 in
935 5161 1012 5235 ipso·

254 5267 318 5311 rum
329 5249 503 5308 monasterio
515 5247 658 5306 servando
668 5248 831 5322 apostolica
846 5251 1015 5309 ancoritana

255 5340 416 5400 confirmat.
