3900 6202
81 204 133 268 213
379 290 385 301 ἱ
697 202 928 267 EPISTOLAE.
952 208 1031 298 LIB.
1053 209 1079 270 1.
1623 292 1626 301 ‚
1654 214 1715 276 274

84 386 283 470 pnnsnniaias
296 386 336 449 in
350 385 469 464 quibus
484 403 546 450 nec
558 387 623 466 ipsi
636 387 863 469 nobisabsque
918 394 1009 458 dices
1023 396 1056 463 16
1071 397 1230 477 ineptum,
1252 399 1285 462 et
1305 400 1378 480 ipse
1394 400 1526 480 quidem
1540 416 1716 464 remaneas

83 488 171 551 multa
194 486 559 567 mentisqamaritudine
578 487 784 561 intimarunt,
802 505 864 550 nec
918 495 1123 572 provinciam
1147 496 1237 559 tuam
1261 497 1303 560 ad
1326 498 1488 561 dictorum
1508 515 1716 577 paganorum

83 604 132 650 nos
145 585 264 662 absque
279 584 422 661 paterna
437 585 666 661 compassione
676 586 863 648 audivimus
917 593 1107 655 incursibus
1133 596 1293 673 quantum
1322 598 1480 660 Dominus
1509 597 1713 661 concesserit

83 702 115 747 ea
127 699 194 762 quae
209 682 300 743 circa
314 682 430 743 fideles
449 682 556 759 ipsius
577 683 769 760 provinciae,
785 701 864 762 pec·
918 689 1125 764 defensurus,
1143 694 1176 755 et
1190 692 1265 755 illos
1278 695 1532 777 crucesignatos
1546 696 1655 759 tecum
1671 695 1713 757 ad

83 782 153 846 catis
166 780 288 843 uostris
308 780 531 858 exigentibus,
552 782 704 844 exercuit
718 784 751 845 et
765 799 865 845 61161-
918 788 1009 849 illius
1022 789 1249 853 defensionem
1264 793 1422 867 retineas,
1440 810 1522 872 quos
1543 794 1598 857 vel
1616 794 1718 857 imbe-

84 882 125 943 cet
140 878 251 941 soritas
279 895 497 956 paganorum,
521 895 710 958 quanquam
737 883 863 943 certum
918 887 1042 949 cillitas
1067 888 1201 963 virium,
1228 890 1282 952 vel
1308 907 1406 970 opum
1434 892 1581 955 tenuitas
1607 892 1717 955 reddit

84 979 127 1050 sit,
141 976 222 1056 qnod
238 977 307 1039 alto
329 976 452 1039 divinae
472 976 699 1054 dispositionis
723 979 863 1042 consilio
918 984 1083 1048 inhabiles
1108 987 1142 1050 et
1167 988 1303 1051 inutiles
1328 988 1434 1068 ipsius
1458 991 1715 1068 negotioTerrae

18 1154 19 1157 Ἴ
85 1077 179 1152 agitur
199 1076 235 1136 ut
249 1075 404 1137 conversi
419 1075 461 1137 ad
476 1078 579 1136 Deum
595 1077 863 1153 persecutionum
919 1085 1061 1156 Sanctae,
1077 1084 1147 1145 illis
1164 1086 1220 1164 qui
1242 1087 1284 1148 ad
1305 1086 1367 1149 hoc
1382 1086 1495 1149 idonei
1517 1086 1717 1150 videbantur

85 1173 236 1250 angustias
251 1173 433 1250 patiantur,
442 1174 605 1252 quatenus
621 1188 657 1235 se
676 1174 761 1236 totos
776 1175 864 1237 inte-
918 1180 959 1241 ad
984 1182 1134 1260 eJusdem
1149 1200 1344 1247 succursum
1365 1202 1440 1247 cum
1460 1185 1502 1247 ad
1523 1185 1556 1246 id
1584 1200 1621 1246 se
1640 1185 1718 1246 voto

84 1272 142 1334 rius
155 1270 347 1348 colligentes
361 1287 456 1332 suam
470 1270 731 1335 imbecillitatem
747 1288 865 1350 agnos·
918 1280 1147 1354 astrinxerint,
1173 1283 1381 1359 proiecturis
1401 1282 1523 1345 ettam
1546 1282 1598 1343 his
1618 1298 1717 1360 quam

86 1380 148 1440 caut
166 1379 198 1440 et
220 1378 255 1438 in
272 1378 452 1455 conspectu
472 1378 532 1440 Dei
554 1378 731 1443 humiliant
747 1383 865 1443 semet·
918 1376 987 1439 illis
1010 1394 1050 1439 ea
1067 1379 1245 1454 gavisurus
1270 1381 1368 1443 venia
1392 1382 1615 1460 peccatorum,
1642 1396 1717 1458 quac

84 1476 168 1554 ipsos,
188 1476 284 1554 eique
304 1476 340 1537 iu
353 1477 472 1539 timore
490 1478 640 1540 serviant
659 1479 692 1540 61
706 1478 861 1552 tremore,
918 1474 1156 1552 approbatione
1171 1479 1488 1555 conciliigeneralis
1506 1479 1715 1555 crucesigna-

18 1636 20 1643 ,
85 1576 112 1636 61
128 1575 287 1653 proposito
304 1573 368 1635 sibi
391 1574 573 1637 certamine
594 1576 630 1637 in
650 1592 715 1654 quo
737 1577 865 1638 certent
918 1573 961 1633 tis
973 1573 1177 1649 generaliter
1193 1576 1395 1652 indulgetur.
1410 1577 1459 1638 Ad
1474 1576 1546 1639 haec
1561 1576 1640 1654 quia
1658 1574 1719 1636 de-

18 1670 19 1681 ’
85 1688 132 1749 pro
159 1672 290 1734 nomine
317 1673 449 1733 Domini
477 1674 538 1734 Dei
564 1674 617 1734 sui
646 1674 862 1752 multiplicem
919 1686 1009 1732 mum
1028 1670 1090 1735 fuit
1109 1672 1205 1733 nobis
1225 1674 1465 1737 instantissime
1483 1674 1716 1751 supplicatum,

84 1768 209 1831 habeant
223 1770 454 1831 satisfaciendi
473 1772 659 1843 materiam,
680 1773 737 1849 qui
753 1774 864 1849 quoti·
919 1770 955 1830 ut
967 1786 1081 1831 omnes
1094 1771 1344 1848 crucesignatos
1361 1772 1479 1834 saltem
1491 1771 1631 1833 duorum
1651 1771 1717 1832 du-

84 1866 127 1928 die
141 1867 343 1929 offendentes
359 1868 393 1929 iu
410 1868 522 1931 multis
544 1869 771 1948 multipliciter
785 1886 865 1949 pro-
918 1869 1051 1930 6111111
1070 1869 1230 1941 Ρ6161116,
1247 1869 1304 1948 qui
1319 1871 1396 1932 suut
1408 1869 1515 1946 magis
1530 1869 1635 1931 vicini
1652 1884 1717 1947 pa-

18 2010 19 2019 ,
85 1964 223 2027 labuntur
239 1965 281 2027 ad
297 1966 441 2044 culpam.
468 1968 562 2029 Unde
582 1983 754 2045 speramus
776 1969 862 2046 quod
918 1966 1014 2042 ganis
1038 1983 1058 2028 a
1086 1969 1162 2028 voto
1188 1967 1502 2045 Hierosolymitanae
1520 1967 1719 2045 peregriua-

83 2062 142 2139 ipse
153 2064 204 2142 qui
220 2064 311 2126 solus
334 2064 481 2127 laborem
500 2067 534 2127 et
547 2065 694 2128 dolorem
711 2067 865 2129 consido-
919 2065 1019 2127 tionis
1028 2063 1203 2126 absolvere
1213 2066 1428 2142 dignaremur
1436 2066 1585 2143 inJuucto
1593 2065 1718 2150 eisdem

82 2163 127 2222 rat
138 2163 344 2239 peccatorum
359 2162 488 2239 virgam
503 2179 604 2242 super
619 2166 742 2227 sortem
753 2168 864 2242 justo-
918 2164 954 2225 ut
966 2163 1114 2241 pugnent
1125 2163 1242 2227 contra
1256 2180 1417 2242 paganos,
1434 2164 1524 2242 ipsos
1540 2164 1719 2225 611161111-

81 2274 144 2319 rum
158 2259 301 2322 finaliter
314 2276 381 2322 non
396 2261 571 2339 relinquet,
589 2278 650 2324 166
660 2262 775 2325 fideles
786 2279 863 2324 suos
919 2261 1088 2337 dulgentia
1123 2262 1292 2338 gavisuri,
1328 2261 1362 2323 id
1396 2262 1462 2324 tuae
1497 2260 1716 2339 providentiae

18 2380 20 2421 ῑ
83 2357 218 2433 patietur
229 2358 319 2420 ultra
334 2375 433 2436 posse
447 2359 582 2432 tentari,
601 2360 658 2421 sed
673 2360 774 2424 saciet
788 2378 863 2423 cum
918 2358 1074 2420 duximus
1084 2360 1349 2437 relinquendum.
1363 2360 1430 2421 Sub
1445 2360 1718 2421 interminatione

18 2456 20 2575 l
79 2454 251 2517 tentatione
274 2456 474 2534 proventum
493 2459 530 2520 ut
550 2457 685 2520 valeant
697 2458 864 2521 sustinere
918 2459 1029 2518 autem
1065 2457 1287 2521 anathematis
1315 2458 1498 2520 districtius
1516 2457 1716 2529 inhibemus,

18 2582 20 2673 Ι
81 2552 129 2629 qui
152 2570 226 2615 suos
242 2570 375 2632 semper
393 2554 428 2616 in
441 2554 655 2618 tribulatione
670 2557 798 2630 dilatat,
814 2558 863 2618 sio
917 2569 960 2614 ne
977 2555 1152 2631 quisquam
1164 2555 1288 2616 terram
1303 2553 1548 2631 baptizatorum
1563 2552 1604 2614 de
1619 2556 1720 2614 Prus-

18 2684 19 2723 ;
79 2646 109 2708 11
117 2649 304 2713 bidrmitate
315 2652 472 2714 virtutem
485 2652 662 2731 perficiens
672 2654 863 2716 eorumdem
918 2652 969 2712 sia
984 2651 1057 2712 sine
1068 2652 1291 2729 permissione
1306 2651 1358 2712 sui
1371 2651 1520 2728 episcopi
1534 2666 1609 2711 cum
1624 2665 1719 2711 exer-

18 2774 20 2815 1
81 2746 186 2808 uicum
199 2765 237 2810 se
256 2751 469 2827 consumptos
486 2749 677 2827 putaverint
693 2752 731 2813 ut
745 2750 863 2813 lucifer
918 2748 987 2812 citu
1004 2748 1131 2811 intrare
1148 2749 1338 2826 praesumat,
1356 2749 1434 2826 quia
1445 2749 1506 2809 Dei
1521 2748 1554 2810 et
1567 2746 1718 2810 nostram

18 2830 20 2953 t
81 2844 225 2908 oriantur.
234 2849 322 2908 Saue
338 2847 468 2925 praeiati
479 2848 626 2927 episcopi
634 2851 733 2928 atque
743 2849 865 2927 princi·
918 2847 1182 2923 indignationem
1196 2848 1395 2920 incurreret,
1417 2846 1528 2925 quide
1543 2846 1665 2908 caetero
1682 2847 1717 2906 in
1747 2865 1749 2870 ·

18 2962 20 3021 1
81 2957 129 3017 pes
146 2943 263 3006 humili
285 2944 383 3006 nobis
399 2945 557 3008 instantia
576 2946 805 3025 supplicarunt
815 2948 861 3021 ut,
917 2945 1018 3007 tantae
1044 2945 1316 3023 praesumptionis
1337 2945 1513 3006 audaciam
1535 2943 1716 3022 prosiliret.

18 3024 20 3075 ¹
81 3038 157 3103 illius
174 3044 273 3104 temne
294 3044 493 3105 necessitate
507 3042 711 3122 inspectata
726 3061 746 3107 a
762 3047 862 3109 Jero-
918 3045 1037 3106 Datum
1052 3044 1219 3117 Laterani,
1233 3045 1309 3105 XVI
1322 3043 1483 3105 kalendas
1496 3043 1717 3121 Martii,pon-

18 3106 20 3203 ἑ
80 3137 261 3202 solimitanae
294 3141 573 3219 peregrinationis
604 3142 718 3205 labore
744 3148 861 3221 aquo,
919 3141 1064 3204 tidcatus
1078 3142 1185 3204 nostri
1197 3157 1286 3204 auno
1302 3143 1423 3220 primo.

79 3234 108 3296 ut
121 3239 280 3311 asserunt,
298 3240 371 3316 ipsa
383 3241 415 3301 16
431 3239 574 3302 absolvit
595 3239 785 3313 infirmitas,
802 3241 865 3302 ab·

18 3380 20 3409 ,
80 3333 194 3401 solvere
220 3336 454 3412 dignaremur,
481 3337 514 3399 61
543 3337 624 3398 dare
646 3337 863 3401 nihilomiuus

18 3466 20 3489 ,
78 3429 130 3489 tibi
146 3432 312 3495 licentiam
327 3434 495 3497 retinendi
516 3435 764 3513 crucesignatos
786 3452 865 3514 pro-
1246 3401 1398 3490 CCXXI

18 3548 20 3611 ς
78 3526 182 3592 vinciae
190 3532 383 3593 memoratae
397 3548 457 3610 per
468 3533 647 3597 triennium
659 3534 774 3595 contra
783 3550 866 3611 praa-

18 3664 19 3685 2
80 3622 223 3689 dictorum
231 3645 440 3707 paganorum
449 3614 861 3709 barbariempugnaturos,

81 3736 220 3787 concessa
242 3727 305 3788 tibi
325 3728 359 3789 et
375 3727 444 3787 illis
464 3743 504 3789 ea
528 3729 628 3790 venia
652 3732 863 3806 peccatorum

18 3904 38 3921 „
81 3835 142 3896 qua
172 3824 415 3900 crucesignatis
446 3824 641 3888 transituris
677 3826 719 3888 ad
752 3828 863 3904 partes
1203 3862 1239 3920 ¹4
1256 3859 1328 3919 febr·
1350 3862 1430 3919 iiii.

18 3948 20 3989 1
78 3916 359 3999 termolymitanas
388 3922 597 3999 indulgetur,
626 3939 669 3985 ne
701 3925 866 4003 6166616-

81 4012 186 4080 dictam
210 4021 421 4098 prouinciam
439 4022 532 4083 tuam
559 4020 776 4084 bellatoribus
799 4023 863 4084 de·
948 4012 1117 4080 [negandi.
1132 4014 1152 4065 1.
1165 4011 1240 4078 epist.
1257 4010 1574 4065 ¹33=i¹³a1⁴⁸l³⁰fi⁰dl
1589 4008 1685 4073 ried]

77 4118 240 4192 pauperari
258 4118 452 4195 contigerit,
474 4119 590 4182 eadem
612 4136 656 4181 ex
675 4120 744 4182 toto
758 4136 864 4198 paga·
1044 4185 1079 4199 ,,
1149 4185 1154 4197 ,
1288 4183 1294 4196 ,
1610 4183 1617 4196 ,

77 4222 180 4275 nomm
194 4216 385 4278 incursibus
398 4218 511 4294 pateat
529 4218 562 4280 et
580 4234 641 4295 pel,
656 4217 734 4280 illos
747 4219 806 4296 qui
821 4218 863 4279 ad
945 4189 982 4247 Ut
993 4191 1132 4260 recipiant
1148 4200 1176 4242 m
1191 4199 1362 4243 canonicum
1378 4198 1534 4259 pauperem
1550 4182 1687 4242 clericum

18 4304 20 4421 J
79 4321 140 4371 eam
152 4312 321 4375 tutandam
334 4314 545 4393 aliquatenus
553 4315 864 4390 suffecissent,Ter-
1231 4255 1404 4314 studentem.

79 4419 117 4466 rae
128 4410 251 4473 Sauctae
271 4413 439 4475 modicum
454 4414 608 4476 utilitatis
623 4415 770 4487 accedat,
787 4431 863 4476 cum
958 4402 1139 4475 Honorius,
1155 4402 1232 4474 eto,
1245 4400 1376 4463 dilectis
1395 4400 1474 4462 filiis
1489 4399 1600 4461 abbati
1612 4399 1646 4461 et
1660 4414 1720 4460 02·

78 4507 172 4570 amnis
190 4508 260 4571 iere
275 4512 324 4572 sic
340 4510 408 4573 siut
424 4512 568 4589 pecunia
586 4512 696 4586 vacui,
716 4514 752 4575 ut
773 4529 862 4574 non·
918 4500 1023 4578 pitulo
1038 4500 1144 4562 sancii
1159 4501 1319 4562 Fronton.
1334 4497 1581 4574 Ρθῑΐὸἒθΐῑθθῦ·

77 4603 271 4669 nullieorum
291 4609 351 4670 vix
365 4610 544 4673 credantur
564 4626 729 4687 expensas
749 4610 790 4671 ad
807 4610 863 4687 ip.
957 4597 1102 4674 Ascripti
1134 4596 1263 4658 militiai
1296 4595 1446 4657 clericali
1479 4591 1717 4656 ecclesiasticis

77 4714 141 4762 sum
159 4704 221 4766 iter
236 4708 447 4769 necessarias
468 4707 628 4771 habituri.
651 4708 743 4770 Licet
760 4708 864 4785 igitur
916 4698 994 4758 sunt
1015 4694 1189 4772 stipendiis
1211 4693 1418 4755 sustentandi
1440 4707 1482 4752 ne
1505 4707 1580 4752 cum
1602 4688 1717 4757 indere

77 4795 305 4865 intercalares
320 4805 563 4868 sollicitudines
578 4807 862 4883 nostrasprirnnm
918 4793 1106 4857 nescientes
1129 4791 1320 4853 mendicare
1343 4789 1483 4851 forsitan
1506 4787 1714 4860 erubescant

75 4891 170 4960 locum
185 4900 334 4965 obtineat
344 4904 512 4979 negotium
522 4906 634 4965 Terrae
646 4903 788 4974 sancia,
800 4920 862 4982 ge·
917 4908 1036 4953 mflsslls
1058 4905 1136 4966 ⁸12³ss
1159 4888 1201 4950 ad
1225 4888 1343 4949 illicita
1367 4885 1546 4949 Oxtssssdeffl
1570 4886 1718 4965 compel-

75 4998 174 5058 reutes
193 5002 305 5062 tamen
330 5002 371 5063 de
391 5002 449 5063 tua
477 5002 618 5064 caritate
637 5019 677 5064 ac
700 5002 862 5079 religione
917 4986 1138 5062 tantumnodo
1153 4984 1434 5064 103391016110316
1449 5001 1569 5047 nomen
1584 4985 1619 5045 in
1634 5000 1718 5060 gen·

73 5089 216 5158 fiduciam
247 5099 444 5177 specialem,
470 5100 504 5162 ia
527 5100 636 5178 ipsum
659 5116 699 5162 ac
723 5102 861 5163 caeteros
916 5088 1005 5151 tihus
1017 5083 1253 5162 blasphemari.
1266 5083 1352 5145 Hinc
1362 5083 1509 5160 estquod
1522 5098 1582 5160 pro
1595 5082 1715 5143 dilecto

73 5194 310 5271 crucesignatos
333 5198 399 5260 tuae
423 5198 605 5275 provinciae
624 5198 686 5261 tibi
709 5199 863 5260 commit.
917 5186 986 5247 lilio
1009 5182 1194 5247 Raimundo
1209 5181 1332 5244 clerico
1351 5181 1408 5259 qui
1424 5181 1511 5243 siout
1525 5179 1715 5256 accepimus

72 5286 171 5351 tentes
191 5291 346 5355 duximus
374 5294 409 5355 in
433 5295 497 5356 hac
518 5298 623 5372 parte,
645 5296 681 5357 ut
706 5294 862 5359 videlicet
916 5300 977 5363 pro
1014 5280 1237 5359 comparanda
1274 5277 1529 5355 inomni&abili
1566 5275 1715 5338 scienti&

73 5384 280 5464 ncngnoscis
298 5392 332 5453 te
352 5392 445 5454 tanta
469 5392 662 5455 infirmitate
686 5395 861 5469 gravatum
916 5381 1097 5457 margarita
1119 5394 1193 5456 (1111θ
1215 5377 1348 5439 dOfflum
1364 5376 1494 5438 DOmifli
1519 5373 1663 5445 decorat,
1680 5373 1715 5435 θῑ

73 5485 150 5558 quod
180 5488 220 5547 ad
249 5489 455 5552 subeundum
487 5490 862 5570 Jnros01ymiianaepn.
916 5479 1048 5541 labores
1062 5476 1183 5538 multos
1198 5474 1300 5536 subiit
1309 5476 1341 5537 et
1353 5487 1528 5550 expensas,
1540 5470 1714 5533 caritatem

72 5577 302 5653 regrinetionis
317 5581 476 5656 laborem,
489 5584 574 5647 teste
588 5585 791 5647 conscientia
803 5587 863 5662 ju·
916 5578 1060 5640 'vestram
1075 5574 1257 5651 rogandam
1278 5573 1433 5638 duximus
1451 5570 1484 5632 et
1498 5568 1710 5643 monendam,

957 3599 1010 3660 Ad
1022 3598 1177 3660 abactam
1191 3598 1225 3660 et
1238 3599 1427 3674 6611161616
1439 3599 1474 3660 S.
1491 3597 1679 3659 Frontonis

1158 3696 1470 3771 Petregoiiceaais.
