3928 6200
120 334 180 399 405
679 328 856 389 HONORII
881 328 1007 389 PAPAE
1028 329 1075 388 111
1096 316 1205 389 vlia.
1709 332 1770 391 406

118 508 199 557 nens
220 490 319 561 esset,
335 486 380 549 ad
400 486 503 564 legati
520 487 553 549 S.
575 487 614 549 ll.
635 486 671 547 H.
691 485 817 548 vexilla
836 500 918 563 pro·
969 486 1067 551 antea
1082 484 1239 558 diximus,
1251 487 1324 562 jam
1345 483 1472 562 pridem
1487 483 1549 547 snb
1573 487 1769 550 Innocentio

116 588 258 669 peraret.
287 587 350 659 Qui
381 584 562 663 apparatus
590 599 656 646 non
682 582 770 645 irriti
799 598 913 645 omnes
967 583 1067 645 tertio
1095 585 1234 644 Romam
1255 596 1387 644 coronae
1406 583 1626 661 suscipiendae
1652 600 1765 647 causa.

116 689 217 749 luere.
265 682 569 746 Numerosissimus
610 683 684 744 erat
734 681 913 753 exercitus,
970 680 1034 741 Sed
1058 680 1091 742 id
1106 681 1359 757 Pontiilexjure
1377 680 1598 742 differendum
1620 697 1767 744 censue-

112 788 247 864 jamque
268 781 311 843 ad
328 779 542 858 septuaginta
560 779 704 841 militum
717 779 823 842 millia
836 794 915 856 per-
969 778 1032 840 rat
1048 777 1090 839 nt
1103 793 1179 839 cum
1197 777 1330 840 tandem
1350 778 1498 840 Honorio
1518 779 1681 841 Pontidce
1701 796 1769 858 op-

114 882 277 944 renerat:
296 878 441 956 ideoque
463 878 645 941 Sulthanus
664 875 730 938 sibi
743 877 785 939 ab
800 876 916 939 Chris-
968 876 1073 939 tatum
1088 875 1240 938 diadema
1255 874 1374 939 diisset
1390 877 1599 947 consecutus,
1617 878 1766 939 Honorio

113 980 202 1043 uano
218 978 317 1040 hoste
330 977 483 1040 metuens
489 974 531 1037 ad
538 973 632 1054 pacis
647 974 757 1037 studia
771 989 914 1037 eonver—
965 973 1115 1052 jubente,
1132 973 1173 1035 de
1189 989 1291 1035 mann
1304 973 1463 1050 Hugolini
1475 974 1636 1036 Ostiensis
1651 975 1767 1036 cardi-

114 1094 180 1148 sns,
196 1076 290 1137 etad
306 1074 501 1152 legatumet
518 1070 914 1150 adllierosolymitanum
969 1071 1067 1144 nalis,
1093 1086 1193 1134 cruce
1215 1073 1315 1135 etiam
1337 1070 1401 1132 sibi
1415 1070 1581 1148 imposita,
1601 1073 1679 1133 vota
1701 1087 1767 1133 vo-

113 1189 224 1250 terem
249 1173 367 1237 missis
388 1171 517 1239 nuntiis
534 1169 687 1235 exoravit
703 1167 767 1249 (a),
797 1170 833 1233 ιιι
855 1170 913 1230 in·
968 1168 1011 1231 tis
1029 1170 1214 1243 cumulans,
1229 1168 1440 1247 perficienda
1454 1168 1769 1246 Hierosolymitanee

112 1271 214 1348 signis
230 1270 313 1332 urbs
333 1268 498 1341 Damiata,
520 1283 594 1346 quae
613 1283 721 1344 nuper
736 1267 913 1328 Saracenis
968 1267 1191 1344 expeditionis
1216 1282 1328 1339 causa,
1350 1267 1387 1330 ut
1414 1265 1518 1329 tradit
1541 1267 1680 1344 Usperg.
1710 1283 1767 1330 an.

111 1369 222 1445 erepta
233 1367 359 1440 iuerat,
372 1366 407 1428 et
415 1365 596 1443 apostolici
604 1364 705 1441 legati
716 1364 914 1427 auctoritate
968 1364 1032 1426 Dni
1042 1366 1131 1437 1220,
1140 1365 1240 1443 atque
1253 1364 1300 1427 ita
1313 1380 1445 1426 omnem
1457 1363 1556 1425 fldem
1572 1379 1651 1440 erga
1662 1368 1767 1442 Apos-

114 1467 275 1544 perpetuo
304 1462 601 1541 Hierosolymitani
626 1462 721 1539 regni
742 1461 914 1538 supposita
967 1462 1102 1527 tolicam
1119 1462 1237 1525 Sedem
1252 1461 1410 1539 praeferre
1424 1461 1518 1525 visus
1530 1462 1690 1538 estquod
1704 1479 1767 1539 pn-

113 1562 228 1623 ditioni
242 1561 501 1625 restitueretur:
517 1560 591 1637 ipse
605 1558 784 1623 Dominicae
799 1558 914 1620 Crucis
967 1558 1064 1620 blicis
1074 1559 1195 1622 litteris
1205 1560 1238 1621 id
1248 1559 1438 1631 testaretur,
1447 1574 1530 1638 quas
1540 1557 1768 1621 conficiendas

113 1660 300 1737 portionem
320 1658 552 1737 Hierosolyma
570 1657 780 1735 exportatum
794 1656 915 1717 redde-
964 1657 1138 1733 juraverat
1158 1657 1352 1735 priusquam
1376 1656 1565 1720 diademate
1577 1656 1768 1733 insignire·-

113 1759 173 1827 ret,
196 1759 386 1834 mutuoque
401 1755 526 1834 captivi
540 1754 634 1816 abire
659 1753 757 1815 liberi
775 1753 915 1831 permit-
967 1752 1038 1829 tur3
1052 1771 1070 1813 ι
1083 1753 1312 1817 abstenturum
1325 1769 1361 1815 se
1373 1753 1553 1816 scilicetab
1567 1754 1768 1817 omnivexa·

114 1852 798 1934 tenentur.(anton.tit.1a,c.a,§aet4;
814 1853 913 1928 atque
966 1850 1059 1913 tione
1081 1850 1181 1913 rebus
1202 1850 1447 1913 Ecclesiastiois
1473 1850 1659 1921 inferenda,
1685 1851 1767 1929 quin

113 1952 302 2017 Nauclerns
315 1952 465 2028 generat
480 1948 546 2029 41).
968 1964 1043 2027 quae
1065 1949 1252 2026 accepisset
1268 1949 1369 2013 etiam
1388 1947 1641 2022 redditurum»,
1653 1949 1768 2026 jnrat-

148 2049 305 2113 abeunte
326 2048 431 2125 igitur
457 2046 551 2111 omni
572 2047 734 2120 exercitu,
766 2048 913 2110 loannes
968 2060 1032 2124 que
1048 2046 1084 2108 in
1097 2061 1219 2109 nomen
1233 2047 1391 2111 Ecclesiae
1413 2049 1584 2119 Romanae,
1596 2046 1769 2125 suppetias

112 2162 172 2212 rex
193 2162 287 2223 aegre
307 2144 420 2209 lenens
435 2143 618 2208 detractam
639 2144 704 2206 sibi
726 2143 913 2207 Damiatam
967 2143 1246 2221 quandocumque
1259 2159 1315 2207 res
1327 2143 1431 2207 ferret
1452 2143 1631 2222 pollicitus,
1645 2144 1681 2205 in
1696 2142 1770 2205 baec

111 2243 372 2307 munitissimam
386 2242 596 2320 praecaeteris
611 2242 664 2303 sui
676 2241 771 2318 regni
784 2242 910 2314 urbem,
966 2241 1068 2303 verba
1083 2239 1131 2322 (1)
1141 2258 1149 2297 :
1161 2259 1179 2302 ι
1189 2244 1227 2304 In
1241 2242 1376 2303 nomine
1391 2242 1521 2303 Sanctae
1534 2241 1567 2303 et
1581 2241 1769 2305 individuae

111 2341 307 2419 compositis
322 2338 374 2420 (ut
386 2356 447 2418 pro
469 2340 618 2417 tempore
640 2337 749 2420 licuit)
765 2339 799 2401 in
815 2340 912 2417 syria
967 2355 986 2400 ι
1006 2338 1190 2401 Trinitatis.
1206 2341 1322 2405 Amen.
1349 2340 1417 2415 Ego
1434 2338 1625 2401 ilridericus
1645 2353 1769 2400 secun-

111 2438 221 2513 rebus,
238 2437 358 2517 paucis
372 2435 549 2502 admodum
559 2437 734 2499 comitatus
746 2436 863 2514 copiis,
880 2437 913 2499 et
966 2454 986 2497 ι
1007 2435 1069 2498 dus
1088 2439 1314 2501 Romanorum
1332 2436 1515 2514 imperator
1537 2450 1668 2514 semper
1689 2439 1764 2498 Au-

111 2538 182 2615 ipse
194 2536 232 2598 in
242 2536 456 2599 Occidentem
467 2533 533 2596 sibi
544 2550 619 2597 esse
633 2533 911 2613 proficiscendum
965 2550 985 2619 ι
1005 2535 1134 2610 gustus,
1148 2549 1210 2597 rex
1230 2534 1366 2606 Siciliae,
1380 2536 1444 2596 etc.
1457 2532 1531 2596 'libi
1541 2534 1682 2597 Domino
1692 2549 1768 2596 meo

112 2634 237 2697 statuit.
255 2636 397 2697 Romam
409 2633 514 2709 igitur
527 2648 631 2711 usque
644 2631 826 2709 traJiciens
841 2631 912 2695 tum
966 2648 986 2694 ι
1005 2634 1039 2694 et
1052 2632 1146 2694 Patri
1162 2631 1360 2695 charissimo
1373 2630 1522 2694 Honorio
1536 2634 1636 2709 Papae
1653 2632 1765 2704 tertio,

111 2732 342 2805 aPontitice,
371 2733 443 2793 tum
473 2747 493 2792 a
525 2729 664 2809 reliquis
694 2728 909 2807 principibus,
965 2729 1138 2808 «tuisque
1163 2728 1429 2802 successoribus,
1457 2729 1490 2792 et
1514 2729 1672 2791 Ecclesiae
1698 2731 1767 2792 Ro-

111 2845 198 2895 nova
221 2829 389 2906 petiturus
408 2828 547 2900 auxilia,
581 2827 739 2905 exceptus
757 2826 913 2905 perbeni-
966 2845 985 2888 ι
1006 2843 1125 2900 manae,
1143 2826 1362 2906 praesentibus
1388 2826 1584 2904 subscriptis
1604 2826 1768 2904 principi-

112 2941 178 3003 gne
191 2927 233 2988 ab
253 2926 405 2993 Honorio
427 2927 493 3002 est;
516 2926 559 2999 et,
584 2925 621 2987 ut
641 2924 742 3003 petita
764 2923 913 2989 subsidia
966 2925 1068 2989 <bus
1092 2927 1125 2989 et
1151 2924 1332 2998 nobilibus,
1360 2923 1506 3002 spondeo
1534 2924 1568 2986 et
1590 2923 1763 3003 polliceor,

113 3024 315 3102 quantocius
328 3023 569 3101 praeberentur,
593 3025 702 3089 actum
715 3023 767 3089 est
783 3023 819 3085 ut
832 3023 911 3085 Fri·
966 3039 986 3082 ι
1006 3023 1160 3100 promitto
1180 3021 1212 3084 et
1224 3024 1316 3099 juro,
1334 3021 1421 3100 qnod
1441 3021 1557 3084 omnes
1577 3020 1765 3099 possessio-

113 3121 246 3187 dericns
263 3121 458 3198 imperator,
484 3120 542 3200 qui
557 3122 669 3200 lama
692 3119 865 3192 Pontifice,
892 3134 913 3181 a
967 3135 1077 3202 «nes,
1099 3120 1243 3180 bonores
1267 3119 1301 3181 et
1319 3120 1400 3197 jnra
1426 3118 1584 3181 Ecclesiae
1606 3120 1764 3181 Romanae

113 3219 293 3297 qnotantis
308 3217 491 3285 honoribus
506 3218 693 3281 cumulatus
707 3217 826 3290 linerat,
843 3217 915 3279 dis·
967 3235 986 3278 ι
1007 3233 1066 3294 pro
1081 3231 1178 3294 posse
1191 3215 1362 3283 meobona
1375 3216 1439 3279 flde
1451 3217 1624 3295 protegam
1636 3217 1671 3278 et
1686 3232 1762 3278 ser-

114 3314 252 3388 aidebat,
277 3315 315 3377 in
335 3315 536 3392 apostoncae
555 3315 650 3379 Sedis
668 3313 811 3391 gratiam
825 3314 914 3377 reci-
966 3331 989 3375 ιι
1006 3314 1107 3389 rab03
1127 3313 1356 3393 possessiones
1371 3314 1484 3379 autem
1506 3330 1589 3393 quas
1613 3317 1765 3378 Romana

115 3414 259 3489 peretur,
282 3412 317 3475 et
336 3412 476 3475 Joannis
497 3428 541 3476 ex
562 3412 632 3477 iola
650 3415 792 3490 conjuge
808 3411 912 3473 liliam
967 3428 988 3473 ι
1006 3411 1156 3477 Ecclesia
1177 3411 1398 3490 recuperarit,
1424 3411 1548 3475 liberas
1576 3412 1610 3473 et
1635 3412 1766 3489 quietas

117 3508 420 3587 sibidesponderet,
437 3510 589 3588 dotisque
601 3510 735 3575 nomine
744 3512 803 3587 jus
816 3524 912 3572 omne
966 3525 985 3570 ι
1007 3508 1071 3575 sihi
1086 3509 1259 3582 dimittam,
1273 3509 1307 3575 ei
1319 3509 1427 3587 ipsam
1442 3509 1484 3571 ad
1501 3524 1559 3571 eas
1574 3507 1765 3572 retinendas

117 3606 168 3668 illi
190 3606 414 3681 conterretur,
441 3608 527 3687 quod
543 3607 757 3673 haereditario
778 3610 856 3685 jure
877 3606 912 3669 in
967 3623 986 3668 ι
1007 3606 1176 3670 bonafide
1193 3607 1339 3686 jurabo,
1356 3622 1438 3685 quas
1462 3609 1573 3669 autem
1587 3622 1655 3668 non
1667 3621 1767 3667 recu-

117 3704 422 3783 ilierosolymitano
456 3721 560 3782 regno
603 3704 667 3768 sibi
701 3705 911 3782 competeret.
967 3721 990 3765 ι
1007 3704 1147 3783 pererit,
1164 3705 1297 3782 adjutor
1311 3721 1369 3768 ero
1389 3704 1431 3767 ad
1450 3704 1714 3781 recuperandum
1734 3702 1768 3764 et

117 3804 218 3883 Atque
229 3803 280 3869 ita
291 3802 394 3865 rebus
412 3802 616 3881 compositis,
639 3801 914 3880 celebratisquea
967 3802 1290 3878 «recuperatorum,
1315 3801 1498 3862 secundum
1518 3816 1615 3878 posse
1639 3815 1762 3872 meum,

117 3900 286 3964 Friderico
300 3900 437 3978 nuptiis,
454 3917 529 3963 cum
543 3914 650 3965 uxore
668 3915 712 3965 ex
723 3899 912 3963 remotissi—
967 3914 986 3959 ι
1006 3913 1065 3959 ero
1086 3898 1161 3963 sine
1174 3896 1292 3961 fraude
1310 3897 1475 3969 defensor,
1489 3899 1523 3960 et
1546 3912 1764 3975 quaecumque

118 4013 167 4059 ma
185 3997 337 4059 Orientis
359 3998 498 4074 regione
517 3997 691 4075 expectata
711 3996 746 4063 et
762 3996 910 4069 advecta,
967 4012 986 4055 ι
1006 3993 1048 4054 ad
1061 4009 1179 4057 manns
1200 4010 1292 4056 meas
1307 3994 1511 4071 devenerint,
1528 3993 1602 4055 sine
1616 3994 1764 4055 difficul-

117 4093 320 4172 inapnlinm
332 4110 407 4159 sese
420 4095 546 4172 recepit
560 4095 753 4172 imperator,
765 4093 914 4172 aliqnan-
966 4108 985 4153 ι
1005 4092 1074 4154 tate
1087 4092 1267 4155 restituere
1285 4090 1481 4170 procurabo.
1504 4092 1554 4155 ad
1573 4092 1636 4154 has
1660 4090 1767 4168 perti-

117 4190 171 4253 din
195 4191 246 4254 ibi
264 4193 500 4257 commoratus.
525 4191 590 4255 Sed
610 4192 668 4270 qui
691 4191 802 4257 luerat
819 4192 913 4254 tanto
966 4204 986 4250 ι
1006 4190 1064 4252 net
1076 4190 1145 4252 tota
1154 4190 1246 4253 terra
1259 4205 1333 4268 quae
1345 4189 1644 4253 estaRadioolano
1658 4204 1764 4267 usqne

116 4288 209 4352 titulo
237 4289 341 4351 οιιιιιιι
368 4289 567 4362 cumulatus,
599 4287 724 4367 perdde
744 4289 815 4350 tum
833 4303 913 4365 erga
966 4286 1049 4348 <ad
1084 4287 1311 4365 ceparanum,
1345 4287 1547 4350 exarchatus
1574 4290 1763 4360 Rauennae,

116 4401 266 4459 uxorem,
283 4388 354 4451 tum
369 4401 520 4449 socerum
533 4388 706 4459 loannem,
720 4386 791 4448 tum
804 4384 912 4462 ipsum
967 4400 988 4445 ι
1007 4384 1212 4462 Pentapolis,
1240 4385 1391 4449 marchia
1410 4386 1630 4458 anconitana,
1658 4384 1764 4447 duca-

116 4483 322 4555 Pontificem,
334 4482 415 4561 quin
435 4483 468 4545 et
487 4486 590 4545 Deum
609 4482 729 4561 ipsum,
746 4482 800 4543 cui
815 4481 914 4545 Asia·
967 4497 986 4543 ι
1005 4481 1060 4545 tus
1082 4482 1292 4560 spoletanus,
1310 4482 1401 4546 terra
1420 4483 1599 4547 comitissae
1621 4482 1762 4545 Matbil-

115 4580 213 4643 ticam
236 4572 477 4659 profectionem
501 4580 730 4658 suscepturum
751 4596 787 4645 se
814 4578 912 4645 toties
966 4594 986 4640 ι
1007 4576 1069 4652 dis,
1090 4580 1267 4645 comitatus
1290 4580 1481 4649 Bretinorii‚
1504 4596 1579 4644 cnm
1604 4579 1766 4656 adjacen-

1 4757 2 4768 ,
116 4676 305 4747 devoverat,
318 4678 435 4754 gessit.
451 4677 605 4741 Hxlrisce
619 4679 728 4741 autem
751 4675 913 4742 Friderici
966 4676 1094 4738 «tibus
1117 4677 1218 4740 terris
1238 4677 1407 4755 expressis
1431 4677 1467 4737 in
1488 4677 1601 4738 multis
1624 4675 1764 4753 privile-

117 4775 239 4853 nuptiis
254 4775 340 4839 illud
363 4774 546 4853 proiectum
561 4778 624 4849 est,
649 4775 686 4838 ιιι
704 4775 844 4853 quisque
858 4774 914 4835 Si·
966 4791 985 4834 ι
1006 4773 1071 4850 giis
1094 4773 1332 4852 imperatorum
1354 4789 1397 4837 ex
1415 4775 1562 4850 tempore
1587 4771 1762 4835 Ludonici.

117 4872 181 4937 call
209 4875 244 4937 et
267 4872 482 4950 Neapolitani
506 4872 603 4950 regni
625 4887 698 4944 rex,
721 4887 759 4934 se
781 4886 913 4950 quoque
966 4873 1074 4932 «Has
1093 4885 1210 4933 omnes
1229 4886 1289 4949 pro
1309 4885 1407 4947 posse
1422 4884 1496 4932 meo
1516 4869 1701 4942 restituam,
1730 4871 1765 4934 et

118 4967 459 5047 Hierosolymitanum
491 4985 605 5046 regem
633 4969 803 5046 nuncupet
825 4966 914 5047 (An-
966 4984 985 5029 ιι
1007 4967 1117 5045 quiete
1131 4967 1294 5030 dimittam
1314 4982 1390 5029 cum
1405 4966 1495 5029 omni
1514 4967 1761 5045 jurisdictione,

119 5065 183 5127 ιοιι.
195 5066 247 5129 ut
272 5068 322 5139 19,
341 5082 371 5128 c.
391 5067 424 5140 3,
443 5068 464 5144 ἓ
481 5071 503 5133 4
519 5069 553 5131 et
574 5067 610 5145 ὃς
629 5066 776 5142 Platina3
792 5064 911 5129 Naucl.
966 5083 985 5126 ιι
1007 5065 1176 5138 districtu,
1202 5066 1237 5129 et
1268 5065 1396 5127 honore
1421 5081 1493 5127 suo.
1527 5068 1763 5129 Verumtamen

119 5177 227 5238 gener.
238 5164 296 5239 413
311 5163 471 5229 Trithem.
486 5167 611 5228 Cicron.
627 5160 823 5243 Hirrum).
966 5179 1082 5226 «cum
1116 5162 1159 5225 ad
1182 5162 1407 5240 recipiendam
1430 5178 1588 5226 coronam
1614 5163 1760 5241 Imperii,

1 5315 2 5338 ,
156 5261 320 5332 Quoniam
344 5260 522 5323 incidimus
550 5260 589 5323 in
619 5259 782 5325 Friderici
811 5260 914 5338 perd-
967 5261 1061 5324 «vel
1105 5275 1166 5339 pro
1206 5258 1461 5325 necessitatibus
1495 5260 1674 5332 Ecclesiae,
1720 5260 1762 5322 ab

1 5351 2 5396 l
122 5356 204 5419 diam
218 5373 294 5420 cnm
308 5357 498 5435 apostolica
514 5356 599 5420 Sede
619 5356 810 5430 admissam,
834 5356 914 5420 libet
966 5358 1196 5436 «apostolica
1229 5358 1314 5423 sede
1345 5359 1482 5422 vocatus
1509 5371 1699 5427 accessero,
1720 5356 1761 5419 de

123 5454 160 5517 de
172 5471 212 5517 ea
224 5471 264 5517 re
278 5454 380 5533 paulo
398 5453 550 5532 pluribus
569 5470 681 5532 agere.
704 5457 860 5529 Venerat,
878 5457 914 5518 ut
967 5473 986 5518 ι
1006 5456 1162 5519 mandato
1175 5457 1302 5519 Summi
1317 5456 1488 5520 pontilicis
1502 5454 1663 5531 accipiam
1678 5471 1761 5532 pro·

126 5585 389 5717 lugldgoffiss
402 5586 594 5716 ffifflflum'
610 5586 733 5661 quirem
749 5587 909 5662 aliquantu·
1003 5585 1045 5664 (ι)
1064 5586 1104 5651 cl.
1121 5587 1196 5647 Ordo
1210 5588 1248 5645 ed
1259 5589 1460 5658 comedam,
1475 5600 1540 5660 sup.
1555 5585 1610 5647 ccl.
1625 5585 1689 5647 itt.
