3946 6196
871 334 1048 398 BONORII
1070 334 1115 397 111
1137 335 1285 398 OPERA.

253 340 315 401 503
1847 339 1906 398 504

254 498 413 568 mentum,
422 493 654 558 etscandalum
663 490 881 571 plurimorum
894 492 1049 556 videlicet
1142 494 1247 557 iustis
1270 491 1463 571 petentium,
1484 492 1560 568 ete..
1590 508 1697 570 usque
1723 494 1908 572 complere

254 590 1046 663 archidiaconatumunuminecclesiacatarien„
1103 592 1298 670 Eapropter,
1326 591 1402 663 etc,
1432 606 1540 666 tuque
1569 606 1720 653 assensu.
1750 592 1911 653 Decimas

255 690 474 769 etquemdam
490 689 589 752 etiam
604 690 786 768 prioratum
811 689 1048 751 monachorum
1101 691 1168 751 tam
1196 687 1377 761 novalium,
1405 704 1503 765 quam
1525 688 1667 750 aliarum
1692 691 1911 751 terraruma
1964 704 1965 757 5

254 788 484 863 nigrorum,ac
495 787 639 865 quinque
650 787 702 848 vel
715 787 829 864 plures
839 786 1049 863 parochiales
1102 787 1304 849 monasterio
1316 788 1427 848 vestro
1445 788 1522 848 ante
1539 787 1697 864 generale
1716 788 1909 848 Concilium

255 885 425 956 ecclesias,
441 886 474 946 et
489 884 640 962 quaedam
660 884 738 956 alia,
765 900 838 962 quae
862 898 1048 945 consueve·
1102 883 1311 946 rationaliter
1335 884 1369 945 et
1396 884 1505 961 quiete
1531 884 1706 961 possessis,
1739 884 1829 946 sicut
1851 900 1910 946 eas

253 981 466 1043 rantclericis
474 981 690 1044 saecularibus
702 981 1049 1058 assignari.Quocirca
1098 983 1187 1059 juste
1199 997 1239 1043 ac
1253 980 1390 1059 pacifice
1401 981 1590 1059 possidetis,
1606 980 1713 1053 vobis,
1731 983 1766 1043 et
1779 997 1841 1059 per
1850 998 1911 1043 vos
1965 1054 1966 1063 ἵ

255 1076 451 1138 discretioni
479 1078 600 1139 vestrae
624 1093 684 1154 per
697 1076 887 1154 Apostolica
926 1076 1049 1152 scripta
1103 1078 1305 1141 monasterio
1340 1080 1450 1141 vestro
1484 1078 1681 1141 auctoritate
1712 1079 1910 1155 apostolica
1965 1096 1966 1099 ¹

255 1173 463 1247 mandamus,
493 1176 667 1251 quatenus
692 1174 819 1236 vocatis
843 1172 900 1252 qui
925 1171 1050 1235 tuerint
1103 1176 1549 1239 confirmamusbistrictius
1564 1175 1768 1248 inhibentes,
1781 1177 1911 1253 nequis

254 1270 425 1344 evocandi,
449 1273 483 1333 et
508 1272 669 1349 inquisita
692 1286 792 1349 super
815 1272 858 1332 iis
873 1271 1004 1348 plenius
1017 1272 1050 1332 et
1103 1290 1163 1336 vos
1177 1289 1277 1352 super
1286 1273 1355 1336 illis
1365 1276 1546 1352 praesumat
1555 1272 1701 1335 indebite
1713 1273 1909 1335 molestare.

254 1368 386 1444 cognita
398 1368 549 1441 veritate,
566 1368 596 1431 si
619 1368 714 1431 vobis
734 1367 920 1430 constiterit
941 1367 1050 1445 ipsum
1104 1371 1197 1434 Nulli
1212 1387 1303 1449 ergo,
1323 1372 1399 1440 etc..
1424 1371 1548 1433 nostre
1569 1370 1854 1443 confirmationis,
1880 1372 1913 1432 et
1966 1372 1967 1399 ³

255 1481 329 1526 esse
348 1465 545 1528 canonicum
568 1466 770 1542 regularem,
785 1480 860 1526 cum
881 1464 917 1525 in
931 1463 1051 1526 salutis
1105 1468 1326 1542 inhibitionis,
1339 1468 1403 1530 etc.
1415 1468 1452 1530 Si
1470 1466 1545 1546 quis
1565 1468 1688 1540 autem,
1706 1467 1772 1530 ete.
1789 1469 1912 1530 Datum

255 1564 400 1640 propriso
424 1563 588 1626 redundet
602 1563 811 1641 dispendium
828 1564 945 1625 contra
961 1561 1051 1624 beati
1105 1566 1286 1640 Ferentini,
1308 1567 1340 1628 X
1364 1565 1527 1630 kalendas
1553 1565 1711 1638 octobris,
1737 1580 1829 1626 anno
1851 1580 1911 1625 se-

252 1661 429 1737 Augustini
468 1662 620 1737 regulam
662 1660 854 1738 hujusmodi
887 1658 1050 1722 beneficia

254 1755 425 1832 obtinere,
463 1759 571 1836 ipsum
606 1758 829 1836 appellatione
867 1757 1050 1835 postposita

256 1855 407 1933 spolietis
441 1856 579 1929 eisdem,
606 1856 700 1916 illum
724 1855 913 1917 contentum
941 1853 1052 1916 officio

256 1951 436 2015 decanatus
465 1953 613 2016 residere
635 1954 670 2014 in
701 1953 846 2016 claustro
870 1951 1053 2016 monitione

254 2051 427 2126 praemissa
438 2066 680 2128 percensuram
692 2050 951 2113 ecclesiasticam
962 2064 1053 2111 com·

254 2146 429 2223 pellentes.
445 2149 560 2209 Testes
574 2150 696 2221 antem,
723 2148 799 2221 ete,
816 2147 917 2209 nullis
932 2147 1053 2210 litteris

256 2243 467 2306 obstantibus
474 2248 595 2322 praeter
604 2261 777 2308 assensum
790 2245 945 2323 partium.
960 2243 1052 2318 Quod

255 2341 362 2402 sinon
378 2358 503 2415 omnes,
518 2345 593 2416 etc,
603 2343 668 2404 duo
680 2343 838 2415 vestrum,
854 2344 917 2404 etc.
933 2342 1052 2404 Datum

254 2437 373 2511 alatri,
387 2441 425 2500 13
439 2438 507 2501 kal.
522 2439 779 2514 octobris-anno
790 2439 946 2501 secundo.

580 2619 728 2707 XXXII

332 2771 551 2833 Adabbctem
573 2771 611 2833 et
629 2772 835 2833 conventum
853 2773 972 2832 1191911.

538 2903 573 2960 11
588 2909 661 2975 sept.
677 2902 756 2960 tall.

297 3007 406 3073 [liegest.
422 3008 467 3059 lib.
480 3008 512 3066 ll,
523 3007 598 3072 epist.
608 3007 664 3058 tta.
675 3010 733 3059 llas.
750 3009 786 3059 La
795 3009 873 3059 Porto
883 3006 918 3057 du
928 3005 1022 3071 711911]

321 3106 478 3167 Confirmat
486 3105 715 3178 jurisdictionem
729 3106 758 3163 in
775 3105 867 3179 burgo
882 3105 981 3164 bolen.

295 3231 473 3303 Honorius,
488 3231 564 3302 etc,
580 3230 710 3293 dilectis
724 3230 802 3292 tiliis
813 3229 925 3292 abbati
938 3230 970 3292 et
980 3246 1056 3292 con·

255 3328 369 3389 ventui
384 3328 579 3389 monasterii
594 3327 708 3390 Dolen.

293 3426 397 3487 iustis
422 3426 603 3503 petentium
630 3425 816 3498 desideriis,
843 3425 919 3498 etc..
947 3438 1055 3499 usque

255 3524 432 3600 complere.
462 3525 508 3584 lia
537 3524 683 3601 propter,
714 3522 826 3585 dilecti
852 3523 888 3584 in
916 3522 1054 3585 11911119

255 3619 449 3688 illii,vestris
455 3621 566 3698 justis,
577 3621 652 3693 etc,
665 3635 772 3695 tuque
783 3635 932 3682 assensu.
944 3620 1056 3682 Liber·

254 3717 356 3778 tatem
375 3717 472 3793 burgi
487 3716 601 3779 Dolen.
619 3718 652 3779 et
665 3717 880 3795 temporalem
895 3717 1057 3795 jurisdic-

254 3814 378 3877 tionem
407 3832 505 3893 quam
541 3815 671 3877 habetis
700 3816 734 3877 in
763 3816 847 3891 ipso,
878 3816 965 3877 sicut
998 3832 1055 3877 eas

251 3915 341 3991 Juste
363 3929 402 3975 ac
417 3913 554 3990 pacifice
570 3912 737 3984 obtinetis,
754 3912 859 3986 vobis,
879 3914 912 3975 et
923 3929 983 3991 per
996 3929 1055 3975 vos

255 4012 458 4074 monasterio
494 4012 606 4074 vestro
642 4010 840 4073 auctoritate
865 4011 1056 4088 Apostolica

256 4109 501 4181 confirmamus,
518 4108 701 4170 districtius
717 4107 904 4170 inhibentes
924 4124 965 4169 ne
981 4109 1055 4186 quis

255 4221 315 4266 vos
326 4221 425 4281 super
435 4205 502 4266 illis
513 4205 693 4282 praesumat
706 4204 851 4267 indebite
862 4205 1053 4267 molestare.

256 4300 348 4362 Nulli
364 4317 454 4378 ergo,
472 4304 547 4374 eto,
561 4317 669 4376 usque
688 4302 810 4363 nostrae
826 4290 1055 4365 confirmatio-

256 4399 308 4459 nis
329 4398 521 4475 inlringere,
534 4398 586 4460 vel
602 4398 644 4471 ei,
658 4400 733 4470 ete,
746 4414 853 4472 usque
874 4400 1054 4462 contraire.

257 4497 293 4557 Si
316 4495 391 4573 quis
414 4495 535 4569 autem,
556 4511 663 4570 esque
688 4495 911 4557 incursurum.
936 4498 1055 4560 Datum

139 4661 143 4668 ,
255 4595 426 4658 Ferentini
439 4596 470 4656 Χ
483 4594 552 4656 kal.
566 4593 709 4656 octobris
722 4609 809 4655 anno
825 4594 984 4657 secundo.

572 4782 741 4870 XXXIII

296 4939 349 4997 Ad
369 4936 524 4999 abbatem
538 4936 572 4998 et
593 4934 799 4997 conventum
813 4933 1022 4996 motmstertt

595 5036 712 5094 Dotem.

546 5146 581 5203 11
599 5151 671 5218 sept.
689 5146 767 5203 1117.

304 5252 413 5318 [Regest.
428 5250 473 5302 lib.
481 5251 512 5310 Il,
524 5251 598 5316 epist.
612 5250 668 5301 tto.
684 5253 741 5302 llss.
752 5251 788 5301 Lu
799 5252 874 5302 Porto
884 5249 918 5301 du
928 5249 1023 5315 Theti]

275 5351 429 5412 Confirmat
448 5350 492 5408 eis
507 5348 635 5407 decimas
650 5356 717 5406 ante
732 5349 890 5408 Concilium
902 5348 1041 5423 generale

578 5452 742 5496 concessas.

298 5566 464 5627 Honorius
489 5565 618 5627 dilectis
632 5563 712 5626 tiliis
731 5563 842 5627 abbati
856 5566 890 5627 et
910 5579 1059 5626 conven-

260 5661 309 5722 tui
322 5662 515 5724 monasterii
531 5663 647 5724 bolen.

1105 1663 1225 1726 cundo.

1422 1785 1585 1873 XXXIV

1125 1930 1177 1990 Ad
1197 1928 1352 1991 abbatem
1378 1927 1414 1990 et
1439 1927 1646 1989 conventum
1673 1926 1887 1989 monasterti

1443 2027 1560 2086 boten.

1388 2146 1424 2204 22
1445 2152 1517 2219 sept.
1537 2146 1616 2203 1117.

1161 2261 1271 2327 [liegest.
1282 2259 1330 2312 lib.
1343 2261 1374 2319 ll,
1385 2274 1426 2326 sp.
1436 2258 1491 2310 113.
1500 2259 1557 2311 lies.
1571 2261 1608 2312 la
1618 2260 1696 2311 Parte
1707 2258 1744 2311 du
1756 2259 1857 2321 'l’bsibl

1106 2372 1161 2428 1191
1169 2375 1339 2442 potestatem
1344 2365 1595 2426 censuresterendi
1604 2367 1633 2425 in
1642 2368 1734 2425 laicos
1748 2367 1908 2425 1111111991.

1433 2454 1575 2514 dioecesis.

1145 2573 1337 2646 Honorius,
1364 2573 1440 2644 919,
1466 2571 1597 2633 dilectis
1618 2570 1698 2632 liliis
1729 2570 1851 2633 abbati
1876 2571 1909 2631 et

1106 2671 1284 2732 conventui
1296 2669 1492 2731 monasterii
1504 2669 1619 2730 Dolen.

1147 2770 1276 2842 Quanto
1300 2767 1538 2829 monasterium
1557 2767 1705 2827 vestrum
1722 2765 1910 2843 specialius

1107 2864 1379 2943 adapostolicam
1389 2862 1906 2940 sedempertineredignoscitm.

1106 2962 1201 3025 tanto
1219 2962 1400 3024 studiosius
1415 2961 1445 3023 ei
1467 2963 1583 3023 conus
1604 2961 1861 3038 oppressionum
1877 2961 1909 3021 et

1107 3059 1306 3138 injuriarum
1341 3058 1511 3121 molestias
1535 3058 1711 3134 providere
1740 3059 1906 3119 tenemur.
1935 3070 1939 3076 ’

1108 3158 1192 3219 Η119
1203 3157 1253 3219 est
1266 3156 1351 3234 quod
1368 3155 1462 3217 vobis
1481 3155 1678 3216 auctoritate
1690 3155 1908 3232 praesentium

1107 3250 1328 3327 indulgemus,
1342 3250 1379 3311 ut
1394 3251 1441 3321 tu,
1457 3248 1506 3310 tili
1520 3248 1624 3311 abbas
1638 3264 1678 3310 ac
1693 3263 1909 3310 successores

1107 3348 1167 3420 tui,
1184 3349 1219 3409 in
1231 3348 1339 3410 laicos
1348 3346 1528 3410 Bituricen.
1545 3345 1712 3418 dioecesis,
1725 3345 1824 3407 vobis
1849 3361 1912 3406 su-

1109 3462 1169 3524 per
1179 3444 1379 3517 hominibus,
1392 3443 1670 3523 possessionibus,
1685 3442 1744 3504 aut
1753 3443 1835 3504 aliis
1849 3458 1910 3505 ec-

1109 3544 1220 3607 clesiae
1245 3543 1366 3605 restrae
1381 3542 1478 3604 bonis
1497 3541 1639 3620 inJurias
1654 3539 1851 3611 inferentes,
1875 3540 1907 3601 si

1108 3641 1174 3703 loci
1185 3639 1395 3703 dioecesanus
1407 3655 1465 3702 eos
1484 3639 1526 3701 ad
1540 3637 1684 3700 debitam
1700 3636 1910 3700 satisfactio-

1109 3756 1184 3801 nem
1213 3753 1332 3814 cogere
1350 3737 1571 3809 recusaverit,
1584 3736 1638 3797 vel
1663 3735 1865 3811 neglexerit,
1889 3749 1910 3796 a

1108 3835 1202 3901 vobis
1213 3836 1331 3913 primo,
1348 3833 1494 3895 secundo
1508 3834 1541 3895 et
1552 3834 1651 3895 tertio
1671 3848 1747 3894 cum
1770 3831 1911 3892 bumili-

1108 3934 1176 3996 tate
1186 3932 1296 3994 debita
1310 3930 1615 4009 requisitus,libere
1627 3929 1772 3992 valeatis
1787 3944 1911 3990 censu-

1109 4048 1181 4093 ram
1206 4028 1483 4102 ecclesiasticam,
1508 4027 1681 4107 praemissa
1703 4027 1910 4097 monitione,

1109 4128 1271 4191 canonica
1287 4142 1457 4190 exercere.
1471 4125 1564 4187 Nulli
1585 4141 1677 4202 ergo,
1693 4124 1758 4185 etc.
1784 4125 1823 4185 Si
1837 4123 1912 4201 quis

1109 4227 1232 4298 eutem,
1249 4227 1311 4287 etc.
1322 4224 1440 4285 Datum
1453 4222 1622 4286 Ferentini
1636 4223 1667 4284 X
1676 4221 1846 4284 kalendas
1861 4237 1912 4283 oe·

1108 4323 1214 4387 tobris
1229 4337 1317 4384 anno
1326 4321 1483 4384 secundo.

1437 4479 1578 4567 XXXV

1164 4634 1218 4695 Ad
1230 4633 1408 4695 ecelesiam
1421 4633 1459 4693 s.
1473 4632 1604 4707 agnem
1615 4632 1657 4692 de
1671 4631 1864 4692 Guarcbeo.

1394 4752 1433 4812 iti
1449 4759 1522 4825 sept.
1544 4751 1622 4809 1117.

1182 4866 1320 4934 [marm.
1333 4862 1495 4932 Spicnegium
1509 4844 1675 4917 11911111
1686 4863 1783 4924 mn·
1792 4865 1848 4930 11]

1112 4975 1247 5033 Ecclesia
1261 4975 1290 5032 S.
1306 4973 1424 5047 agnelli
1435 4972 1471 5030 de
1486 4971 1627 5030 Guarcino
1640 4971 1839 5043 patrocinium
1848 4987 1911 5029 ns·

1146 5065 1225 5137 ctptt,
1238 5064 1300 5136 ejus
1314 5061 1514 5135 posmssicnes
1526 5075 1561 5118 ac
1577 5059 1653 5117 bona
1672 5058 1832 5118 confirmat
1845 5068 1874 5118 91
1887 5062 1914 5117 91

1148 5154 1226 5226 plura
1238 5151 1388 5225 privilegia
1403 5151 1552 5223 elargitur.

1151 5269 1320 5332 Honorius
1329 5267 1514 5345 episcopus,
1522 5281 1642 5327 servus
1649 5279 1828 5326 servorum
1841 5269 1912 5338 Dei,

1112 5367 1242 5429 dilectis
1253 5348 1333 5427 ii'liis
1342 5364 1519 5427 Benedicta
1526 5362 1630 5443 priori
1641 5361 1799 5424 ecclesiae
1808 5365 1916 5425 sancti

1112 5463 1243 5541 Agnelli
1258 5462 1299 5525 de
1314 5463 1493 5534 Guarcino,
1509 5464 1651 5539 ejusque
1662 5459 1827 5522 tratribus
1848 5465 1915 5524 tam

1113 5560 1342 5641 praesentibus,
1360 5575 1458 5638 quam
1475 5558 1595 5620 tuturis
1607 5556 1802 5635 regularem
1814 5560 1915 5623 vitam

1115 5659 1273 5739 protessis
1287 5659 1323 5720 in
1335 5657 1543 5737 perpetuum.
