3958 6204
190 297 250 358 aos
654 305 830 367 nononn
852 309 897 368 111
917 309 1067 380 ernas.
1084 338 1123 353 -
1138 308 1371 371 sassones.
1776 278 1839 371 ss

192 459 324 538 quando
351 460 504 524 intendet
529 462 671 539 gratiam
698 465 841 528 visiticae
869 469 986 533 suevi-
1038 468 1173 547 judicis,
1198 468 1339 530 dicimus
1358 468 1428 545 jam
1446 465 1549 529 bores
1570 466 1778 545 supradictas
1797 468 1840 530 ab

122 596 128 607 ·
190 558 282 619 tatis.
1043 566 1222 644 Evangelio
1235 566 1433 629 constitutas
1447 581 1531 626 esse.
1545 566 1632 626 Deus
1647 566 1758 627 autem
1774 581 1841 628 ne·

232 656 278 718 nt
289 661 320 718 st
334 658 517 719 veneritis
528 662 678 721 secundo
689 664 807 738 vapula
818 661 911 742 (Luc.
924 681 985 737 111,
1043 666 1223 727 cessarium
1240 664 1389 726 ordinem
1411 665 1533 736 servat
1551 663 1732 724 secundum
1752 665 1840 741 quod

191 752 257 831 38).
272 756 348 816 Nox
369 757 419 816 est
437 755 505 816 uita
521 771 679 832 praesens.
697 762 844 832 Quatuor
864 763 988 838 vigiliae
1043 762 1181 839 quisque
1203 761 1310 838 magis
1330 761 1471 837 vigilare
1489 762 1632 822 tenetur.
1655 761 1735 822 Plus
1749 761 1842 823 enim
1960 794 1961 799 κ

194 852 300 912 noctis
329 853 407 913 sunt
424 854 566 929 quatuor
587 858 701 917 aetates
715 858 793 920 ritae
817 860 961 921 bominis
978 882 986 921 ε
1042 860 1183 937 vigilare
1197 859 1331 921 tenetur
1340 859 1703 937 senexquemJurenis,
1717 861 1751 921 et
1765 860 1843 936 plus

192 949 593 1026 pueritia,adolesoentia‚
601 957 759 1031 juventus
776 960 809 1019 et
823 961 985 1019 senectus.
1038 958 1173 1035 juvenis
1195 973 1293 1034 quam
1314 955 1523 1029 adolescens,
1553 956 1587 1018 et
1606 956 1681 1033 plus
1701 956 1841 1018 adoles-

193 1046 303 1108 Prima
315 1050 349 1110 et
361 1052 479 1125 quarta
494 1051 609 1127 vigilia
631 1052 666 1113 in
681 1054 830 1117 hocloco
844 1072 912 1116 non
927 1071 990 1117 no-
1044 1072 1122 1117 cens
1144 1071 1242 1133 quam
1266 1070 1358 1133 puer.

191 1145 372 1220 minantur,
387 1148 464 1226 quia
480 1151 606 1212 certum
620 1153 762 1230 estquod
777 1155 872 1230 pueri
880 1155 990 1215 Cbris·
1083 1155 1163 1214 Cum
1178 1155 1289 1215 autem
1305 1154 1446 1216 meritur
1459 1153 1568 1225 bomo,
1582 1154 1661 1216 tunc
1675 1153 1795 1231 incipit
1809 1153 1843 1214 ei
1960 1132 1961 1135 ¹

190 1244 276 1304 tiani
302 1245 483 1320 salvantur,
505 1248 583 1312 licet
603 1250 737 1327 quidam
761 1252 860 1313 nimis
888 1252 988 1314 mali·
1043 1249 1125 1311 dies.
1149 1251 1251 1312 Recte
1274 1266 1441 1327 persero,
1468 1250 1555 1328 quod
1578 1250 1749 1311 estnoctis
1768 1249 1843 1311 ini·

191 1341 270 1403 tiosi
299 1342 511 1419 damnentur,
533 1349 565 1410 et
591 1348 632 1408 ad
662 1351 864 1412 senectutem
891 1350 988 1428 pauci
1042 1348 1136 1420 tium,
1159 1348 1358 1424 intelligitur
1378 1347 1532 1426 pueritia.
1555 1350 1619 1408 Per
1636 1363 1734 1409 mane
1747 1362 1842 1416 vero,

190 1441 397 1517 perveniant.
419 1446 455 1504 ln
469 1460 675 1524 quacumque
698 1448 906 1523 ergovigilia
923 1451 990 1509 Do-
1043 1445 1128 1523 quod
1155 1448 1206 1511 est
1232 1446 1307 1507 finis
1335 1447 1458 1518 noctis,
1486 1447 1638 1507 senectus
1664 1445 1842 1523 accipitur.

192 1538 301 1601 minus
314 1541 445 1604 venerit
458 1541 491 1602 in
507 1547 612 1605 morto
622 1544 832 1622 judicaturus
843 1547 988 1608 animem
1043 1544 1082 1605 nt
1107 1544 1182 1604 ideo
1206 1544 1365 1605 Dominus
1389 1545 1482 1621 prius
1507 1544 1744 1605 commemorat
1765 1558 1845 1604 sero

191 1634 348 1708 bominis,
362 1637 480 1700 beatus
495 1640 559 1702 erit
573 1657 689 1702 servus
706 1642 849 1718 vigilans
864 1643 899 1704 in
914 1658 989 1720 ope-
1043 1657 1141 1719 quam
1167 1657 1279 1713 mane,
1310 1643 1347 1703 ut
1373 1641 1412 1702 do
1445 1643 1541 1702 nocte
1567 1643 1779 1703 transeamus
1801 1640 1846 1701 ad

193 1733 285 1795 ribus
313 1735 420 1797 bonis.
441 1741 515 1800 tam
535 1755 616 1800 vero
642 1741 830 1818 exemplum
856 1740 989 1818 subjicit
1042 1739 1142 1811 diem,
1165 1739 1261 1812 idest,
1289 1739 1329 1800 de
1349 1739 1483 1800 miseria
1503 1740 1582 1801 ritae
1603 1739 1779 1815 presentis
1801 1738 1846 1799 ad

191 1848 266 1893 cum
284 1832 364 1895 dicit
380 1856 387 1894 :
403 1839 478 1896 Hoc
491 1838 609 1898 eutem
629 1839 939 1913 scripseramne
957 1843 990 1901 si
1042 1836 1183 1912 gloriam
1208 1838 1286 1899 uitae
1308 1837 1438 1899 tuturae.
1467 1837 1529 1898 Hic
1552 1837 1642 1898 enim
1668 1836 1844 1914 psalmista

192 1933 572 2007 sciretpeterfamtttas,
589 1940 752 2010 quatere
765 1939 826 2011 sier
840 1940 986 2009 veniret,
1042 1936 1184 1996 testatur
1204 1936 1455 1997 :Dormterunt
1479 1950 1640 1997 somnum
1664 1950 1778 2005 suum,
1807 1935 1845 1996 et

190 2031 351 2104 cipdoret
365 2031 483 2104 utique
497 2033 532 2093 et
549 2047 618 2094 noe
636 2034 769 2095 sineret
779 2036 916 2108 perfodi
925 2037 988 2096 do-
1043 2036 1126 2094 nibii
1141 2033 1349 2094 inverterent
1370 2047 1489 2094 menes
1503 2035 1573 2093 oiri
1586 2032 1792 2093 divitiorum
1804 2035 1847 2093 in

188 2141 285 2186 mum
295 2143 397 2189 satam
409 2127 540 2207 (Mattb.
556 2145 651 2203 xxiv,
668 2130 733 2210 43).
1042 2133 1202 2191 titanibus
1212 2134 1286 2191 sets
1299 2128 1368 2209 (Ps.
1384 2133 1435 2203 75,
1450 2128 1497 2208 o).
1514 2133 1584 2190 Has
1594 2131 1736 2206 quatuor
1749 2129 1845 2204 uigi-

232 2223 328 2302 Item?
340 2227 482 2303 quatuor
506 2228 613 2289 modis
641 2230 802 2290 Dominus
829 2230 920 2292 venit
946 2228 987 2291 ad
1043 2228 1106 2288 lias
1131 2228 1298 2289 custodire
1321 2227 1440 2290 debent
1462 2227 1603 2305 praelati,
1628 2242 1670 2288 ne
1686 2226 1721 2287 in
1742 2242 1848 2302 grege

190 2337 251 2381 nos
268 2344 276 2382 ε
293 2323 399 2399 primo
411 2325 444 2385 et
458 2326 574 2388 ultimo
588 2327 681 2389 venit
701 2328 815 2400 semel,
842 2328 988 2389 secundo
1043 2325 1219 2387 commisso
1234 2325 1298 2386 sibi
1320 2327 1426 2402 pueri,
1445 2328 1597 2404 juvenes,
1621 2341 1719 2386 senes
1734 2326 1767 2385 et
1781 2324 1846 2385 de-

190 2421 224 2481 ot
237 2418 336 2481 tertio
357 2423 448 2483 uenit
469 2438 568 2501 sepe.
589 2424 701 2485 Primo
715 2426 807 2486 venit
827 2426 864 2486 in
887 2443 987 2487 mun·
1043 2423 1161 2499 crepiti
1174 2426 1278 2484 Deum
1294 2423 1475 2484 offendant.
1498 2425 1577 2495 Quae
1589 2422 1732 2500 quatuor
1753 2420 1847 2497 vigi-

191 2516 268 2577 dum
293 2517 333 2578 ad
361 2520 636 2597 redemptionem,
674 2523 788 2584 ultimo
815 2523 927 2585 reniet
953 2524 988 2584 in
1043 2519 1097 2581 liae
1111 2521 1188 2581 ideo
1202 2519 1461 2595 distinguuntur,
1477 2522 1524 2591 ut,
1548 2519 1577 2580 si
1592 2518 1666 2597 quis
1681 2518 1847 2580 dormita-

188 2614 353 2691 judicium
373 2616 414 2677 ad
434 2617 696 2681 retributionem.
721 2621 873 2682 Secundo
899 2621 989 2683 venit
1042 2617 1129 2678 uerit
1156 2617 1192 2677 in
1220 2618 1338 2695 prima,
1368 2617 1485 2694 vigilet
1508 2617 1543 2677 in
1569 2615 1725 2688 secunda,
1756 2616 1786 2676 si
1807 2615 1847 2677 iu

191 2713 225 2773 in
242 2715 384 2775 mentem
399 2715 440 2774 ed
456 2717 763 2791 sanctificationem,
781 2720 880 2781 tortio
898 2720 989 2782 uenit
1043 2715 1199 2786 secunde,
1221 2715 1338 2791 vigilet
1355 2715 1392 2792 in
1410 2715 1507 2776 tertia
1529 2715 1561 2776 et
1582 2715 1669 2799 dicat
1691 2713 1846 2775 :Delicta

191 2812 226 2872 in
241 2827 377 2873 carnem
389 2812 430 2873 ad
444 2813 708 2877 dissolutionem.
724 2819 771 2877 De
784 2818 891 2895 primo
905 2817 990 2894 legi·
1039 2814 1224 2891 iuventutis
1239 2829 1321 2874 meae
1334 2814 1366 2874 et
1376 2813 1583 2889 ignorantias
1596 2828 1699 2881 meas,
1714 2811 1768 2873 rel
1783 2811 1848 2873 de-

190 2911 247 2970 tur
265 2932 272 2969 2
290 2910 466 2973 inclinarit
482 2912 583 2975 coelos
602 2915 635 2975 et
654 2913 824 2976 descendit
845 2915 878 2977 et
898 2916 990 2977 venit
1043 2911 1122 2973 licta
1136 2911 1316 2973 senectutis
1331 2912 1364 2972 et
1377 2910 1586 2986 ignorantias
1600 2926 1729 2971 meas...
1755 2910 1791 2970 Si
1807 2908 1846 2970 iu

193 3007 228 3067 in
248 3008 378 3070 uterum
397 3009 556 3086 Virginis.
584 3013 631 3072 De
645 3013 761 3073 ultimo
775 3013 811 3073 iu
832 3016 988 3090 Evange-
1044 3010 1161 3086 quarta
1171 3009 1298 3085 vigilia,
1310 3009 1401 3070 dicet
1413 3009 1714 3086 sequatriduanum
1729 3006 1846 3084 etjam

193 3104 238 3165 lio
256 3127 263 3166 :
280 3109 366 3168 Gnm
379 3109 516 3168 venerit
529 3112 637 3170 thus
649 3113 798 3172 bominis
811 3115 849 3172 tn
860 3115 991 3185 metes·
1043 3108 1170 3169 toetere.
1194 3107 1320 3170 Debent
1342 3107 1442 3169 etiem
1471 3106 1600 3183 praeiati
1622 3105 1765 3182 vigilare
1784 3120 1846 3182 per

194 3204 265 3264 tete
291 3219 374 3275 sne,
402 3205 436 3265 et
459 3220 579 3267 omncs
606 3210 719 3283 capeti
744 3211 819 3281 eius
843 3224 923 3270 com
950 3224 988 3271 eo
1043 3205 1235 3277 vindictam,
1261 3206 1298 3266 ut
1321 3205 1490 3267 vindicent
1515 3220 1575 3282 per
1593 3203 1759 3281 justitiam
1782 3203 1848 3264 de-

193 3299 286 3379 (Luc.
304 3316 351 3364 ix.
366 3300 432 3380 26).
456 3305 504 3363 De
524 3304 669 3366 secundo
689 3307 759 3367 :Et
773 3310 818 3368 ae
831 3322 910 3368 eum
925 3322 988 3369 ve·
1043 3302 1122 3364 licta
1136 3303 1172 3363 in
1192 3318 1228 3363 se
1243 3303 1276 3364 et
1297 3302 1332 3363 in
1348 3301 1499 3363 subditis.
1530 3301 1613 3373 Quia
1628 3302 1665 3362 ut
1679 3301 1727 3363 ait
1746 3300 1848 3361 Salo-

190 3402 339 3470 niomus,
353 3401 716 3478 etmansioeemcpud
729 3419 810 3465 eum
821 3407 990 3479 faciemus
1044 3416 1121 3462 mon
1146 3421 1154 3460 ε
1178 3401 1300 3462 Justus
1323 3403 1491 3462 Dosetnus
1511 3400 1690 3473 justitiam
1719 3398 1846 3459 deecit

194 3492 304 3573 (toan.
321 3513 389 3570 x1v,
405 3498 472 3578 23).
488 3502 535 3562 De
548 3500 647 3562 tertio
662 3501 816 3563 similiter
829 3503 864 3562 in
879 3505 992 3564 Evan-
1045 3497 1115 3575 (Ps.
1137 3499 1187 3569 10,
1203 3496 1249 3576 8).
1263 3497 1383 3558 Melius
1402 3498 1453 3558 est
1471 3497 1526 3557 bic
1541 3496 1659 3573 punire
1674 3511 1772 3572 quam
1789 3494 1850 3555 fu-

190 3595 278 3669 gelio
291 3617 298 3654 ε
311 3599 541 3658 cumvenerit
553 3599 797 3672 etputseoerit,
811 3601 990 3675 confestim
1043 3597 1155 3655 turum
1167 3595 1328 3673 judicium
1344 3595 1532 3672 expectare,
1546 3594 1624 3671 quie
1640 3593 1847 3654 horrendum

191 3695 352 3767 operteat
366 3698 398 3756 et
414 3694 506 3774 (Luc.
523 3711 583 3768 xn,
601 3695 667 3775 36).
691 3699 730 3758 Et
742 3699 888 3759 ‚Ioannes
910 3720 917 3758 ε
934 3700 990 3759 Stc
1044 3695 1094 3755 est
1105 3692 1253 3754 incidere
1265 3692 1429 3754 inmanes
1442 3692 1501 3753 Dei
1513 3690 1668 3753 virentis.
1682 3690 1845 3751 Pastores

192 3806 271 3853 eum
286 3797 360 3854 eolo
376 3808 521 3856 monere
537 3797 642 3856 denec
656 3798 805 3857 oetatem.
828 3797 936 3869 venit,
955 3797 989 3858 ut
1044 3791 1132 3849 enim
1149 3789 1377 3851 custodiebant
1390 3789 1524 3865 vigilias
1536 3788 1644 3849 noctis
1656 3803 1756 3864 super
1769 3802 1849 3861 gre-

193 3890 339 3952 animam
364 3908 463 3969 quem
491 3891 600 3966 dedit,
628 3893 790 3971 accipiat,
816 3895 926 3972 pulsat
954 3894 990 3956 ut
1043 3904 1119 3963 gem
1143 3905 1249 3948 suum·
1277 3886 1421 3963 Vitilalfl
1442 3902 1533 3961 ergo,
1560 3886 1638 3962 (luia
1658 3884 1746 3945 bfflfi
1765 3885 1849 3946 tunt

192 4003 253 4064 per
268 3990 380 4050 earnis
399 3990 586 4052 molestiam
605 3994 744 4053 mortem
759 3992 904 4054 vicinam
923 4007 989 4053 an·
1045 3985 1132 4045 servi
1148 3984 1208 4051 illi,
1226 3999 1398 4061 quoscum
1416 3984 1546 4045 venerit
1559 3984 1731 4054 Dominus,
1747 3982 1849 4045 inve-

192 4086 332 4149 nuntiet.
1045 4081 1334 4158 nerituigilentes.

232 4184 379 4245 Nescitis
393 4185 504 4246 autem
525 4187 656 4262 quando
677 4187 837 4248 Dominus
860 4187 987 4249 reniet:

195 4294 271 4340 sero
299 4296 342 4341 an
372 4281 480 4357 media
501 4284 608 4356 nocte,
632 4300 675 4344 an
704 4283 916 4360 gallicantu,
946 4301 988 4345 an
1370 4259 1518 4346 XXVII

198 4393 307 4438 inane.
323 4378 481 4440 Solebant
493 4383 623 4442 noctem
638 4381 842 4457 distinguere
856 4383 891 4443 in
906 4399 990 4460 qua·
1068 4422 1114 4485 IN
1135 4422 1477 4482 FESTIVITATIBUS
1497 4419 1824 4482 APOSTOLORUM·

194 4478 272 4537 tuor
286 4476 419 4553 vigilias
435 4477 484 4538 illi
505 4478 561 4556 qui
575 4478 784 4541 excubabant
801 4480 836 4540 in
856 4481 986 4554 castris,

195 4574 227 4636 et
260 4574 367 4638 lucem
400 4576 620 4653 expectabant
652 4578 786 4656 propter
822 4578 988 4655 prolixum
1082 4576 1170 4635 Ecce
1193 4587 1255 4648 epo
1279 4572 1380 4633 mitto
1407 4586 1468 4633 eos
1490 4570 1579 4633 saec
1602 4584 1683 4632 oues
1706 4571 1745 4630 ln
1769 4584 1849 4631 arse-

191 4673 327 4735 taedium
343 4674 462 4747 noctis,
477 4691 616 4753 quarum
631 4677 738 4753 prime
752 4675 873 4738 dicitur
887 4677 989 4738 canti·
1042 4675 1098 4733 dio
1112 4677 1282 4745 luporem.
1302 4670 1422 4730 Estote
1438 4683 1521 4745 erpo
1540 4668 1731 4743 prudentes
1753 4668 1849 4728 siccat

190 4771 326 4846 oinium,
344 4773 490 4835 secunda
504 4773 748 4850 intempestum,
771 4775 870 4836 tertia
885 4775 988 4850 gelli·
1042 4769 1240 4843 serpentes,
1282 4767 1317 4829 et
1353 4769 1525 4841 simplices
1558 4766 1647 4827 sicut
1681 4767 1849 4826 columbae

189 4870 326 4943 oinium,
351 4873 468 4948 quarta
492 4872 737 4934 antelucanum.
762 4872 855 4934 Unde
882 4875 988 4933 Lucas
1044 4862 1306 4944 (Matth·121⁶)·

187 4966 224 5027 in
248 4968 429 5044 Evangelio
454 4990 461 5028 =
488 4970 533 5030 Et
558 4973 590 5030 sa
618 4970 754 5032 venerat
779 4973 816 5031 m
839 4974 989 5032 secunda
1083 4964 1204 5038 Magna
1218 4961 1393 5040 prudentia
1413 4962 1446 5022 et
1463 4959 1682 5022 inenarrabili
1701 4958 1865 5041 sapien-u

188 5067 317 5140 cepnae,
334 5068 368 5127 et
381 5069 413 5127 st
425 5070 462 5126 tn
475 5068 581 5128 tertio
594 5069 872 5142 cloniacense,
890 5069 924 5129 et
938 5068 989 5129 tte
1042 5061 1089 5122 tia
1105 5061 1163 5122 Dei
1179 5062 1339 5122 Dominus
1350 5064 1368 5123 J
1371 5076 1447 5121 esus
1466 5059 1616 5120 Christus
1629 5060 1665 5119 ut
1678 5057 1714 5117 in
1727 5058 1849 5119 mundi

188 5165 372 5236 invenerit,
400 5165 490 5226 beati
507 5166 590 5226 sunt
609 5169 705 5226 servi
726 5169 784 5226 titt.
810 5167 857 5225 De
870 5165 987 5242 quarte
1041 5158 1311 5223 tribulationibus
1350 5157 1584 5235 pressurisque
1623 5171 1702 5218 sues
1740 5155 1850 5216 disci-

187 5259 284 5320 teoet.
298 5260 362 5322 Sed
375 5261 551 5323 Mattheus
564 5261 655 5334 dicit,
668 5263 987 5340 quodlesusquarta
1042 5258 1138 5334 pulos
1159 5258 1284 5318 iaceret
1310 5255 1481 5327 tortiores,
1509 5255 1665 5332 praedixit
1694 5253 1743 5315 eis
1769 5269 1848 5329 quae
1889 5250 1897 5259 ”

182 5355 406 5432 sigillaverit
430 5359 543 5421 adeos
563 5359 851 5436 ambulenssuper
869 5376 985 5436 aquas.
1042 5356 1137 5415 erant
1164 5354 1252 5414 male
1280 5353 1412 5430 passuri
1441 5368 1483 5414 ne
1512 5352 1612 5425 torte,
1640 5351 1669 5413 si
1698 5350 1748 5412 eis
1778 5350 1849 5412 im-

187 5452 257 5511 Nos
267 5456 376 5515 autem
389 5456 446 5533 qui
460 5473 591 5534 semper
600 5458 635 5518 in
648 5459 744 5519 nocte
757 5458 857 5533 hujus
872 5457 986 5517 mundi
1041 5451 1174 5528 provise
1198 5450 1431 5512 tribulationes
1459 5450 1666 5521 acciderent,
1692 5448 1848 5509 animum

187 5546 343 5610 debemus
358 5568 430 5613 esse
445 5554 579 5617 solliciti
596 5558 711 5617 contra
727 5554 851 5619 hostes,
872 5556 906 5616 et
921 5570 986 5615 ex·
1041 5550 1175 5611 illorum
1202 5564 1222 5608 a
1253 5549 1376 5610 virtute
1403 5548 1607 5610 tortitudinis
1640 5546 1845 5619 emollirent,

186 5645 319 5723 pectere
338 5646 447 5709 lucem
470 5653 656 5725 venturam,
683 5650 781 5726 idest,
809 5652 986 5714 adventum
1041 5645 1135 5709 etad
1156 5646 1398 5723 desperationis
1422 5646 1546 5710 melum
1570 5659 1631 5723 per
1658 5645 1846 5722 impatien-
