3968 6204
283 118 541 275 ,terret

359 298 555 428 ces*

366 435 519 560 eje

382 565 431 666 2
527 556 530 562 ,

372 855 647 985 benur
704 764 1198 985 niscantur
1256 856 1611 984 coruino

931 1188 1068 1275 VITA

195 1772 393 1851 Hieronymus
411 1776 535 1845 bettino,
552 1775 598 1848 qrri
612 1776 707 1849 plures
723 1789 814 1832 annos
828 1770 967 1845 impendit
1021 1768 1187 1827 nominatus
1217 1767 1293 1826 inter
1317 1767 1458 1838 Abbates,
1488 1769 1536 1841 qui
1555 1775 1622 1826 sunt
1644 1782 1660 1825 a
1680 1768 1822 1841 regimine

163 1871 360 1932 describendis
372 1888 410 1933 ac
423 1875 559 1948 munins
576 1888 637 1931 sue
654 1871 771 1930 lectioni
785 1870 967 1929 restituendis
1020 1866 1151 1939 generali
1168 1866 1293 1926 Ordinis.
1306 1869 1349 1924 Ex
1364 1865 1420 1924 hoc
1432 1873 1560 1939 tempore
1574 1865 1709 1922 continuo
1724 1867 1822 1923 Rom

164 1970 349 2029 sermonibus
374 1971 495 2029 Uenerii
520 1973 572 2039 ΙΙΙ,
598 1971 712 2044 origine
737 1969 968 2027 Pedemontanus
1021 1965 1127 2021 mansit
1147 1971 1303 2037 occupatus
1327 1971 1388 2021 tum
1413 1964 1555 2038 regimine
1579 1962 1707 2033 Ordinis,
1733 1977 1822 2035 quum

163 2074 213 2135 est,
223 2083 258 2126 ac
271 2070 374 2127 lucem
386 2069 480 2141 prims
494 2068 564 2127 vidit
577 2068 607 2126 in
621 2082 708 2142 pago,
719 2067 766 2126 cui
780 2081 887 2124 nomen
896 2067 964 2125 Cas·
1021 2059 1207 2133 expediendis
1226 2059 1288 2133 ejus
1307 2061 1442 2134 negotiis,
1463 2067 1548 2133 atque
1570 2060 1733 2133 implicatus
1746 2061 1819 2119 mul·

163 2172 233 2222 trum
256 2166 361 2224 Sancti
386 2166 465 2224 Petri
489 2179 577 2239 prope
598 2164 843 2237 Bodigomagunr,
868 2170 969 2236 postca
1022 2157 1164 2230 tipiicibus
1184 2159 1252 2215 vitae
1272 2159 1445 2231 Apostolicoe
1467 2156 1626 2234 laboribus;
1649 2172 1717 2215 nam
1741 2157 1822 2215 hisce

163 2263 258 2322 Casale
275 2262 379 2321 Sancti
399 2263 497 2320 Evasii
512 2269 717 2336 nuncupatum,
732 2268 813 2319 scuto
828 2259 968 2319 kalendas
1022 2254 1105 2312 annis
1120 2252 1172 2313 luit
1183 2254 1300 2313 alternis
1318 2254 1428 2311 vicibus
1444 2262 1494 2312 aut
1507 2254 1644 2315 Visitator
1656 2255 1758 2335 maior,
1773 2262 1823 2313 aut

163 2360 337 2418 Novembris
363 2361 431 2418 anni
454 2361 580 2420 illicce
585 2363 637 2419 111.
663 2359 839 2418 Adolescens
867 2358 968 2417 studiis
1022 2353 1191 2410 Procurator
1205 2353 1352 2410 Generalis
1366 2351 1490 2419 Ordinis,
1513 2360 1574 2409 tum
1591 2352 1690 2410 Abbas
1704 2367 1820 2411 monas·

165 2456 339 2532 theologicis
363 2472 481 2530 operam
505 2458 535 2515 in
557 2458 638 2530 regio
662 2457 808 2517 casalensi
828 2455 968 2515 Atheneo
1022 2449 1086 2508 terii
1099 2450 1128 2508 S.
1140 2450 1248 2520 Crucis,
1265 2456 1324 2507 tum
1341 2447 1492 2508 confessor
1510 2448 1671 2509 ordinarius
1685 2450 1821 2522 plurimo·

164 2557 275 2614 navarit
310 2556 438 2614 maximo
465 2570 531 2614 cum
561 2553 664 2625 iructu,
689 2554 792 2629 quibus
819 2553 966 2625 absolutis,
1023 2562 1086 2605 rum
1099 2547 1363 2605 sanctimonialium
1376 2547 1626 2615 monasteriorum,
1646 2548 1823 2621 aliorumque

163 2666 224 2710 eum
242 2653 465 2726 dispensatione
491 2669 578 2727 super
600 2652 714 2712 defectu
739 2654 846 2724 graiis,
870 2668 966 2712 saw.
1027 2646 1137 2718 piorum
1148 2645 1353 2714 institutorum,
1365 2658 1484 2702 necnon
1498 2645 1695 2704 blissionarius
1703 2646 1732 2702 in
1744 2647 1823 2718 aigro

163 2747 237 2807 dotio
258 2751 395 2808 initiatus
416 2758 462 2808 est
486 2766 502 2808 a
524 2752 678 2808 Francisco
699 2751 810 2809 Alciato
832 2751 969 2823 episcopo
1024 2746 1163 2812 Romano,
1180 2743 1299 2815 aliisquo
1314 2741 1443 2799 addictus
1455 2742 1510 2814 piis
1524 2741 1667 2815 operibus.
1681 2744 1733 2800 'lot
1747 2743 1823 2800 intcr

164 2848 324 2917 Gamlensi,
341 2862 418 2906 anno
430 2848 668 2908 Uncccxxvll.
684 2851 790 2907 Verum
806 2846 842 2905 ad
855 2847 966 2921 periec-
1022 2839 1135 2897 labores
1159 2839 1319 2898 indefessus
1338 2840 1383 2896 vir
1401 2841 1579 2898 successivas
1599 2839 1696 2911 boras,
1719 2854 1823 2898 somno

165 2946 262 3003 liorem
276 2946 354 3003 vilse
376 2952 481 3003 statum
497 2944 636 3003 anhelans
650 2944 752 3003 ecdem
768 2960 844 3003 auno
864 2944 967 3004 Urbem
1023 2939 1110 2995 etiam
1125 2938 1288 2995 necessario
1301 2937 1462 3010 subreptas,
1479 2936 1618 3010 impendit
1629 2936 1824 2997 describendis

164 3045 252 3115 penit,
279 3057 320 3100 30
341 3042 438 3102 oppius
466 3043 647 3102 cisterciensi
672 3051 860 3118 aggregans,
885 3042 966 3101 papi.
1024 3034 1208 3093 sermonibus
1222 3034 1340 3093 Honorii
1363 3037 1413 3104 ΙΙΙ,
1434 3049 1591 3108 eorumque
1609 3036 1745 3110 genuinis
1762 3036 1820 3093 lec·
1893 3091 1897 3099 .

163 3138 221 3189 tum
241 3133 440 3190 monasticum
461 3131 587 3190 Perosis
611 3132 640 3189 in
659 3132 834 3190 monasterio
854 3132 882 3190 S.
898 3132 967 3190 Ber·
1023 3131 1148 3191 tionibus
1161 3131 1387 3191 determinandis
1401 3132 1629 3206 annotandisque
1644 3133 1714 3190 locis
1729 3134 1822 3206 scrip·

165 3228 243 3286 nardi
264 3227 373 3299 induit,
395 3228 444 3286 ubi
464 3244 514 3302 per
528 3237 593 3287 octo
610 3243 726 3287 menses
748 3228 887 3287 novitiatu
903 3244 966 3301 per·
1024 3237 1150 3288 turarum
1170 3230 1249 3289 iniis
1268 3230 1370 3288 citatis.
1395 3231 1512 3295 Verum,
1529 3238 1631 3304 praeter
1645 3232 1823 3289 Dissertatio

167 3334 238 3397 acto,
252 3342 326 3385 cerm
348 3325 561 3400 dispensatione
580 3326 727 3385 Pontiiicia
748 3341 834 3400 super
849 3333 969 3401 quatuor
1024 3342 1090 3385 nem
1101 3342 1198 3400 quam,
1214 3342 1291 3386 anno
1305 3327 1523 3397 MDCCCLXIV,
1535 3328 1596 3401 jam
1611 3336 1822 3402 composuerat,

165 3424 317 3482 mensibus
335 3423 372 3481 ad
392 3424 562 3482 canonicum
578 3424 707 3497 tyrocinii
726 3424 968 3498 complementum
1024 3424 1161 3498 cuiusque
1175 3426 1287 3483 laciniae
1301 3426 1418 3500 reperiri
1438 3432 1548 3483 tantum
1570 3433 1732 3499 potuerunt,
1748 3427 1821 3485 ulte·

165 3521 323 3594 requisitis,
339 3521 498 3579 solemnem
511 3520 718 3596 professionem
738 3522 834 3579 emisit
847 3523 969 3596 septimo
1023 3523 1083 3580 rius
1097 3521 1230 3596 progredi
1244 3537 1301 3579 non
1317 3523 1423 3596 potuit3
1439 3538 1506 3581 nam
1522 3524 1673 3597 postremis
1688 3524 1823 3582 vitoesuoe

165 3616 227 3676 idus
238 3618 315 3676 maii
331 3632 406 3676 anno
418 3619 666 3679 uncacxvat.
677 3619 747 3677 Inde
760 3635 810 3693 per
822 3619 968 3677 biennium
1024 3622 1119 3690 annis,
1144 3620 1255 3678 indrma
1278 3619 1440 3679 valetudine
1464 3619 1580 3690 fractus,
1604 3622 1711 3696 sepius
1733 3621 1821 3678 inter·

166 3716 286 3789 parochi
301 3731 420 3774 munere
431 3715 546 3775 iunctus
557 3725 611 3787 est,
627 3719 656 3775 in
671 3717 845 3776 monasterio
864 3718 892 3777 S.
906 3720 966 3776 bla-
1024 3725 1137 3792 ruptum
1149 3718 1224 3776 circa
1240 3717 1397 3788 Honorium
1409 3717 1537 3776 laborem
1559 3719 1672 3791 penitus
1691 3720 1824 3777 omittere

168 3814 215 3870 rie
229 3814 324 3873 Vallis
339 3814 449 3885 Pontis,
462 3815 509 3871 cui
521 3829 632 3872 annexa
647 3821 693 3872 est
709 3814 845 3888 parocbia
865 3817 969 3873 Montis
1023 3822 1139 3873 coactus
1153 3812 1216 3885 luit,
1231 3813 1324 3873 donec
1342 3814 1458 3872 tandem
1476 3816 1575 3886 quinto
1597 3814 1742 3872 Kalendas
1762 3817 1822 3873 No-

168 3909 287 3968 bbbatis
305 3912 335 3968 in
354 3910 472 3970 dioecesi
494 3912 643 3971 Perusina.
662 3912 747 3971 Anno
768 3912 968 3972 MDCCCXXX
1024 3912 1148 3970 vembrls
1167 3926 1243 3969 anno
1262 3911 1467 3980 tlncccbxx,
1494 3912 1643 3984 apoplexia
1663 3920 1821 3987 correptus,

169 4021 184 4064 a
198 4008 400 4082 Superioribus
414 4009 527 4068 Ordinis
541 4011 662 4067 Romam
679 4010 788 4068 accitus
803 4025 853 4083 per
874 4011 969 4083 plures
1023 4008 1195 4084 paralyticus
1209 4007 1343 4067 decubuit
1356 4023 1448 4082 usque
1467 4008 1503 4066 ad
1522 4018 1654 4067 octavum
1669 4009 1733 4069 idus
1753 4010 1823 4068 maii

170 4118 256 4164 annos
267 4114 330 4164 tum
341 4105 557 4179 Philosophiam
565 4122 652 4180 quum
662 4107 850 4181 'theologiam
861 4123 967 4181 magna
1023 4107 1091 4165 anni
1104 4104 1315 4180 subsequentis,
1332 4121 1389 4179 uuo
1404 4107 1540 4165 Ecclesiae
1554 4110 1742 4165 sacramentis
1756 4123 1820 4166 mu·

169 4216 229 4260 cum
252 4202 343 4261 laude
366 4205 395 4261 in
420 4204 548 4277 collegio
569 4204 597 4261 S.
620 4205 719 4264 Crucis
736 4205 766 4261 in
790 4205 967 4262 Hierusalem
1023 4206 1099 4262 nitus
1114 4204 1160 4277 pie
1175 4203 1254 4273 obiit,
1269 4218 1376 4261 annum
1391 4219 1483 4277 agens
1501 4206 1592 4262 etatis
1607 4206 1821 4278 sexagesimum

169 4297 275 4370 docuit,
300 4315 346 4370 ac,
365 4300 445 4374 iuxta
464 4302 546 4376 leges
564 4301 678 4361 Ordinis
697 4310 762 4374 post
787 4303 967 4376 septennium
1023 4310 1166 4360 octavum.
1188 4304 1257 4359 Erat
1274 4303 1318 4359 vir
1335 4309 1450 4360 stature
1468 4301 1631 4371 mediocris,
1648 4318 1702 4361 nac
1722 4318 1820 4361 mace·

169 4396 306 4467 Lecturse,
324 4407 438 4456 creatus
453 4397 505 4456 luit
519 4400 547 4458 S.
564 4398 729 4472 Theologie
745 4400 892 4473 Magister.
908 4402 969 4457 llcc
1021 4401 1116 4458 lentus
1134 4414 1188 4457 nec
1206 4399 1333 4473 pinguis,
1353 4400 1449 4457 colore
1465 4401 1559 4457 vultus
1575 4400 1675 4458 leviter
1690 4400 1820 4470 rubente,

169 4499 306 4568 tempore,
327 4511 385 4555 una
404 4512 469 4555 cum
489 4498 600 4571 collega
618 4512 672 4555 suo
693 4495 819 4571 tosepbo
842 4498 966 4566 Martini,
1023 4504 1140 4571 aspectu
1159 4497 1342 4566 venerabilis,
1358 4497 1471 4570 eloquio
1486 4498 1595 4571 gravis,
1616 4498 1644 4554 in
1665 4513 1819 4556 conversa·

168 4590 318 4651 illustravit
331 4600 360 4650 et
374 4594 505 4653 eGodice
522 4596 575 4653 ils.
588 4594 752 4653 sessoriano
767 4595 796 4652 in
808 4595 902 4652 lucem
916 4594 965 4652 de·
1022 4597 1099 4652 tione
1114 4609 1253 4664 anraenus,
1273 4610 1343 4668 erga
1364 4610 1474 4668 egenos
1487 4596 1630 4668 precipue
1648 4602 1677 4653 et
1701 4597 1821 4653 miseros

168 4686 206 4745 dit
220 4690 327 4763 Aponii
341 4691 550 4749 Ecurrutt'oces
564 4693 596 4748 io
611 4691 760 4749 comicum
772 4692 966 4763 Carcicorum,
1022 4691 1143 4750 allabilis
1173 4699 1202 4749 ct
1231 4692 1412 4763 misericors3
1440 4691 1573 4749 liberales
1603 4699 1679 4749 artes
1707 4692 1822 4751 arnabct

168 4799 228 4856 que
240 4788 342 4845 Rome
353 4788 430 4861 typis
438 4787 523 4847 edite
532 4786 645 4847 luerunt
656 4803 733 4847 anno
745 4788 966 4849 tlncccxcnl.
1022 4804 1134 4858 omnes,
1147 4787 1198 4847 sed
1209 4789 1271 4862 ipse
1286 4796 1377 4846 artem
1390 4789 1529 4846 musicam
1543 4788 1664 4846 callebat
1679 4790 1819 4864 apprime,

168 4882 285 4942 biennio
306 4892 370 4958 post
390 4886 420 4943 in
445 4887 574 4960 capitulo
596 4887 728 4945 Generali
746 4895 895 4961 promotus
916 4885 968 4944 luit
1022 4889 1059 4944 ita
1073 4895 1104 4944 ut
1122 4887 1344 4960 compositiones
1358 4885 1448 4959 elusa
1465 4887 1564 4959 primis
1578 4886 1662 4946 Urbis
1676 4891 1822 4962 magistris

169 4978 195 5037 in
209 4983 426 5040 Procuratorem
439 4984 609 5042 Generalcm
628 4985 867 5043 monasteriorum
882 4984 911 5041 in
924 4984 967 5041 di·
1022 4983 1194 5041 haberentur
1222 4983 1250 5039 in
1276 4983 1480 5053 estimatione,
1507 4990 1593 5057 atque
1620 4987 1821 5060 conscripserit

166 5076 241 5136 tione
257 5078 472 5139 Pedemontana
487 5089 516 5140 et
530 5080 672 5140 sabaudia
684 5082 802 5140 sitorum
818 5081 894 5156 apud
909 5084 964 5141 lie·
1020 5088 1172 5140 tractatum
1180 5066 1296 5138 doctum
1305 5080 1340 5138 de
1351 5081 1441 5140 cantu
1452 5083 1639 5157 Gregoriano.
1652 5083 1819 5157 Prodigiosa

170 5187 231 5247 gem
248 5177 396 5247 Sardiniae,
412 5177 498 5249 unde,
514 5177 590 5238 Urbe
602 5179 713 5248 relicta,
729 5179 840 5237 transiit
858 5178 894 5237 ad
907 5195 965 5238 coe·
1021 5178 1156 5253 preditus
1174 5180 1323 5248 memoria,
1346 5187 1375 5263 et
1398 5180 1539 5237 acerrimo
1562 5180 1692 5254 ingenio,
1716 5189 1821 5254 preter

169 5271 280 5332 nobium
296 5276 369 5334 Alte
383 5274 499 5335 cumbe
508 5275 538 5333 in
553 5275 707 5346 sabaudia,
719 5276 768 5335 ubi
781 5276 860 5353 degit
875 5292 965 5351 usque
1020 5277 1119 5335 doctas
1145 5276 1260 5350 linguas
1287 5277 1420 5347 latinam,
1450 5292 1575 5350 grecam
1599 5286 1627 5335 et
1655 5276 1818 5337 hebraicam

169 5367 203 5424 ad
218 5386 325 5429 annum
344 5374 577 5444 uccecxbvtt,
597 5389 655 5447 quo
675 5381 789 5433 creatus
808 5374 860 5432 luit
877 5375 965 5433 abbas
1020 5375 1157 5434 didicerat
1180 5374 1318 5444 italicam,
1338 5374 1483 5448 gallicam,
1503 5374 1681 5448 blspanicsm
1701 5383 1730 5434 et
1751 5391 1817 5450 ger·

168 5470 329 5526 monasterii
349 5470 413 5531 Vici
428 5472 673 5545 illontisiiegalis,
688 5470 735 5530 cui
750 5471 861 5545 praeibit
873 5487 963 5546 usque
1018 5474 1171 5531 manicam.
1190 5474 1223 5531 ln
1243 5471 1453 5539 mathematicis
1469 5471 1626 5544 disciplinis
1646 5479 1675 5530 et
1693 5472 1818 5545 pbiloso-

169 5560 202 5619 ad
214 5578 319 5622 annum
331 5567 473 5628 tanecel.
486 5568 537 5641 (Ι).
553 5571 625 5627 'lum
640 5569 669 5626 in
685 5569 790 5629 Urbem
802 5578 961 5641 revocatur,
1018 5571 1086 5646 pbis
1100 5570 1233 5629 rationali
1247 5570 1366 5644 egregia
1382 5568 1492 5637 doctus,
1505 5569 1647 5642 precipue
1661 5571 1819 5629 excellebat

197 5740 231 5802 (li
245 5743 311 5794 bum
329 5751 386 5794 erat
402 5742 488 5795 Abbas
505 5747 654 5797 monasterii
672 5747 880 5860 Montis-Regalis
901 5761 962 5797 con·
1017 5749 1044 5799 ci
1057 5747 1194 5799 Soctucrio
1206 5747 1234 5795 di
1244 5745 1327 5795 Mario
1340 5743 1488 5795 Sentisrimc
1502 5744 1529 5796 tii
1541 5744 1817 5826 sinedocifflondori,

169 5804 265 5867 scripsit
280 5811 308 5856 ct
319 5806 347 5855 in
360 5805 443 5857 lucem
456 5807 528 5859 dedit
539 5810 690 5874 opusculum
706 5811 747 5861 cui
761 5809 964 5862 tituus1Gcidc
1018 5810 1164 5877 Tipograbs
1175 5809 1202 5860 di
1214 5808 1296 5859 Pistre
1309 5806 1392 5867 Rcssi,
1404 5805 1484 5871 istc).

303 5937 419 5982 rinnon.
440 5938 515 5982 rous
534 5927 569 5983 ll.
