3958 6204
141 304 198 366 Μ
586 304 702 369 xxvi.
715 332 757 349 -
770 303 816 365 IN
837 304 967 377 FESTQ
991 305 1141 367 sancii
1162 306 1342 368 Niconnl.
1732 314 1793 373 302

141 478 211 528 mus
233 459 407 538 depellens
428 460 667 537 infirmitatem,
682 462 847 527 seomdus
862 476 938 529 ros·
992 476 1102 537 suum,
1129 464 1262 543 quando
1293 466 1483 529 revertatur
1509 483 1529 530 a
1562 469 1699 547 nuptiis.
1724 466 1793 534 ista

140 564 260 626 tituens
274 559 470 633 sanitatem,
485 561 603 623 tertius
618 561 937 625 conservausliber-
993 561 1138 639 quinque
1151 562 1191 624 de
1206 563 1325 640 quibus
1341 564 1421 626 dicit
1436 567 1551 640 David,
1569 567 1713 631 liberant
1731 585 1793 631 nos

139 662 246 723 latam.
262 658 401 720 Primus
422 659 558 721 mandat
578 659 752 732 medelam,
774 661 938 723 secundus
988 658 1035 723 ab
1050 660 1250 724 adversitate
1276 662 1309 723 θῖ
1334 662 1376 724 ab
1395 663 1581 741 iniquitate,
1598 667 1631 729 θῖ
1659 666 1794 731 ilrmaut

138 757 312 829 cautelam,
325 756 447 819 termus
464 758 610 823 tuioiam.
627 758 789 822 Medelam
809 759 936 832 morbo,
993 772 1053 819 uos
1070 757 1107 819 in
1123 759 1250 821 coelesti
1265 759 1455 835 stabilitate,
1473 763 1506 823 θῖ
1524 763 1672 839 dirigunt
1692 781 1791 827 men-

136 855 299 919 cautelam
321 855 423 929 dono,
443 856 581 919 tutelam
603 856 751 933 praemio.
768 859 834 919 lats
859 858 937 933 gla-
991 855 1042 919 tes
1064 857 1195 918 nostras
1210 856 1251 918 ad
1267 857 1469 920 desiderium
1489 876 1598 934 suum,
1614 862 1648 924 et
1664 865 1792 939 ponunt

136 955 208 1016 dius
219 954 273 1015 est
286 955 408 1017 acutus
420 956 455 1017 θῖ
468 954 709 1031 limatusjuxta
717 955 935 1031 Ezechielem,
992 953 1124 1014 laudem
1137 970 1231 1016 suam
1242 955 1277 1017 iu
1293 970 1330 1017 os
1342 959 1503 1018 nostrum.

136 1052 270 1130 grandis
284 1053 319 1114 θῖ
334 1052 430 1114 sortis
444 1054 542 1131 juxta
556 1053 688 1114 isaiam.
704 1056 872 1117 Exacutus
886 1055 938 1117 est
1032 1052 1191 1114 Dominus
1207 1052 1268 1115 ivit
1290 1053 1332 1115 ad
1352 1055 1496 1133 nuptias,
1513 1057 1644 1134 quando
1659 1074 1720 1135 par
1734 1062 1791 1120 In-

136 1151 176 1213 ad
189 1150 273 1212 vitia
300 1150 497 1223 resecanda,
520 1151 655 1215 limatus
679 1152 729 1214 θεῖ
751 1151 792 1213 ad
819 1154 936 1215 osten·
990 1151 1195 1213 carnationis
1218 1151 1414 1229 mysterium
1441 1154 1542 1217 coelos
1574 1157 1735 1229 ascendii,
1758 1158 1791 1220 et

134 1248 241 1310 danda
255 1248 426 1310 malorum
441 1248 617 1325 supplicia,
634 1248 728 1313 sortis
743 1250 795 1313 est
812 1251 856 1312 ad
877 1251 935 1312 in·
958 1332 959 1335 Ἴ
991 1247 1160 1324 copulavit
1172 1248 1237 1313 sibi
1252 1250 1421 1312 coelestem
1434 1253 1632 1315 Jerusalem.
1644 1256 1744 1317 Venit
1759 1257 1791 1318 et

134 1346 300 1409 sinuauda
324 1346 492 1424 praecepta
515 1346 641 1418 divina,
664 1348 801 1424 grandis
822 1349 874 1412 θεῖ
894 1350 936 1411 ad
990 1345 1103 1421 pulsat
1127 1347 1259 1424 quando
1292 1364 1353 1424 per
1377 1349 1604 1414 infirmitatem
1638 1354 1789 1430 corporis

133 1444 337 1507 declaranda
351 1445 489 1522 praemia
503 1445 716 1522 sempiterna.
991 1444 1129 1506 mortem
1157 1445 1302 1507 vicinam
1334 1446 1525 1510 denunciat.
1555 1448 1734 1512 Confestim
1757 1451 1790 1512 ei

173 1542 368 1619 Sequitur:
399 1543 440 1604 Et
467 1541 586 1618 palmas
613 1543 833 1620 triumphales
858 1545 937 1606 sunt
988 1541 1169 1619 aperitqui
1193 1559 1269 1605 eum
1284 1559 1358 1605 oum
1373 1545 1497 1620 gaudio
1518 1547 1667 1625 suscipit.
1687 1551 1791 1611 Beati

134 1639 295 1711 debrias,
311 1654 398 1716 quas
422 1639 616 1702 babebimus
635 1640 676 1702 de
697 1640 841 1703 inimicis
857 1658 937 1704 nos-
988 1639 1071 1701 snnt
1093 1643 1190 1703 scrut
1215 1644 1281 1713 iiii,
1304 1658 1389 1717 auos
1403 1659 1483 1705 cnm
1510 1647 1648 1708 venerii
1671 1650 1792 1708 Domi-

134 1737 204 1801 iris.
220 1737 357 1798 inimici
371 1738 477 1799 nostri
491 1739 569 1800 sunt
581 1738 734 1801 nomines
749 1739 806 1816 qui
817 1739 937 1802 adver·
988 1750 1068 1808 ans,
1083 1740 1259 1801 invenerit
1273 1742 1455 1815 oipiianies
1469 1740 1564 1821 (Luc.
1580 1745 1791 1823 m1,37).Vi-

136 1837 252 1896 sautur
273 1834 375 1896 nobis
401 1835 437 1896 in
461 1836 516 1896 ria
541 1836 613 1902 Dei,
629 1835 726 1908 idest,
751 1836 787 1897 in
813 1838 935 1900 mundo
989 1833 1097 1908 gilant
1113 1835 1202 1899 servi
1218 1836 1274 1914 qui
1298 1837 1334 1899 in
1356 1837 1453 1899 bonis
1474 1839 1630 1917 oporibus
1653 1842 1790 1903 solliciti

136 1932 207 2005 isto,
223 1934 260 1995 θῖ
282 1948 399 1994 omnes
420 1933 598 2006 daemones,
614 1934 692 2011 quia
711 1934 935 2011 judicabimus
988 1930 1077 1995 sunt.
1094 1934 1175 1995 Tros
1190 1935 1324 2010 nuptias
1347 1934 1426 2001 iacit
1448 1937 1607 2001 Dominus
1624 1960 1633 1999 ε
1649 1938 1684 1999 in
1704 1955 1788 2000 cou-

135 2033 247 2101 sonet
262 2029 461 2092 habebimus
476 2031 510 2091 in
522 2032 683 2108 potestate
695 2032 809 2093 nostra
821 2048 935 2094 omnes
986 2028 1161 2104 junctione
1186 2032 1354 2100 Ecclesia,
1371 2033 1406 2095 in
1426 2035 1661 2111 conjunctione
1681 2036 1788 2097 tidelis

134 2127 349 2190 adversarios
369 2130 513 2201 nostros,
534 2129 629 2201 idest,
647 2128 825 2191 daemones.
841 2132 935 2193 Unda
990 2127 1121 2199 animae,
1135 2129 1171 2188 in
1185 2130 1438 2194 couversatione
1453 2133 1596 2195 coelestis
1607 2134 1735 2210 patrias.
1752 2137 1789 2195 lu

135 2225 405 2303 innpocalypsi:
424 2229 497 2288 Vidi
506 2227 819 2304 inroammapnan
830 2244 935 2303 anain
989 2225 1224 2302 conjunctione
1252 2227 1421 2301 Ecclesiae,
1447 2229 1579 2306 quaudo
1614 2230 1789 2294 inclinavit

130 2327 362 2386 iinanserare
371 2338 473 2386 namo
485 2325 622 2398 poterat
633 2328 847 2387 anomnibns
856 2341 935 2402 peso
989 2321 1090 2383 coslos
1105 2324 1138 2384 et
1152 2323 1334 2397 descendit,
1344 2325 1439 2399 idest,
1454 2328 1586 2404 quaudo
1601 2329 1739 2391 intravit
1752 2329 1788 2391 in

137 2422 233 2492 iiius,
242 2420 425 2496 etpopniis
437 2423 474 2484 et
488 2424 642 2483 tribuous
655 2423 935 2500 annastasius·
989 2420 1119 2485 uterum
1133 2420 1293 2499 Virginis.
1310 2423 1403 2487 Unde
1416 2424 1451 2485 in
1464 2427 1644 2502 Evangelio
1658 2448 1666 2487 z
1681 2431 1789 2489 Eoioi

136 2519 185 2580 ies
200 2520 286 2581 anie
299 2520 512 2585 tnronnmin
524 2521 705 2596 conspecta
714 2523 804 2598 Apni
814 2522 935 2584 amicti
987 2518 1131 2581 aPalrc
1143 2520 1179 2581 at
1192 2523 1272 2583 ocni
1282 2523 1319 2581 in
1331 2520 1616 2601 ninndnmwoan.
1634 2540 1702 2597 avr,
1717 2523 1784 2603 28),

136 2618 227 2679 noeis
241 2619 341 2690 abis,
363 2618 397 2679 et
418 2623 544 2692 painaoe
563 2620 602 2680 in
628 2622 788 2681 manibus
813 2633 934 2681 eornm
987 2615 1022 2681 θῖ
1038 2614 1118 2679 tuna
1133 2616 1306 2693 conjunxit
1327 2618 1392 2679 sibi
1415 2620 1610 2683 Ecclesiam.
1628 2623 1703 2697 ipse
1725 2621 1789 2684 luit

136 2712 248 2793 (ipos.
278 2729 340 2787 vn,
355 2712 401 2793 9).
426 2715 538 2776 'rurba
565 2716 669 2778 multa
698 2732 858 2778 numerus
884 2720 934 2780 esi
986 2726 1129 2787 sponsus
1157 2712 1191 2779 ot
1215 2712 1363 2777 Ecclesia
1392 2713 1455 2777 luit
1478 2731 1613 2792 sponsa,
1634 2717 1785 2780 convivas

136 2811 328 2882 aleatorum,
341 2812 398 2889 qui
411 2828 487 2875 oum
505 2813 636 2876 abruto
659 2815 801 2890 regnant
815 2815 851 2875 in
863 2831 935 2877 ‹2oe-
988 2807 1122 2874 luerunt
1135 2810 1296 2886 Apostoli,
1312 2811 1456 2875 annulus
1472 2811 1563 2875 tides.
1580 2816 1617 2874 In
1632 2817 1788 2892 conjunc

137 2906 176 2968 lis
194 2923 238 2970 ex
262 2908 417 2970 omnibus
444 2909 599 2985 gentibus
621 2912 657 2972 et
681 2911 815 2986 linguis.
849 2912 934 2974 Sunt
986 2906 1077 2971 tiam
1096 2906 1205 2970 tidelis
1225 2908 1357 2983 animae,
1373 2909 1504 2987 quando
1523 2911 1668 2988 spiritus
1682 2914 1788 2973 Sanc-

135 3006 245 3068 amicii
261 3006 358 3069 stolis
371 3005 530 3084 albisqui
542 3006 665 3069 babeat
685 3009 807 3070 animae
825 3008 934 3072 beati·-
986 3004 1040 3064 tue
1059 3003 1206 3071 iufundit
1225 3006 1368 3082 gratiam
1388 3022 1493 3081 suam,
1511 3009 1548 3075 ut
1570 3011 1788 3086 recognoscat

135 3103 292 3176 tudinem,
309 3104 368 3165 sed
381 3103 493 3167 adhuc
506 3107 683 3182 eapsclant
697 3106 799 3168 aliam
811 3107 932 3169 stolam
987 3102 1177 3165 Crautmem
1201 3119 1297 3165 suum
1328 3104 1481 3167 iaciendo
1504 3105 1592 3169 bona
1614 3122 1727 3183 opera,
1754 3110 1787 3169 θῖ

137 3201 170 3261 in
187 3201 394 3265 beatitudine
407 3202 569 3279 corporis.
582 3203 705 3266 Palmae
721 3204 756 3267 in
779 3204 932 3266 manibus
986 3201 1065 3262 tunc
1086 3201 1259 3279 conjungit
1276 3218 1350 3265 eam
1369 3203 1444 3267 sibi.
1470 3205 1508 3271 in
1534 3204 1787 3267 couversatione

15 3336 16 3341 κ
136 3314 259 3372 eorum
287 3300 385 3373 idest,
410 3301 552 3362 victoria
578 3301 619 3362 de
638 3301 787 3364 inimicis
809 3303 932 3365 nostris
984 3298 1132 3360 coelestis
1144 3300 1272 3376 patriae,
1288 3301 1418 3377 quando
1434 3302 1508 3378 post
1521 3302 1686 3380 judicium
1701 3319 1785 3365 oon·-

137 3412 193 3473 pro
204 3397 359 3458 omuibus
372 3397 670 3475 oporibuslitaos
682 3403 814 3463 similas
826 3405 933 3463 bomi-
986 3396 1132 3471 gregatis
1148 3396 1302 3461 omnibus
1318 3398 1433 3461 electis
1445 3399 1524 3461 tunc
1539 3398 1696 3475 gaudebit
1710 3415 1787 3461 oum

15 3534 16 3557 .
132 3496 519 3570 nibuseapectantibas.
985 3509 1108 3569 sponsa
1123 3510 1195 3567 sua,
1212 3495 1298 3561 idest
1311 3496 1471 3559 Ecclesia.
1486 3496 1578 3565 Unde
1588 3497 1785 3574 Apostolus:

15 3614 16 3635 .
173 3593 325 3671 Quinque
335 3594 464 3657 confert
472 3593 568 3655 nobis
578 3594 729 3657 Christus
740 3610 801 3672 pro
815 3612 933 3673 expec-
985 3591 1134 3655 Fratrcs
1155 3596 1225 3655 naci
1245 3593 1383 3656 stabiles
1404 3594 1512 3656 estote
1532 3596 1567 3658 ct
1585 3598 1784 3668 immobiles,

15 3676 17 3757 ἶ
133 3690 268 3760 atione,
283 3707 382 3768 quam
397 3691 492 3753 brevi
506 3708 659 3754 sermons
673 3693 779 3754 David
794 3710 933 3755 enume-
986 3691 1198 3753 abdicantes
1237 3693 1275 3752 in
1318 3705 1422 3765 opere
1463 3696 1605 3759 Domini
1646 3708 1787 3767 semper

15 3818 17 3847 ι
135 3788 185 3849 rat
207 3788 324 3850 dicens
347 3811 356 3849 ι
378 3790 579 3864 aspectam
606 3790 788 3864 capcctaai
812 3795 933 3853 Donni-
985 3783 1015 3863 (Ι
1031 3786 1104 3847 Gor.
1118 3803 1176 3858 xv,
1190 3785 1380 3865 sannen
1391 3790 1582 3860 dicovobis,
1595 3792 1783 3863 antapris-

134 3901 225 3959 num,
242 3888 277 3948 ai
294 3890 368 3962 ipsa
384 3888 506 3950 adnati
529 3902 585 3949 ma
610 3891 652 3950 de
667 3893 745 3950 lacn
764 3892 929 3951 miseria.
983 3883 1100 3958 cinaei
1113 3897 1161 3944 se.

135 3983 213 4045 iicoe
233 3998 349 4044 unum.
365 3984 413 4045 lit
432 3987 474 4045 aa
487 3986 561 4045 into
579 3988 686 4059 sacis,
705 4000 781 4047 ecce
809 4002 933 4047 secun·
1026 3981 1173 4051 Quatuor
1193 3980 1271 4043 sunt
1289 3997 1362 4057 quas
1377 3979 1477 4045 facist
1491 3981 1651 4047 Dominus
1667 4003 1675 4042 ε
1692 3997 1783 4058 praa-

134 4079 217 4142 dum.
232 4081 280 4142 at
300 4082 423 4143 statuit
439 4083 695 4157 superponam
707 4086 812 4156 pedes
823 4098 929 4155 meos,
986 4077 1095 4153 cinget
1119 4093 1166 4149 se,
1188 4076 1288 4141 laisiet
1307 4078 1384 4139 illos
1399 4078 1617 4152 discumbere,
1632 4079 1787 4142 transibit

133 4193 206 4240 ecoe
218 4179 367 4241 tertium.
381 4180 427 4240 lit
440 4180 573 4240 direxit
583 4195 727 4257 pressas
739 4195 931 4252 monacas
986 4176 1019 4236 et
1033 4175 1246 4241 ministrabit.
1266 4177 1454 4253 Prasoinget
1470 4193 1519 4251 εθ,
1540 4176 1637 4251 idest,
1654 4194 1787 4256 praepa·

133 4277 358 4352 quantumst
372 4277 517 4339 imnaisit
530 4280 568 4339 tn
581 4293 620 4341 os
630 4293 746 4338 menni
758 4279 931 4340 canticum
985 4272 1073 4335 rabit
1087 4273 1128 4335 ad
1141 4274 1406 4339 retributionem.
1422 4275 1537 4339 Faciet
1549 4275 1627 4339 ilios
1638 4275 1787 4338 discum-

132 4372 613 4455 ravum(1³s.39‚1,4),ecee
636 4375 798 4452 quintum.
822 4379 930 4438 Lacus
984 4369 1074 4442 bere,
1092 4371 1187 4445 idsst,
1210 4372 1246 4433 in
1267 4374 1392 4435 oeterna
1412 4374 1522 4451 quieta
1543 4373 1697 4438 refoveri.
1717 4375 1788 4436 Dis·

133 4471 274 4534 miserias
294 4473 346 4533 θεῖ
359 4471 529 4533 tribulatio
544 4472 718 4549 praesentis
740 4473 931 4536 adversita·
985 4469 1141 4533 cumbere
1154 4471 1275 4547 quippe
1285 4471 1481 4535 nostrumin
1492 4487 1606 4547 reguo,
1614 4473 1787 4550 quiescere

132 4568 184 4630 tis.
201 4571 323 4631 Lutum
339 4569 431 4631 iaecis
445 4570 496 4631 est
516 4570 654 4647 pollutio
668 4570 867 4647 iniquitatis.
884 4574 931 4632 De
985 4569 1048 4629 est.
1069 4568 1163 4631 Unde
1186 4584 1320 4631 rursum
1337 4570 1497 4631 Dominus
1517 4568 1622 4631 dicit:
1644 4570 1788 4635 Venient

133 4664 182 4727 bis
194 4667 316 4729 educet
336 4682 398 4728 nos
412 4666 526 4729 divina
543 4668 662 4744 pistas,
680 4667 814 4745 quando
834 4669 930 4732 nulla
985 4666 1020 4727 et
1031 4667 1320 4729 recumbantcnno
1332 4670 1506 4729 Abrabam
1517 4666 1552 4726 ci
1565 4666 1712 4727 Isaacet
1723 4669 1787 4727 Ja-

133 4764 261 4827 noosbit
274 4764 475 4837 adversitas,
485 4781 546 4829 nec
561 4765 629 4827 ulla
642 4765 855 4828 damnabitur
863 4767 931 4827 ini·
984 4766 1042 4825 oob
1056 4761 1186 4841 (blattis.
1202 4778 1274 4835 vin,
1294 4761 1359 4841 11).
1382 4761 1539 4823 Transire
1554 4777 1634 4823 vero
1658 4761 1784 4827 diotruu

135 4863 249 4939 quites.
280 4863 327 4923 iii
361 4863 486 4924 statuit
514 4878 621 4938 snper
655 4864 794 4937 petram
826 4868 931 4939 pedes
985 4860 1044 4932 θεῖ,
1062 4875 1136 4923 cum
1161 4859 1201 4921 da
1218 4859 1346 4937 judicio
1366 4859 1409 4920 ad
1431 4874 1573 4934 reguum
1598 4859 1694 4923 redit.
1709 4860 1782 4929 Vel,

132 4974 233 5023 awos.
242 4960 344 5022 Petra
358 4960 512 5036 designat
519 4960 687 5022 coelestem
699 4961 927 5035 stabilitatem,
986 4958 1075 5020 ceria
1090 4957 1249 5019 Dominus
1270 4956 1366 5017 nobis
1380 4957 1456 5034 post
1468 4957 1633 5035 judicium
1648 4958 1780 5032 transit,

135 5070 349 5134 superquam
371 5055 563 5118 statuuntur
582 5057 693 5132 pedes,
712 5056 932 5130 idestaffeo
985 5055 1064 5133 quia
1092 5054 1133 5115 ab
1155 5054 1371 5117 humanitatis
1400 5053 1507 5116 iorma
1537 5054 1573 5117 iu
1599 5056 1783 5119 divinitatis
1876 5045 1878 5048 ’

134 5153 182 5213 tus
200 5156 406 5216 sanctorum.
422 5153 619 5230 Diriguniur
633 5166 780 5230 gressus,
796 5155 929 5231 quando
985 5169 1055 5215 suae
1067 5151 1379 5230 contemplationem
1394 5169 1455 5217 uos
1470 5153 1588 5216 θ1θνθῖ.
1603 5152 1781 5225 Transibit

135 5248 296 5313 desideria
310 5252 503 5314 sanctorum
517 5266 650 5327 semper
659 5253 727 5313 Deo
741 5252 928 5315 intendunt.
985 5251 1063 5329 quia
1076 5251 1118 5312 ad
1133 5254 1294 5328 majorem
1311 5251 1452 5328 gloriam
1467 5252 1522 5314 sui
1538 5251 1673 5315 luminis
1690 5266 1785 5310 meu-

136 5348 278 5412 lmmiltit
293 5350 333 5411 in
346 5365 384 5411 os
398 5348 566 5410 cauticum
579 5364 713 5420 novum,
730 5349 861 5426 quando
874 5348 931 5411 da·
985 5350 1035 5411 ῖθε
1048 5351 1179 5411 nostras
1190 5349 1403 5412 illuminabit.
1425 5349 1525 5411 Modo
1540 5348 1629 5409 enirn
1644 5347 1702 5411 vix
1717 5346 1782 5411 lna·-

135 5446 184 5506 tur
209 5448 258 5509 eis
289 5463 351 5525 pro
386 5445 516 5509 meritis
549 5446 764 5509 innovatione
793 5446 931 5508 laudare
985 5447 1100 5509 bernus
1127 5448 1260 5508 tenuem
1284 5446 1414 5509 radium
1440 5446 1494 5508 sui
1518 5444 1665 5506 luminis.
1692 5447 1784 5507 Tunc

135 5544 240 5606 Deum.
258 5548 339 5608 Haeo
362 5547 441 5606 sunl
463 5544 607 5621 quinquo
622 5544 709 5607 dona
730 5544 836 5609 futuri
860 5561 928 5606 saa·
983 5546 1095 5607 autem
1126 5543 1298 5617 transibit,
1329 5543 1459 5622 quando
1488 5541 1691 5605 illuminabit
1722 5560 1783 5606 nos

137 5643 296 5724 culinum
324 5644 449 5707 dautur
472 5642 722 5719 expectantibus
753 5644 930 5715 Dominum
985 5642 1174 5705 omnimoda
1205 5642 1312 5719 gloria
1340 5639 1536 5720 majestatis.
1561 5640 1781 5713 illinistrabit,
