3968 6204
205 287 264 376 147
666 282 845 345 HONORII
866 282 913 359 111
933 282 1083 345 OPERA.
1097 312 1139 328 -
1154 282 1389 345 SERMONES.
1796 284 1859 350 148

204 444 376 508 Venerunt
407 441 540 522 quidem
575 440 729 515 flumina,
766 440 800 503 et
837 439 1003 505 flaverunt
1057 441 1247 507 aeternitate
1263 442 1299 504 in
1322 456 1388 521 qua
1408 457 1477 505 nun
1495 442 1546 507 est
1568 442 1773 520 preteritum
1792 457 1858 505 nee

203 542 310 623 renti,
346 544 380 604 et
405 557 472 602 non
502 541 687 618 potuerunt
708 538 842 601 diruere
868 537 1001 601 domum
1057 540 1216 613 futurum,
1248 538 1307 601 sed
1338 539 1448 603 solum
1474 556 1635 620 praesens.
1666 541 1858 603 AEternitas

201 640 295 703 illam
308 663 316 716 3
327 638 465 701 lundata
485 635 573 698 enim
593 638 666 700 erat
681 652 782 715 supra
798 636 927 699 firmam
944 653 1002 715 pe-
1055 638 1143 699 enim
1157 638 1206 699 sic
1220 635 1442 700 describitur:
1459 637 1675 700 ‹AEternitas
1690 641 1741 701 est
1753 639 1860 701 inter·

201 738 299 803 tram.
317 740 396 799 Haee
415 736 467 798 est
484 735 573 796 enim
592 735 758 807 arcturus
786 735 842 815 qui
857 734 1002 797 volvitur
1055 734 1224 797 minabilis
1245 735 1325 797 vitae
1346 736 1599 814 comprehensio
1618 737 1688 799 tota
1707 736 1817 797 simul.
1837 752 1859 797 r

202 836 236 898 et
256 850 436 912 numquam
460 833 633 910 mergitur,
656 833 750 912 tyrus
771 849 845 912 quae
871 848 1001 910 semper
1054 833 1161 895 Hodie
1174 849 1236 911 ego
1251 833 1352 910 genui
1366 834 1409 906 te,
1426 833 1522 907 idest,
1537 834 1753 904 aeternaliter,
1766 834 1860 897 sicut
1968 856 1971 877 ⁴

199 933 351 997 tunditur
369 932 402 994 et
424 947 605 1010 numquam
624 929 800 1009 frangitur,
827 946 905 993 arca
929 931 1001 993 Noe
1054 930 1135 993 alibi
1163 931 1313 993 dicitur:
1342 933 1433 995 Ante
1458 935 1641 1008 luciferam
1668 935 1773 1010 penui
1807 932 1857 1004 te,

200 1045 274 1114 quae
297 1029 427 1105 mannis
441 1029 573 1107 quidem
588 1029 737 1092 elevatur
751 1027 920 1098 fluctibus,
942 1027 1000 1089 sad
1055 1028 1150 1101 idest,
1180 1031 1257 1093 ante
1286 1030 1415 1108 tempus
1441 1030 1497 1093 vel
1519 1029 1653 1095 initium
1679 1029 1858 1108 temporis.

198 1142 268 1192 non
288 1126 492 1204 infringitur,
519 1127 675 1191 navicula
696 1126 788 1190 Petri
805 1143 880 1205 quae
899 1124 999 1188 undis
1055 1126 1188 1193 Lucifer
1212 1127 1300 1189 euim
1329 1127 1427 1190 steila
1460 1129 1514 1191 est
1540 1144 1614 1207 quae
1646 1127 1785 1205 apparet
1817 1126 1860 1189 in

198 1225 346 1306 quatitur
368 1225 427 1288 sed
448 1241 516 1289 non
535 1224 734 1298 infunditur,
761 1225 833 1288 rete
857 1223 999 1303 piscau-
1054 1225 1219 1307 principio
1243 1225 1322 1287 diei.
1346 1225 1454 1289 Uenui
1472 1225 1506 1288 te
1526 1226 1691 1305 aequalem
1712 1225 1748 1289 et
1766 1240 1858 1289 con-

197 1323 281 1387 tium
296 1323 546 1402 discipulorum,
561 1323 651 1404 quod
662 1323 704 1387 de
718 1324 850 1400 maguis
865 1322 1001 1402 quidem
1055 1322 1306 1387 substantialem
1319 1322 1416 1397 mihi,
1426 1323 1505 1404 quia
1514 1324 1617 1386 totam
1629 1322 1860 1389 substantiam

200 1421 350 1501 repletur
364 1421 525 1499 piscibus,
548 1421 606 1484 sed
627 1437 808 1499 numquam
822 1420 1001 1499 rumpitur,
1054 1422 1164 1483 Patris
1187 1420 1287 1485 babet
1305 1421 1423 1494 Pilius,
1448 1421 1482 1483 et
1503 1420 1581 1482 ideo
1603 1422 1679 1483 sunt
1704 1420 1861 1498 ejusdem

200 1519 313 1582 tunica
328 1520 460 1583 Domini
476 1519 688 1583 inconsutilis
700 1535 774 1598 quae
792 1520 915 1582 sortem
925 1518 1002 1597 qui-
1054 1520 1227 1599 potestatis
1238 1520 1273 1582 et
1285 1519 1499 1598 aequalitatis.
1511 1518 1572 1582 Uel
1587 1536 1594 1575 r
1610 1521 1658 1581 Tu
1671 1534 1708 1580 es
1717 1520 1856 1591 Petrus,

201 1617 275 1699 dem
290 1617 325 1679 in
340 1633 376 1679 se
398 1618 530 1696 recipit
543 1617 602 1680 sed
623 1633 803 1695 numquam
823 1616 997 1679 scinditur.
1054 1618 1088 1681 et
1106 1633 1206 1694 super
1224 1617 1312 1680 bane
1331 1617 1458 1695 petram
1480 1616 1579 1689 idest,
1601 1632 1702 1693 super
1724 1632 1777 1678 me
1795 1616 1859 1694 qui

240 1715 301 1778 Vei
314 1738 322 1775 ι
337 1720 386 1778 To
400 1731 437 1778 es
450 1715 581 1779 Petrus
595 1717 630 1778 et
642 1730 750 1793 super
761 1719 850 1779 bom
859 1716 1001 1791 petram
1054 1732 1128 1776 sum
1142 1715 1257 1778 firmus
1270 1717 1302 1778 θῖ
1316 1715 1445 1777 stabilis
1461 1715 1547 1778 siem
1556 1718 1667 1792 petra,
1680 1713 1857 1776 edificabo

201 1815 375 1887 oedificabo
399 1817 589 1877 Ecclesiam
618 1826 746 1886 ineam,
777 1812 873 1886 idest,
900 1828 1001 1891 super
1054 1814 1236 1876 Ecclesiam
1250 1829 1371 1876 meam.

200 1910 299 1974 istam
314 1911 391 1974 fidei
411 1911 602 1975 firmitatem
618 1927 683 1992 qua
698 1910 872 1973 confessus
892 1926 928 1972 es
947 1926 999 1972 me
1094 1911 1194 1973 Item:
1210 1915 1312 1973 Nmec
1325 1914 1395 1974 rrio
1417 1925 1501 1973 vere
1515 1913 1597 1985 qnia
1615 1911 1712 1972 misit
1732 1912 1860 1972 Domi-

201 2025 275 2071 esse
290 2009 412 2073 Filium
435 2011 496 2073 Dei
510 2010 598 2086 vivi3
621 2010 700 2088 quia
718 2025 801 2071 earo
813 2009 847 2070 et
862 2008 1001 2085 sanguis
1053 2025 1120 2073 nus
1132 2015 1415 2086 ampelumsaum.
1428 2007 1491 2071 Ubi
1507 2008 1691 2071 notandum
1699 2008 1750 2070 est
1764 2006 1857 2085 quod

200 2122 268 2169 uon
280 2107 444 2170 revelavit
457 2106 527 2177 tibi,
542 2107 640 2180 idest,
663 2105 817 2169 homines
835 2122 878 2168 ex
899 2121 1000 2169 carne
1054 2107 1172 2169 Petrus
1188 2108 1367 2185 antequam
1382 2105 1574 2184 perveniret
1587 2106 1629 2167 ad
1640 2107 1769 2183 portam
1784 2103 1859 2167 ier-

201 2205 235 2269 et
248 2204 412 2282 sanguine
426 2205 497 2268 nati
510 2220 577 2267 non
596 2204 834 2269 revelaverunt
849 2202 926 2277 tibi,
940 2203 999 2267 sed
1053 2221 1158 2279 ream,
1173 2205 1344 2268 nesciebat
1357 2205 1441 2267 iliud
1462 2220 1577 2267 rerum
1593 2219 1670 2266 esse
1686 2205 1773 2283 quod
1787 2204 1856 2266 tie-

201 2304 290 2364 Deus
310 2304 410 2365 Pater
430 2303 487 2381 qui
504 2305 555 2366 est
574 2303 612 2367 in
629 2302 736 2365 cuein.
757 2304 851 2367 lianc
872 2301 999 2364 tantam
1052 2304 1111 2369 bat
1124 2320 1183 2381 per
1203 2304 1370 2380 angeium.
1393 2304 1573 2381 Postquam
1593 2317 1674 2363 vero
1695 2301 1858 2367 transivit

201 2400 301 2462 iidem
320 2401 412 2462 uuila
427 2417 546 2478 passus
566 2401 618 2463 est
636 2401 797 2489 Dominus
815 2400 1000 2462 tentatione
1054 2404 1196 2481 primam
1220 2404 1253 2464 et
1266 2401 1448 2464 secundam
1461 2399 1650 2464 custodiam
1670 2401 1703 2463 et
1721 2401 1859 2478 portam

203 2497 356 2560 deiicere.
384 2498 477 2561 Unde
501 2515 576 2561 cum
599 2499 638 2561 in
662 2497 829 2576 passionis
856 2497 998 2560 articulo
1053 2499 1419 2574 terream,recordatus
1436 2500 1488 2565 est
1505 2497 1618 2561 dicens
1631 2519 1644 2561 ·.
1658 2501 1761 2563 Nunc
1780 2502 1855 2562 scio

201 2594 370 2660 dixisset:
394 2599 525 2671 Simon,
553 2611 628 2659 cccc
655 2598 806 2660 satanas
831 2597 1001 2671 martina
1054 2613 1136 2661 cere
1159 2601 1242 2674 quia
1259 2598 1355 2659 misit
1369 2601 1538 2665 Dominus
1557 2600 1718 2673 onqeiom
1735 2612 1855 2661 mom.

201 2707 264 2755 vos
274 2694 314 2755 ut
331 2696 504 2757 cribraret
517 2694 607 2757 simii
622 2695 792 2768 tatamen,
807 2693 922 2757 statim
939 2693 1001 2755 ad·
1054 2696 1167 2758 Prima
1179 2695 1268 2759 enim
1284 2694 1435 2759 custodia
1446 2695 1497 2757 est
1506 2693 1711 2756 consuetudo
1726 2694 1857 2768 caruis,

196 2790 300 2869 jecit:
317 2794 384 2854 Sed
397 2807 533 2869 eqopro
545 2792 578 2854 te
590 2795 723 2870 rocavi,
739 2792 858 2865 Petro,
874 2792 915 2855 ot
930 2807 1000 2855 nou
1054 2794 1199 2861 secunda
1225 2794 1371 2871 impetus
1392 2792 1596 2864 tentationis,
1622 2793 1718 2869 porta
1741 2790 1856 2855 terrea

201 2890 339 2962 deficiat
354 2891 439 2963 tides
454 2891 525 2963 tuo,
548 2890 582 2952 et
601 2890 640 2952 tu
659 2892 841 2965 aliquando
855 2904 1001 2953 conver·
1053 2893 1104 2955 est
1122 2892 1250 2970 species
1275 2892 1482 2957 aternitatis.
1506 2888 1715 2952 Consuetudo
1736 2889 1854 2950 carnis

202 3004 263 3050 sus
281 2989 450 3060 condiano
465 2987 598 3063 iratres
616 2987 692 3049 tuos
712 2985 805 3066 (Luc.
827 3003 910 3059 xxn,
931 2986 997 3067 32).
1053 2990 1147 3068 ligat,
1163 2990 1308 3068 impetus
1323 2988 1519 3055 tentationis
1537 2987 1708 3065 deprimit,
1720 2987 1856 3067 species

202 3085 487 3150 Absconditeuim
498 3087 586 3146 Deus
602 3084 676 3146 haee
690 3100 711 3146 a
725 3083 943 3162 sapientibus,
967 3088 1000 3148 et
1052 3089 1203 3152 ueritatis
1232 3088 1384 3151 suffocat.
1411 3085 1554 3149 Difficile
1577 3088 1629 3148 est
1649 3085 1741 3148 enim
1768 3101 1855 3148 con-

201 3182 368 3245 rcueiarit
392 3198 432 3244 ea
458 3182 626 3261 paruulis,
649 3182 759 3261 qualis
790 3183 842 3244 est
867 3182 997 3256 Petrus,
1053 3188 1149 3249 sueta
1169 3186 1368 3267 relinquere.
1385 3188 1474 3251 Dura
1496 3185 1546 3248 est
1564 3184 1653 3247 enim
1675 3183 1853 3246 translatio

201 3294 268 3342 non
283 3279 449 3361 superbus
461 3280 519 3342 sed
534 3280 681 3342 humilis.
699 3279 792 3344 Unde
809 3278 892 3341 hene
910 3279 998 3342 diei·
1053 3301 1073 3346 a
1087 3284 1387 3347 comessationibus
1397 3282 1439 3345 ad
1449 3283 1590 3361 jeiunia,
1602 3297 1624 3342 a
1635 3281 1793 3343 carnibus
1806 3280 1855 3343 ad

200 3377 257 3440 tur
292 3378 417 3461 ¹Simon,
440 3377 527 3456 quod
555 3377 793 3455 interpretatur
826 3376 998 3441 obediens.
1052 3382 1232 3459 legumina,
1259 3398 1280 3444 a
1305 3381 1424 3443 sericis
1448 3379 1489 3442 ad
1516 3379 1639 3453 cilicia,
1666 3380 1785 3452 immo,
1814 3380 1855 3441 ut

201 3477 268 3537 Bar
281 3478 377 3548 iona,
393 3474 480 3537 idest
502 3475 591 3537 iilius
609 3477 760 3547 ioannis,
783 3478 870 3557 quod
892 3477 999 3539 inter·
1052 3480 1186 3544 brevius
1205 3480 1337 3558 loquar,
1352 3495 1372 3541 a
1386 3479 1522 3557 propria
1540 3479 1712 3541 voluntate
1724 3477 1767 3541 ad
1783 3480 1852 3555 ju-

201 3573 352 3651 pretatur
365 3573 475 3650 gratia
496 3574 567 3646 Dei,
583 3574 660 3653 quia
675 3574 782 3637 virttis
801 3574 999 3638 obedientiae
1052 3594 1130 3655 gum
1151 3553 1360 3640 obedientiae.
1380 3580 1465 3640 Doce
1486 3580 1610 3655 quanta
1630 3578 1679 3639 est
1701 3589 1851 3637 consue·

200 3670 241 3732 de
264 3671 373 3748 gratia
397 3672 510 3733 divina
531 3672 690 3750 procedit
713 3673 797 3745 ouia
823 3674 911 3739 sicut
930 3689 999 3736 nou
1052 3675 1270 3739 tudoearnis.
1287 3675 1352 3739 Sed
1370 3675 1457 3738 banc
1478 3673 1635 3761 transivit
1657 3673 1772 3735 Petrus
1788 3688 1853 3750 per

201 3771 394 3848 potestesse
409 3770 499 3832 tilius
509 3770 655 3833 hominis
666 3771 734 3832 nisi
745 3771 856 3845 homo,
869 3771 917 3835 ita
930 3788 999 3835 non
1053 3773 1287 3847 obedientiam,
1304 3773 1421 3837 nolens
1431 3775 1534 3836 Deum
1546 3771 1750 3851 relinquere,
1762 3769 1796 3832 et
1808 3770 1855 3831 ad

201 3870 397 3951 potestesse
413 3868 502 3930 tilius
517 3869 577 3931 Dei
592 3868 659 3930 nisi
673 3871 772 3931 Deus.
1053 3869 1189 3949 propria
1212 3870 1337 3931 redire.
1361 3869 1424 3930 Sed
1444 3870 1549 3931 restat
1571 3867 1730 3939 secunda,
1753 3865 1855 3939 idest,

244 3965 339 4028 Unde
365 3968 466 4028 Pater
501 3966 610 4044 inquit
643 3967 685 4027 ad
713 3967 835 4029 Filium
859 3989 866 4028 ε
888 3972 1000 4031 Filius
1054 3967 1198 4046 impetus
1209 3965 1413 4031 tentationis.
1428 3964 1552 4028 Videns
1566 3964 1678 4026 autem
1691 3965 1766 4042 quis
1780 3963 1856 4025 ira-

201 4080 310 4139 meus,
327 4079 364 4126 es
379 4067 428 4137 to,
449 4079 511 4142 epo
525 4068 622 4127 hodic
636 4069 741 4141 portui
761 4067 794 4127 te
810 4064 879 4144 (Ps.
899 4067 930 4138 2,
950 4064 998 4146 7).
1053 4066 1137 4128 trem
1161 4082 1258 4127 suum
1291 4080 1426 4127 carnem
1450 4079 1547 4125 suam
1567 4062 1708 4141 jeiuniis
1741 4078 1854 4125 mace·

202 4161 309 4223 Filius
324 4177 416 4223 meus
432 4178 468 4223 es
487 4162 523 4223 tu
537 4160 831 4223 consubstantialis
842 4179 902 4241 per
913 4166 1000 4241 ejus·
1053 4165 1194 4233 nantem,
1210 4163 1343 4225 assidue
1362 4178 1474 4227 coram
1489 4163 1556 4224 Deo
1572 4161 1769 4239 plorantem,
1785 4160 1855 4221 hu-

202 4258 277 4320 dem
289 4259 727 4337 natmaeparneipationem,
742 4263 927 4324 coaeternus
940 4277 1000 4339 per
1053 4262 1176 4324 militer
1193 4261 1392 4343 loquentem,
1409 4260 1443 4322 et
1455 4259 1500 4322 de
1511 4258 1700 4322 coelestibus
1714 4274 1855 4336 semper

201 4357 367 4419 infinitam
394 4357 657 4432 diuturnitatem,
685 4358 756 4421 aive
777 4361 997 4430 mansionem,
1051 4360 1260 4430 tractantem,
1273 4358 1322 4420 sic
1334 4358 1401 4421 ait:
1416 4357 1500 4430 Quid
1512 4357 1665 4435 expectat
1675 4356 1773 4418 bomo
1786 4355 1855 4419 iste

202 4455 382 4535 coaequalis
398 4471 457 4534 per
472 4455 621 4519 eamdem
634 4457 841 4535 potestatem.
858 4460 999 4537 Propter
1052 4458 1118 4520 nisi
1140 4458 1282 4521 mortem
1305 4456 1437 4535 praelati
1459 4456 1534 4518 suit
1553 4457 1649 4517 Certe
1671 4454 1734 4517 hoc
1756 4454 1853 4528 iacit,

201 4555 345 4633 primum
358 4555 496 4617 dicitur:
510 4557 628 4633 Epoet
639 4558 868 4619 Paterunum
877 4572 998 4619 siamus
1053 4557 1131 4635 quia
1142 4557 1214 4621 vult
1226 4556 1301 4635 post
1314 4572 1391 4618 eum
1400 4571 1475 4617 esse
1484 4551 1733 4633 prestetunvel,
1746 4551 1777 4614 si
1787 4553 1854 4614 hec

202 4649 313 4731 (ioan.
329 4669 363 4727 x,
376 4652 443 4734 30),
457 4653 555 4727 idest,
570 4652 722 4716 eamdem
736 4654 891 4716 naturam
913 4669 997 4732 par-
1052 4670 1119 4718 non
1131 4654 1221 4727 iacit,
1232 4654 1351 4716 saitem
1365 4653 1491 4715 invidet
1505 4654 1538 4714 et
1552 4650 1696 4713 detrahit
1713 4651 1756 4711 ei.
1770 4653 1855 4713 Haeo

201 4750 389 4828 ticipamus,
404 4753 491 4814 sieut
504 4752 553 4815 sol
568 4753 601 4815 et
613 4752 727 4815 radius
739 4752 797 4830 qui
811 4752 882 4817 exit
895 4768 915 4813 a
928 4751 999 4815 sole
1052 4753 1104 4815 est
1131 4754 1275 4831 pessima
1299 4751 1461 4814 custodia.
1485 4751 1591 4823 Certe,
1615 4749 1644 4810 si
1658 4765 1725 4812 nen
1742 4747 1850 4810 fueris

201 4850 280 4909 sunt
304 4850 451 4927 ejusdem
479 4852 620 4913 naturae.
652 4852 793 4928 Propter
816 4849 999 4912 secundum
1052 4854 1119 4913 Bar
1131 4853 1228 4923 iona,
1244 4849 1334 4912 idest
1345 4848 1434 4910 tilius
1449 4848 1647 4911 humilitatis
1659 4847 1711 4908 vei
1722 4846 1850 4924 simpli·

202 4944 322 5013 dicitur
334 4968 341 5005 :
351 4950 424 5021 ipsi
435 4949 609 5023 peribunt,
618 4950 659 5011 to
668 4951 786 5011 amem
796 4963 996 5027 peramanter,
1053 4949 1249 5023 citatis,non
1258 4948 1383 5027 poteris
1395 4947 1539 5010 transire
1552 4947 1639 5009 banc
1650 4945 1847 5007 custodiam.

201 5044 235 5109 et
253 5041 324 5103 ibi:
346 5046 438 5104 idem
457 5048 529 5119 ipse
545 5061 583 5107 es
601 5047 634 5108 et
654 5050 740 5108 omui
758 5048 811 5109 tui
824 5062 895 5109 non
911 5049 999 5121 desi-
1092 5048 1179 5108 Nota
1201 5045 1287 5126 quod
1301 5060 1496 5122 responsum
1518 5046 1569 5105 est
1592 5042 1737 5105 Antonio
1754 5058 1852 5120 quaa-

200 5140 292 5205 cient
307 5140 375 5210 (Ps.
393 5141 461 5213 101,
477 5144 528 5213 27,
541 5140 603 5213 28).
618 5143 759 5220 Propter
770 5146 905 5208 tertium
916 5145 999 5207 dicit
1052 5145 1139 5207 renti
1154 5161 1175 5206 a
1192 5147 1272 5214 Deo,
1289 5145 1325 5206 ut
1345 5141 1409 5203 sibi
1427 5157 1542 5202 omnes
1556 5140 1756 5202 tentationes
1776 5139 1853 5203 dia-

202 5237 308 5300 Fiiius
329 5254 337 5292 :
363 5239 481 5299 Omma
499 5240 654 5314 potestas
683 5244 768 5303 mibi
793 5244 876 5305 doto
899 5243 951 5305 esi
976 5259 999 5304 o
1052 5242 1120 5305 boii
1137 5241 1336 5311 ostenderet,
1354 5240 1387 5301 et
1401 5238 1602 5299 miraculose
1617 5239 1757 5299 ostensae
1773 5239 1856 5301 sunt

201 5336 312 5397 Patra
330 5349 406 5397 aneo
429 5333 559 5413 (Mattb.
581 5351 702 5408 xxunr,
727 5336 791 5419 18).
816 5340 996 5417 Sequitur:
1053 5342 1096 5413 ei,
1122 5341 1155 5402 et
1180 5339 1352 5403 admirans
1374 5337 1444 5399 ait:
1476 5339 1576 5410 Deus,
1602 5336 1675 5414 quis
1706 5351 1853 5413 unquam

202 5436 275 5507 Epo
289 5435 388 5494 bodie
400 5436 506 5510 pamm
520 5435 564 5496 te.
578 5436 646 5511 Ego
660 5437 760 5498 Pater
773 5439 874 5515 genui
890 5440 921 5500 te
941 5438 1000 5500 Fi·
1053 5438 1175 5516 poterit
1196 5437 1269 5497 brec
1283 5435 1450 5499 transiret
1464 5435 1503 5497 Et
1517 5434 1645 5496 audivit
1662 5449 1777 5495 vocem
1792 5432 1855 5494 iru-

202 5529 296 5602 lium,
321 5530 436 5604 hodie,
457 5530 555 5607 idest,
570 5532 612 5596 ab
635 5536 772 5597 aeterno.
795 5536 901 5598 Hodie
920 5537 998 5598 nota
1052 5534 1216 5598 militatis.
1234 5535 1288 5596 Sis
1302 5549 1382 5611 ergo
1397 5533 1534 5595 humilis
1555 5533 1589 5598 et
1602 5530 1769 5594 transibis.
1781 5531 1852 5594 im-

202 5630 254 5692 est
267 5629 442 5708 praesentis
458 5630 637 5713 temporis;
651 5634 686 5698 et
697 5633 774 5715 ideo
788 5632 924 5714 ponitur
937 5649 997 5712 pro
1052 5637 1163 5715 petum
1179 5633 1409 5697 tentationum.
