3980 6206
236 236 296 294 799
854 230 1028 291 HONORll
1052 231 1096 291 lli
1119 233 1265 292 orbita.
1829 239 1890 296 800

235 395 399 457 ricensem
423 390 725 469 archiepiscopum,
751 403 848 467 quem
873 388 1034 451 Dominus
1088 390 1223 466 guinem
1247 391 1370 454 Christi
1394 406 1540 463 sumens,
1563 392 1597 456 in
1616 394 1812 457 scandalum
1826 414 1892 474 po·

235 492 348 563 claris,
364 489 555 566 sicutplene
570 487 729 560 constitit,
741 486 913 550 miraculis
932 487 1034 550 illus-
1090 487 1242 565 pulcrum
1256 486 1357 568 pedes
1378 490 1437 552 tibi
1457 489 1585 552 iaciens
1608 493 1765 554 osculari.
1784 496 1895 566 Quas-

236 590 338 654 travit
356 588 545 650 sanctorum
571 586 723 662 catalogo
745 584 1033 664 adscripserimus,
1089 584 1165 646 dam
1180 602 1309 663 quoque
1324 587 1507 649 sententias
1519 604 1580 664 pro
1594 590 1733 665 praelato
1745 594 1798 663 Β.,
1810 607 1895 652 auc-

238 702 410 750 monemus
423 684 674 746 universitatem
685 684 830 745 vestram
844 682 881 745 in
895 684 1034 746 Domino
1089 683 1222 745 toritate
1241 684 1549 762 sedisapostolicae
1564 687 1805 764 promulgatas.
1831 704 1893 766 pro

236 786 269 849 et
277 786 461 855 hortamur,
476 783 639 859 quatenus
656 783 729 858 ejus
750 781 836 858 apud
852 783 953 843 Deum
969 795 1033 859 pa·
1089 781 1155 843 tnae
1175 781 1357 844 voluntatis
1379 782 1520 847 arbitrio
1542 785 1715 857 nuntiasti,
1737 786 1893 847 ermrdem

235 881 378 946 trocinia
391 880 519 942 devotis
539 878 703 941 mentibus
718 879 912 957 imploretis.
929 881 1034 952 Quum
1088 880 1126 941 B.
1139 879 1212 940 sine
1223 895 1325 942 causa
1337 881 1529 944 rationabili
1540 884 1850 956 excommunicans,
1862 887 1895 946 et

236 981 347 1044 autem
363 982 435 1056 eJus
450 976 641 1039 venerabile
656 992 776 1055 corpus
789 978 833 1040 sit
845 978 886 1039 de
899 977 984 1046 loco,
999 979 1035 1038 in
1087 978 1160 1038 suis
1188 977 1336 1054 spolians
1361 978 1553 1051 beneflciis,
1585 996 1626 1042 ac
1651 980 1769 1042 eadem
1793 981 1894 1043 alteri

235 1093 301 1156 quo
326 1076 389 1149 est,
416 1075 458 1137 ad
484 1075 587 1136 aliurn
608 1074 892 1147 transferendum,
914 1092 975 1137 nos
993 1075 1035 1137 de
1090 1075 1263 1137 conterens
1280 1077 1316 1138 in
1331 1078 1436 1154 ipsius
1451 1081 1483 1140 et
1495 1078 1626 1155 praelati
1640 1079 1793 1156 episcopi
1807 1095 1895 1156 prae-

234 1175 408 1237 beatorum
430 1173 522 1235 Petri
536 1173 569 1234 et
592 1172 701 1244 Pauli,
723 1173 757 1234 et
771 1172 877 1250 ipsius
897 1172 1034 1249 gloriosi
1085 1173 1250 1249 judicium
1275 1176 1309 1238 et
1330 1191 1522 1252 gravamen,
1546 1177 1744 1254 exponendo
1767 1177 1895 1239 nibilo-

235 1271 437 1335 coniessoris
465 1270 592 1333 meritis
625 1270 839 1343 confidentes,
869 1271 1035 1334 universis
1089 1271 1199 1333 miuus
1220 1271 1308 1334 bona
1331 1274 1477 1349 ejusdem
1499 1276 1536 1334 Β.
1554 1274 1589 1335 in
1610 1274 1838 1353 direptionem
1863 1277 1894 1335 et

235 1370 293 1447 qui
307 1369 349 1430 ad
362 1367 604 1429 solemnitatem
616 1370 688 1444 ejus
698 1367 771 1445 ipso
784 1367 838 1428 die
848 1384 911 1446 quo
924 1369 1036 1430 trans·
1090 1370 1235 1446 praedam
1245 1371 1388 1449 principi
1398 1372 1563 1433 saeculari.
1576 1376 1682 1434 Porro
1697 1371 1828 1433 familia
1837 1375 1893 1435 tua

235 1466 371 1534 seretur,
387 1465 441 1527 vel
455 1465 556 1527 etiam
575 1464 663 1526 intra
678 1466 812 1527 octavas
836 1481 910 1527 cum
933 1465 1036 1527 devo-
1088 1466 1256 1530 transiens
1267 1483 1328 1546 per
1337 1469 1561 1546 episcopatum
1576 1470 1776 1532 Plocensem
1788 1470 1893 1548 ipsius

234 1564 327 1626 tione
355 1563 582 1635 convenerint,
607 1564 647 1624 40
666 1562 737 1624 dies
755 1563 957 1641 poenitentiae
976 1562 1033 1625 in·
1090 1563 1230 1626 clericos
1243 1580 1386 1641 gravare
1395 1566 1648 1644 presumpserit
1660 1566 1892 1642 multipliciter

231 1663 358 1739 iunctae
372 1661 574 1723 relaxamus.
589 1659 748 1722 Omnibus
763 1661 819 1739 qui
834 1660 876 1722 ad
886 1660 1035 1738 ejusdem
1090 1661 1124 1722 in
1143 1662 1313 1740 expensis,
1330 1679 1373 1725 ne
1394 1662 1455 1725 tibi
1473 1666 1564 1725 esset
1583 1663 1771 1736 dissimilis,
1794 1663 1854 1741 qui
1872 1680 1893 1725 a

235 1757 465 1820 translationis
499 1757 554 1819 die
587 1759 780 1820 reverenter
814 1758 1033 1831 accesserint,
1090 1760 1231 1838 quodam
1245 1760 1458 1838 suffraganeo
1478 1763 1547 1832 tuo,
1564 1778 1661 1840 quem
1683 1762 1831 1824 veniens
1853 1762 1895 1823 ad

236 1855 385 1917 eamdem
400 1854 640 1932 indulgentiam
662 1854 894 1917 concedentes.
1090 1858 1279 1929 concilium,
1304 1858 1339 1919 in
1364 1859 1537 1936 provincia
1559 1860 1617 1920 tua
1636 1859 1816 1920 dimiseras
1835 1875 1894 1936 pro

276 1953 395 2013 Datum
416 1954 529 2013 Romae
550 1953 637 2028 apud
660 1954 693 2012 S.
713 1954 848 2014 Petrum
866 1955 941 2014 xvi
965 1952 1033 2014 kal.
1090 1955 1286 2018 exhibendis
1309 1956 1548 2019 ecclesiasticis
1563 1957 1796 2028 sacramentis,
1813 1972 1897 2018 cen-

234 2049 322 2127 Julii,
336 2049 548 2127 pontificatus
564 2049 672 2111 nostri
687 2065 776 2111 anno
789 2050 946 2113 secundo.
1089 2056 1159 2117 tum
1173 2068 1315 2126 marcas,
1333 2052 1420 2117 sicut
1431 2052 1533 2116 iidem
1547 2056 1785 2130 procuratores
1800 2069 1898 2116 asse·

1090 2152 1178 2222 runt,
1203 2151 1385 2213 extorsisti.
1401 2151 1614 2213 Postmodum
1631 2152 1758 2223 autem,
1782 2150 1896 2213 officio

545 2234 729 2339 CCXGVJ
1090 2247 1266 2324 legationis
1294 2251 1477 2325 assumpto,
1509 2263 1723 2326 percussores
1750 2248 1897 2310 clerico-

249 2376 764 2451 Acuenrecumcrcnccpncop.
778 2380 1022 2439 oscarensem.
1090 2362 1174 2416 Μ’
1187 2345 1400 2456 ΜΠᾶΡᾶῗθῙε
1413 2346 1574 2455 imam
1586 2344 1898 2408 ⁸³⁰⁸s⁸⁰²i⁰¹¹⁰im'

308 2572 314 2581 .
521 2496 554 2554 ω
1089 2442 1896 2603 liridi‘'illill‘dbfflitlsilud‘l

314 2609 439 2674 Hoerner.
455 2611 567 2661 nonum.
583 2610 706 2667 p⁰¹⁰¹¹³²·
720 2616 739 2661 ⁸·
752 2612 771 2669 ¹·
784 2627 811 2677 Ρ·
823 2613 847 2666 ⁸·
860 2627 885 2661 ¹¹·
899 2612 949 2678 η]
1090 2558 1358 2699 dioecesimpcum
1381 2637 1553 2701 emuncto
1588 2584 1801 2700 evectionum
1829 2653 1895 2697 nu-

216 2766 219 2781 ,
237 2718 273 2776 Ut
287 2716 322 2775 ad
335 2717 541 2774 correctionem
560 2715 694 2775 dioecesis
712 2714 858 2776 Plocensis
878 2719 1035 2779 secundum
1091 2750 1193 2808 mel-0,
1207 2735 1339 2798 centum
1357 2751 1398 2798 30
1415 2736 1529 2798 decem
1546 2751 1707 2813 equorum
1722 2734 1893 2805 videlicet,

397 2806 551 2864 ⁰⁰⁰⁰¹¹¹⁰²⁸
565 2813 729 2863 ⁸⁰⁰⁰⁰⁰¹¹⁰⁸
741 2807 886 2881 Pffloew·
1090 2834 1124 2896 et
1138 2832 1389 2910 obsequentium
1414 2832 1626 2895 multitudine
1646 2831 1809 2904 introisti,
1830 2830 1895 2894 ibi-

276 2932 444 2993 Honorius
463 2932 651 3010 episcopus,
666 2933 741 3005 etc,
765 2934 949 2997 venerabili
968 2935 1038 2997 ira·
1089 2946 1154 3007 que
1167 2946 1294 2993 moram
1308 2929 1435 2992 iaciens
1450 2930 1646 3007 longiorem,
1661 2945 1724 2992 nec
1735 2945 1896 3004 necessa·

236 3027 316 3089 tri...
342 3028 592 3107 archiepiscopo
616 3030 813 3102 cnesnensi,
836 3033 1036 3110 Apostolicae
1090 3028 1188 3100 riam,
1208 3027 1267 3090 sed
1290 3027 1497 3100 damnosam,
1511 3027 1659 3105 ejusdem
1674 3027 1819 3090 clericos
1837 3043 1896 3089 ex·
1982 3036 1983 3041 ’

237 3125 333 3187 Sedis
348 3125 469 3202 legato,
487 3125 639 3198 salutem,
653 3128 716 3188 etc.
1092 3125 1206 3202 pensis
1231 3125 1383 3201 gravasti
1414 3124 1594 3202 superfluis
1629 3124 1718 3187 ultra
1747 3124 1892 3191 modum,

275 3222 478 3282 accedentes
491 3222 532 3283 ad
547 3222 771 3299 apostolicam
790 3224 908 3285 Sedem
923 3225 1036 3288 dilecti
1092 3222 1240 3299 ciusdem
1260 3222 1413 3285 dioecesis
1426 3222 1567 3284 clericos
1581 3238 1682 3300 super
1703 3221 1894 3299 pluralitate

236 3317 297 3379 tilii
310 3320 347 3379 B.
364 3320 397 3380 et
410 3321 448 3380 R.
463 3320 696 3395 procuratores
707 3320 908 3384 venerabilis
923 3323 1036 3386 fratris
1090 3320 1338 3391 beneficiorum,
1362 3335 1435 3397 quae
1455 3320 1673 3384 obtinuerunt
1690 3322 1770 3382 ante
1793 3335 1896 3396 gene-

236 3416 380 3478 nostri...
397 3416 556 3493 episcopi.
580 3416 613 3478 et
625 3416 822 3480 dilectorum
837 3419 1034 3483 illiorum...
1091 3419 1163 3480 rale
1173 3418 1367 3490 Concilium,
1379 3418 1599 3480 molestando.
1614 3414 1762 3495 Cumque
1774 3419 1810 3478 in
1824 3418 1895 3479 Plo

235 3514 354 3575 decani
379 3513 412 3575 et
432 3513 570 3591 capituli
590 3515 759 3577 Plocensis
781 3532 893 3578 coram
916 3518 1036 3582 dilecto
1091 3517 1184 3579 censi
1198 3515 1341 3579 ecclesia
1364 3516 1527 3593 synodum
1540 3515 1716 3577 celebrans
1734 3516 1785 3576 nil
1800 3516 1896 3577 inve-

235 3610 306 3673 filio
343 3613 455 3673 nostro
485 3614 615 3674 Sanctae
646 3614 763 3675 Mariae
796 3614 830 3676 in
860 3616 1036 3678 cosmedin
1091 3614 1201 3676 nisses
1220 3613 1255 3674 in
1280 3612 1382 3684 clero,
1404 3613 1458 3675 vel
1475 3612 1631 3690 episcopo
1646 3613 1892 3690 corrigendum,

235 3708 376 3770 diacono
402 3708 575 3781 cardinali,
600 3709 717 3772 tibist
742 3711 872 3774 dilectis
890 3714 969 3775 tiliis
972 3758 1034 3775 .....
1091 3712 1185 3784 duos,
1210 3715 1249 3772 A.
1266 3710 1422 3773 videlicet
1439 3713 1472 3772 et
1494 3713 1562 3782 W„
1585 3711 1726 3772 clericos
1750 3710 1893 3788 elegisti,

236 3806 362 3868 decano
386 3808 456 3868 et...
473 3806 709 3869 archidiacono
723 3809 942 3882 Lanciciensi,
959 3827 1038 3890 pro-
1091 3809 1148 3887 qui
1162 3811 1319 3887 tanquam
1343 3807 1505 3887 speciales
1528 3808 1709 3869 criminum
1729 3807 1895 3869 delatores

236 3903 445 3965 curatoribus
462 3905 529 3966 tuis
544 3920 564 3967 a
579 3903 674 3966 nobis
692 3906 844 3969 auditore
864 3924 1034 3982 concesso,
1092 3922 1249 3968 excessus
1262 3905 1430 3967 deferrent
1441 3905 1589 3983 episcopi
1603 3907 1704 3983 atque
1715 3905 1809 3977 cleri,
1827 3904 1896 3982 qui-

236 4002 383 4077 graviter
407 4003 484 4063 sunt
510 4004 681 4080 conquesti
705 4005 817 4082 :quod
833 4007 870 4067 tu
894 4004 935 4067 ab
957 4007 1036 4069 olim
1090 4006 1153 4067 bus
1191 4003 1311 4066 frivola
1342 4001 1613 4081 proponentibus,
1646 4002 1735 4080 quod
1765 4019 1827 4079 per
1855 4017 1895 4063 ea

236 4099 431 4161 Plocensem
453 4099 629 4161 ecclesiam
654 4101 819 4179 incoepisti
838 4104 1036 4185 multiplici·
1091 4103 1207 4164 contra
1228 4100 1420 4178 episcopum
1447 4100 1626 4177 procedere
1651 4115 1718 4160 non
1745 4098 1893 4167 valebas,

235 4200 288 4257 ter
296 4197 483 4270 molestare,
495 4198 601 4274 ipsius
612 4198 759 4277 episcopi
768 4200 909 4262 clericos
923 4218 1036 4264 coram
1092 4198 1272 4261 secundum
1286 4197 1391 4259 animi
1400 4197 1450 4259 tui
1461 4198 1587 4258 motum
1597 4197 1685 4258 viam
1697 4196 1892 4272 excogitasti

235 4296 269 4354 te
282 4293 414 4368 litigare
436 4294 800 4373 compellens-propter
812 4298 898 4375 quod
914 4299 1036 4361 dudum
1091 4299 1209 4370 aliam3
1224 4295 1332 4358 subito
1349 4296 1451 4357 testes
1466 4296 1592 4373 septem
1608 4294 1737 4370 eligens
1749 4294 1892 4373 synoda·

236 4390 300 4451 fuit
314 4390 355 4451 ad
372 4389 489 4451 Sedem
503 4392 727 4468 Apostollcam
742 4396 954 4471 appellatum,
972 4398 1036 4474 ipsi
1091 4396 1151 4469 les,
1177 4391 1446 4457 connumerando
1465 4392 1553 4455 inter
1576 4392 1668 4468 ipsos
1687 4391 1771 4453 duos
1793 4391 1892 4453 cleri·

237 4488 392 4565 episcopo
414 4488 632 4560 interdicens,
651 4505 692 4550 ne
709 4490 745 4551 in
769 4492 894 4568 nuptiis
915 4494 1037 4556 nobilis
1091 4509 1148 4556 cos
1169 4491 1389 4570 supradictos,
1410 4490 1443 4551 et
1468 4488 1572 4550 alium
1592 4488 1769 4567 quemdam
1784 4491 1822 4551 Ρ.
1836 4504 1891 4549 no·

235 4585 301 4646 viri
317 4585 458 4647 conradi
474 4585 568 4647 ducis
593 4586 751 4649 Mazoviae
772 4588 969 4666 parochiani
984 4593 1036 4652 sui
1091 4592 1192 4661 mine,
1215 4589 1272 4667 qui
1296 4587 1517 4665 abepiscopo
1546 4588 1579 4649 et
1607 4586 1756 4663 capitulo
1784 4585 1891 4647 lucrat

236 4682 373 4742 missam
396 4683 630 4759 sponsalicium
659 4684 860 4757 celebraret,
882 4703 922 4748 ec
946 4692 1039 4750 sata·
1092 4687 1342 4757 condemnatus,
1354 4700 1394 4745 eo
1409 4684 1496 4762 quod
1509 4682 1685 4761 quemdam
1699 4700 1796 4744 suum
1812 4697 1890 4744 con-

236 4795 317 4853 gens
331 4780 505 4857 quamdam
516 4780 660 4842 insulam
674 4783 714 4843 ad
729 4785 922 4847 plocensem
934 4788 1038 4848 eccls-
1091 4786 1290 4848 canonicum
1311 4783 1462 4845 traxerat
1480 4781 1522 4842 ad
1536 4780 1703 4859 judicium
1718 4780 1887 4849 seculare,

237 4877 984 4957 siampertinentem...prsepositomonialium
997 4884 1037 4947 de
1059 4938 1060 4941 ,
1091 4899 1151 4962 per
1176 4898 1257 4961 quos
1278 4878 1437 4943 credebas
1453 4880 1548 4941 tuum
1565 4877 1770 4940 desiderium
1793 4877 1889 4941 adim

238 4974 336 5035 Plocc
366 4975 533 5047 conterre,
564 4977 743 5039 Plocenses
769 4981 948 5043 canonicos
977 4996 1036 5059 pro
1091 4982 1193 5058 plere,
1222 4980 1336 5056 sicque
1364 4977 1401 5039 in
1432 4976 1524 5038 nullo
1555 4978 1689 5039 servata
1726 4975 1889 5053 generalis

236 5086 287 5142 eo,
305 5071 392 5148 quod
414 5071 475 5133 tibi
496 5072 654 5137 nolebant
678 5076 892 5153 acquiescere
912 5079 948 5140 in
974 5079 1037 5140 hac
1092 5076 1232 5140 concilii
1252 5077 1359 5138 forma
1377 5074 1469 5137 edita
1491 5089 1591 5150 super
1612 5074 1822 5151 corrigendis
1838 5090 1890 5134 ex·

236 5170 341 5246 parte,
356 5168 515 5244 gravibus
528 5170 664 5248 injuriis
677 5172 873 5238 fatiscendo.
885 5176 933 5236 nd
951 5177 1034 5247 haec,
1091 5174 1238 5238 cessibus
1254 5171 1471 5243 subditorum,
1488 5187 1589 5247 quum
1603 5185 1665 5231 nec
1680 5174 1889 5233 accusatores
1982 5178 1983 5257 3

237 5282 337 5342 quum
348 5267 454 5343 ipsam
470 5268 600 5341 accedis
612 5269 800 5344 ecclesiam,
810 5273 966 5334 thronum
977 5274 1036 5336 tibi
1091 5271 1323 5342 inscriberent,
1349 5285 1410 5331 nec
1434 5269 1699 5340 denuntiatores,
1719 5269 1889 5345 praemissa

236 5363 319 5424 iacis
338 5364 422 5440 erigi
446 5364 600 5426 altiorem
619 5382 695 5427 cum
710 5367 907 5431 clericorum
929 5372 1035 5448 ipsius
1092 5370 1266 5432 caritativa
1279 5367 1473 5438 monitione,
1485 5366 1589 5444 aliqui
1603 5369 1817 5443 apparerent,
1833 5382 1889 5426 nec
1982 5436 1983 5451 χ

236 5458 385 5523 ecclesiae
400 5461 557 5537 gravibus
573 5462 742 5525 laboribus
757 5467 791 5528 et
807 5469 975 5544 expensis,
999 5470 1036 5530 in
1091 5470 1217 5530 clamor
1239 5464 1408 5528 credibilis
1428 5464 1644 5535 ascendisset,
1668 5480 1775 5542 quare
1790 5464 1831 5526 ad
1845 5465 1889 5524 in·
1982 5454 1983 5511 ἶ

237 5570 301 5629 qua
315 5556 432 5617 sedens
447 5557 632 5621 oblationes
643 5563 777 5640 recipis,
787 5565 820 5624 et
833 5565 934 5626 etiam
956 5582 1057 5627 san·⁴
1091 5565 1305 5643 quisitionem
1332 5561 1557 5624 criminumte
1580 5560 1785 5624 descendere
1799 5576 1889 5636 opor·
1982 5614 1983 5645 ,
