3946 6196
98 260 149 319 tol

93 415 228 493 rigendo
247 411 393 492 tepidus,
415 414 449 476 et
474 411 595 475 batres
623 411 746 490 saeplus
772 412 888 474 moniti

92 513 336 589 incorrigibiles
367 511 627 590 permanserint,
663 510 706 572 ad
732 512 888 586 generale

93 612 273 689 capitulum
288 609 469 681 referatur,
486 610 519 671 31
541 607 627 670 sicut
640 608 759 669 melius
781 608 888 669 visum

93 709 198 781 inerit,
227 706 370 770 consilio
392 706 559 784 generalis
577 705 712 782 capituli
732 706 890 766 emende-

91 810 150 878 tur,
168 806 206 867 31
223 805 390 867 sententia
409 806 444 866 in
466 804 531 865 bac
551 804 646 880 parte
663 803 801 881 capituli
816 803 888 864 sine

92 904 295 966 retractione
305 903 417 981 aliqua
433 902 638 964 observetur.

127 1002 265 1073 Quoties
289 1015 370 1062 vero
394 1001 535 1063 ecclesia
560 998 887 1062 Praemonstratensis

94 1099 160 1160 sine
175 1097 298 1161 abbate
310 1097 420 1170 fuerit,
437 1098 477 1158 ad
492 1097 650 1175 praefatos
664 1098 734 1159 1133
752 1096 887 1158 abbates

94 1199 158 1274 ejus
183 1212 267 1258 cura
290 1196 459 1273 respiciat,
486 1196 520 1256 et
548 1210 569 1256 a
593 1195 763 1257 canonicis
783 1193 888 1272 ipsius

94 1294 254 1366 ecclesiae,
279 1308 487 1354 cumeorum
511 1292 667 1367 consilio,
691 1307 832 1369 persona
852 1292 887 1351 in

93 1391 242 1454 abbatem
282 1390 401 1452 idonea
440 1390 601 1466 eligatur,
638 1389 679 1451 ad
711 1389 887 1451 consilium

93 1506 183 1550 suum
212 1489 358 1567 quabmr
381 1488 457 1548 aliis
481 1486 655 1549 abbatibus
679 1486 721 1548 ad
738 1485 887 1548 eamdem

93 1587 264 1648 ecclesiam
283 1584 536 1663 pertinentibus,
553 1585 681 1662 pariter
701 1584 884 1655 advocatis,

94 1700 168 1761 quos
183 1684 251 1761 ipsi
267 1682 422 1744 canonici
435 1682 643 1759 providerint
663 1681 885 1744 advocandos.
899 1686 903 1695 '

94 1782 200 1842 Liceat
230 1796 360 1858 quoque
389 1780 570 1857 unicuique
602 1779 700 1842 matri
734 1779 887 1842 ecclesiae

93 1878 214 1939 ordinis
235 1877 352 1949 vestri,
373 1894 447 1939 oum
470 1877 612 1939 consilio
637 1877 767 1938 abbatis
790 1880 886 1939 Prae-

93 1975 352 2046 monstratensis‚
383 1973 424 2036 de
447 1973 623 2036 abbatibus
649 1975 885 2048 ecclesiarum,

94 2090 158 2150 quae
170 2072 212 2133 ab
224 2088 264 2133 33
274 2072 477 2149 processisse
488 2073 683 2145 noscuntur,
699 2072 771 2133 sive
785 2073 886 2135 etiam

94 2171 129 2230 de
154 2170 221 2231 3113
241 2169 390 2247 ejusdem
409 2170 538 2230 ordinis
556 2170 718 2231 inferiore
731 2170 885 2242 ecclesia,

94 2267 161 2340 sibi,
184 2282 425 2345 quemcumque
445 2267 624 2341 voluerint,
645 2268 675 2328 si
688 2269 800 2329 tamen
813 2268 889 2328 ido-

94 2380 173 2425 neus
190 2365 350 2437 extiterit,
370 2364 406 2425 in
425 2364 577 2427 abbatem
599 2381 781 2426 assumere.
804 2368 888 2426 Per-

94 2476 203 2523 sonam
231 2464 342 2524 autem
366 2461 408 2523 de
431 2462 499 2524 alio
515 2461 644 2534 ordine,
665 2462 757 2523 nulla
779 2462 888 2524 eccle-

94 2560 215 2620 siarum
242 2562 430 2621 vestrarum
452 2559 515 2620 sibi
536 2559 639 2636 eligat
664 2561 700 2621 in
721 2559 884 2631 abbatem,

93 2672 149 2718 nec
163 2657 266 2719 vestri
277 2657 405 2718 ordinis
415 2657 526 2734 aliqua
537 2658 573 2718 in
585 2656 737 2718 abbatem
747 2672 886 2718 monas-

18 2808 19 2821 ,
95 2753 168 2815 13111
191 2754 332 2815 31131113
358 2753 496 2826 ordinis,
524 2754 590 2815 nisi
618 2754 660 2816 de
687 2753 886 2817 auctoritate

95 2852 246 2912 Romanae
269 2851 429 2913 Ecclesiae
457 2851 640 2913 ordinetur.
666 2851 758 2913 Nulli
785 2851 886 2913 etlam

97 2948 267 3008 canonicos
282 2947 335 3009 vel
349 2963 529 3008 conversos
543 2948 684 3020 vestros,
700 2949 773 3009 sine
786 2947 888 3008 licen·

18 3044 19 3049 ’
94 3043 137 3105 113
147 3043 301 3106 abbatum
316 3061 463 3117 suorum,
481 3045 631 3122 recipere
646 3046 704 3107 aut
716 3047 887 3122 susceptos

95 3140 189 3204 liceat
207 3142 365 3204 retinere.
392 3144 479 3204 Sane
500 3142 583 3203 nulli
607 3142 758 3205 ecclesiae
783 3142 887 3204 vestri

94 3238 212 3299 ordinis
232 3239 334 3301 liceat
355 3238 396 3300 ad
412 3239 557 3316 aliquam
582 3240 685 3301 aliam
705 3238 887 3316 professio-

18 3314 20 3407 Ῠ
95 3350 163 3395 nem
186 3336 374 3398 temeritate
392 3336 538 3414 qualibet
561 3352 598 3398 se
620 3337 816 3398 transferre.
848 3335 883 3397 si

18 3450 20 3509 ζ
95 3448 161 3508 quae
186 3449 267 3494 vero
300 3432 452 3495 ecclesiae
480 3434 717 3496 canonicbrum
746 3434 886 3496 alterius

18 3536 20 3593 J
95 3529 223 3601 ordinis,
244 3530 286 3592 ad
306 3531 456 3591 ordinem
478 3532 627 3592 vestrum
651 3530 820 3607 venerint3
844 3531 884 3592 ad

94 3627 259 3689 ecclesiam
289 3628 395 3689 vestri
420 3627 546 3689 ordinis
569 3628 715 3690 habeant
733 3628 808 3689 sine
831 3643 887 3689 re-

18 3720 20 3803 }
95 3722 268 3800 fragatione
283 3726 481 3801 respectum,
498 3724 535 3786 in
553 3741 618 3803 qua
634 3725 818 3787 noscuntur
834 3740 888 3786 or·

97 3818 197 3881 dinem
212 3822 362 3882 vestrum
375 3821 589 3898 assumpisse.

18 3912 20 3935 ⁸
132 3920 291 3980 Praeterea
308 3919 336 3978 si
351 3918 439 3979 inter
457 3919 588 3996 aliquas
608 3918 768 3980 ecclesias
783 3918 886 3980 vestri

96 4014 213 4077 ordinis
230 4016 271 4077 de
285 4015 523 4092 temporalibus
539 4017 678 4092 quaestio
700 4016 884 4088 emerserit,

97 4127 155 4173 non
169 4114 262 4175 extra
284 4113 435 4175 ordinem
454 4113 683 4175 ecclesiastica
699 4114 752 4175 vel
774 4129 885 4174 saecu-

97 4206 169 4270 laris
189 4210 360 4272 audientia
388 4210 602 4287 requiratur3
634 4211 691 4271 sed
719 4211 885 4275 mediante

99 4307 399 4370 premonstratensi
416 4306 533 4369 abbate
550 4309 582 4370 et
591 4308 721 4369 caeteris
734 4323 817 4386 quos
831 4325 886 4370 ve

18 4448 20 4481 ,
99 4405 223 4477 caverit,
240 4406 300 4466 aut
311 4404 644 4467 331113111311131333
657 4406 882 4482 componatur,

96 4504 148 4564 aut
173 4503 296 4564 auditis
329 4503 503 4580 utriusque
536 4502 734 4574 rationibus,
769 4502 884 4587 eadem

97 4602 312 4662 controversia
334 4598 425 4677 justo
448 4600 576 4677 judicio
599 4588 806 4666 terminetur.
835 4600 883 4661 Ad

18 4764 19 4771 ἵ
97 4699 243 4773 majorem
257 4712 388 4775 quoque
401 4696 528 4758 ordinis
546 4697 650 4759 vestri
669 4690 884 4774 133111331-

97 4795 292 4867 servandam,
308 4793 491 4856 districtius
509 4784 733 4872 prohibemus,
754 4810 796 4855 ne
815 4794 883 4856 ali-

97 4890 162 4964 quis
173 4892 385 4969 praelatorum
400 4892 451 4952 vel
464 4891 670 4953 subditorum
684 4884 881 4963 vestrorum,

96 4984 177 5049 iniis
191 5006 264 5067 quae
277 4989 318 5050 ad
328 4988 538 5065 disciplinam
549 4990 583 5050 et
595 4988 746 5051 instituta
757 4989 883 5051 ordinis

97 5087 243 5159 spectant,
256 5086 389 5156 audeat,
405 5085 503 5163 prout
523 5086 681 5147 statutum
696 5086 748 5150 est
765 5086 882 5149 11113-

95 5179 254 5245 teranensi
270 5183 431 5255 Concilio,
449 5183 617 5260 appellare
634 5206 642 5244 :
659 5184 716 5245 sed
739 5184 768 5245 si
788 5184 882 5261 quis-

18 5302 19 5305 *
98 5276 175 5351 piam
188 5281 356 5359 appellare
370 5281 560 5349 tentaverit,
593 5280 810 5342 nibilominus
831 5280 881 5342 illl

98 5390 223 5448 quorum
265 5376 408 5440 interest
443 5378 632 5453 regularem
671 5377 881 5455 disciplinam

98 5485 240 5537 exercere
266 5474 440 5538 debebunt.
464 5477 512 5537 De
540 5476 661 5537 caetero
683 5476 840 5553 quoniam
861 5492 881 5537 a

18 5602 19 5609 ,
99 5571 222 5651 strepitu
236 5574 268 5635 et
284 5571 428 5641 tumultu
444 5573 655 5635 saecularium
670 5572 799 5645 remoti,
816 5588 873 5649 pa·

696 266 700 275 ·
731 253 962 315 nrisToLAE.
985 256 1063 315 LIB.
1088 255 1112 316 Ι.

1683 259 1743 321 loz

944 429 1016 475 cern
1031 400 1698 493 3111131311»1111131113113111331331133
1712 419 1746 481 et

944 512 1066 582 curtes,
1088 512 1175 574 sicut
1195 512 1607 575 313111331333133131111
1627 531 1646 576 a
1662 531 1744 592 pra·

943 625 1062 670 vorum
1074 609 1211 670 incursu
1224 614 1258 671 et
1268 610 1427 671 violentia
1447 610 1572 672 liberas
1586 612 1657 673 fore
1671 628 1747 673 san·

943 706 1049 767 cimus
1065 727 1074 765 1
1089 706 1301 783 probibentes
1317 708 1352 769 ut
1373 708 1485 769 nullus
1507 707 1554 769 ibi
1576 709 1745 770 bominem

943 818 1073 879 capere,
1091 804 1248 880 spoliare,
1262 804 1451 876 verberare,
1467 822 1526 866 seu
1542 805 1743 880 interlicere,

942 892 1000 962 aut
1011 901 1134 962 furtum
1151 900 1204 962 vel
1219 902 1370 979 rapinam
1386 905 1591 965 committere
1610 905 1742 966 audeat.

983 997 1030 1058 Ob
1053 997 1225 1060 evitandas
1257 1015 1337 1061 vero
1364 1000 1565 1062 secularium
1595 1001 1743 1063 virorum

943 1093 1158 1172 frequentias,
1181 1095 1323 1158 liberum
1347 1098 1391 1159 sit
1415 1097 1520 1171 vebia,
1549 1098 1642 1160 salvo
1665 1102 1744 1177 jure

942 1181 1206 1255 dioecesanorum
1243 1194 1494 1272 episcoporum,
1528 1197 1676 1258 oratoria
1708 1198 1744 1258 in

942 1290 1093 1366 grangiis
1106 1292 1139 1354 et
1151 1291 1299 1353 curtibus
1311 1293 1432 1355 vestris
1442 1295 1646 1367 construere,
1664 1295 1696 1357 et
1709 1296 1744 1356 in

942 1387 1025 1465 ipsis
1040 1388 1134 1450 vobis
1156 1390 1188 1452 et
1204 1389 1339 1452 familiae
1354 1391 1475 1452 vestrae
1493 1391 1605 1453 divina
1620 1392 1743 1465 officia,

943 1501 1043 1563 quum
1058 1502 1195 1549 necesse
1211 1487 1310 1549 fuerit
1324 1487 1506 1561 celebrare,
1525 1489 1557 1551 et
1572 1490 1677 1567 ipsam
1692 1489 1745 1551 fa-

942 1583 1081 1657 miliam,
1094 1585 1159 1645 nisi
1168 1584 1273 1662 aliqui
1281 1585 1349 1646 3111
1360 1587 1415 1662 qui
1429 1586 1464 1646 iu
1473 1586 1596 1648 vicinia
1609 1587 1742 1664 propria

942 1679 1087 1742 habeant
1110 1681 1291 1750 domicilia,
1312 1682 1352 1743 ad
1373 1682 1627 1755 confessionem,
1648 1700 1743 1745 corn-

943 1778 1135 1840 munionem
1145 1782 1177 1840 et
1189 1779 1405 1857 sepulturam,
1418 1795 1493 1841 cum
1501 1781 1605 1842 vestri
1616 1781 1744 1842 ordinis

943 1876 1114 1953 suscipere
1140 1876 1326 1938 honestate.
1355 1877 1469 1939 Liceat
1496 1894 1626 1955 quoque
1650 1877 1746 1940 vobis

943 1988 1102 2049 personas
1125 1972 1248 2034 liberas
1268 1976 1302 2035 et
1322 1973 1491 2036 absolutas
1518 1992 1537 2036 e
1558 1976 1671 2037 seculo
1686 1976 1742 2036 fu-

941 2070 1083 2145 gientes.
1105 2069 1147 2131 ad
1169 2072 1421 2132 conversionem
1440 2070 1601 2149 recipere,
1629 2088 1668 2134 ac
1685 2089 1743 2135 eas

942 2165 1123 2228 cumrebus
1135 2168 1206 2229 suis
1219 2167 1345 2246 absque
1355 2168 1618 2232 contradictione
1629 2170 1742 2248 aliqua

942 2265 1104 2340 retinere;
1120 2265 1272 2327 infirmos
1294 2282 1424 2344 quoque
1441 2266 1621 2340 absolutos,
1638 2268 1744 2346 quiin

941 2363 1091 2424 extrema
1105 2363 1275 2425 voluntate
1289 2363 1331 2425 ad
1348 2379 1408 2425 vos
1425 2379 1461 2425 se
1474 2364 1661 2438 transferri,
1685 2367 1743 2427 aut

942 2460 1029 2537 apud
1064 2476 1125 2522 vos
1161 2460 1296 2538 sepeliri
1325 2460 1593 2535 deliberaverint,
1631 2462 1742 2523 nullus

942 2557 1103 2635 impedire
1125 2573 1185 2619 seu
1207 2574 1263 2619 res
1285 2574 1401 2620 eorum
1417 2558 1583 2635 legitimas
1597 2561 1742 2621 relinere

942 2657 1132 2731 praesumat,
1159 2655 1252 2716 salva
1273 2657 1385 2717 tamen
1406 2656 1577 2717 haeredum
1592 2657 1742 2732 legitima

942 2751 1104 2828 portione,
1120 2753 1154 2814 31
1168 2753 1329 2814 33331133
1340 2753 1472 2829 Justitia
1487 2752 1618 2814 illarum
1634 2754 1743 2815 eccle-

942 2849 1067 2909 siarum
1083 2866 1102 2910 a
1118 2848 1237 2927 quibus
1253 2851 1457 2912 mortuorum
1477 2866 1617 2928 corpora
1640 2866 1740 2912 assu·

942 2948 1088 3007 muntur.

983 3044 1032 3105 Ad
1054 3045 1190 3121 majoris
1205 3044 1306 3106 etiam
1319 3044 1446 3107 ordinis
1461 3046 1564 3107 vestri
1578 3062 1740 3107 reveren-

941 3139 1034 3213 tiam,
1048 3144 1081 3204 31
1094 3143 1260 3218 regularis
1271 3142 1455 3220 disciplinae
1483 3143 1739 3217 observantiam,

941 3238 1047 3308 vobis,
1063 3239 1125 3300 filii
1138 3239 1285 3312 abbates,
1301 3240 1466 3318 subjectos
1473 3243 1601 3303 vestros
1613 3240 1743 3317 ligandi

941 3338 974 3398 et
989 3336 1149 3408 solvendi,
1160 3337 1293 3414 plenam
1310 3337 1522 3399 concedimus
1537 3338 1740 3401 facultatem.

941 3432 1024 3504 Quia
1038 3449 1118 3494 vera
1133 3433 1265 3508 singula
1280 3449 1352 3510 quae
1367 3434 1409 3495 ad
1420 3434 1595 3511 religionis
1610 3435 1744 3512 profec-

940 3530 1009 3590 tum
1025 3530 1058 3592 31
1071 3530 1259 3591 animarum
1273 3531 1415 3593 salutem
1434 3532 1625 3606 ordinastis,
1648 3548 1740 3610 prae-

940 3627 1027 3689 senti
1054 3626 1296 3689 abbreviationi
1323 3629 1545 3706 nequiverunt
1580 3630 1739 3691 annecti:

941 3740 1002 3785 nos
1017 3740 1092 3785 cum
1103 3724 1145 3785 iis
1156 3741 1230 3802 quas
1240 3724 1365 3802 scripta
1377 3728 1465 3797 sunt,
1482 3726 1739 3788 consuetudines

941 3823 1080 3893 vestras,
1114 3837 1197 3899 quas
1225 3821 1315 3882 inter
1341 3837 1400 3883 vos
1424 3820 1595 3897 religionis
1617 3822 1740 3885 intuitu

940 3917 1141 3995 regulariter
1169 3917 1345 3991 statuistis,
1370 3920 1403 3981 et
1423 3917 1580 3995 deinceps
1604 3921 1740 3981 auctore

942 4015 1082 4077 Domino
1098 4016 1262 4087 statuetis,
1277 4016 1475 4078 auctoritate
1487 4016 1676 4093 Apostolica
1687 4033 1740 4078 ro·

940 4112 1109 4184 boramus,
1126 4115 1159 4174 et
1172 4112 1266 4175 vobis
1280 4114 1466 4191 vestrisque
1478 4114 1737 4188 successoribus,

940 4211 974 4272 et
999 4210 1153 4272 omnibus
1176 4210 1233 4288 qui
1261 4211 1410 4273 ordinem
1433 4213 1579 4274 vestrum
1598 4212 1741 4290 professi

939 4307 1065 4370 fuerint
1082 4308 1251 4386 perpetuis
1274 4308 1477 4387 temporibus
1503 4310 1741 4374 inviolabiliter

940 4405 1165 4467 observandas
1180 4406 1479 4470 decernimus.Nec
1488 4407 1736 4485 aliqualitterae

939 4502 1085 4565 habeant
1110 4502 1310 4576 firmitatem,
1333 4521 1406 4581 quae
1419 4504 1519 4567 tacito
1532 4505 1666 4566 nomine
1682 4521 1739 4565 or-

939 4598 1027 4660 dinis
1056 4594 1398 4671 praemonstratensis,
1416 4604 1532 4663 331113
1551 4601 1737 4664 libertatem

939 4696 1033 4758 vobis
1054 4696 1096 4757 ab
1115 4697 1305 4783 Apostolica
1330 4696 1414 4757 Sede
1440 4696 1598 4771 indultas,
1615 4698 1739 4761 fuerint

938 4794 1134 4871 impetratae.
1173 4795 1260 4854 Sane
1291 4792 1442 4854 laborum
1474 4795 1663 4856 vestrorum
1697 4796 1738 4859 de

938 4889 1204 4969 possessionibus
1219 4888 1618 4952 habitis'anteconcilium
1630 4908 1737 4969 gene·

938 4988 1019 5061 1313,
1036 5003 1076 5049 33
1093 4986 1193 5048 etiarn
1208 4986 1388 5059 novalium,
1403 5002 1477 5064 quae
1497 4989 1643 5066 propriis
1665 5007 1739 5051 ma-

937 5085 1035 5146 nibus
1069 5084 1128 5146 aut
1163 5082 1348 5161 sumptibus
1388 5084 1512 5159 colitis,
1540 5086 1581 5148 de
1618 5087 1737 5166 quibus

937 5181 1111 5244 novalibus
1136 5180 1259 5259 aliquis
1285 5181 1446 5243 hactenus
1474 5199 1541 5245 non
1571 5184 1734 5264 percepit,

937 5281 1008 5341 sive
1029 5279 1070 5340 de
1095 5279 1201 5340 bortis
1223 5279 1256 5341 31
1270 5280 1435 5356 virgultis,
1454 5281 1570 5358 pratis,
1587 5282 1732 5358 pascuis,

936 5376 977 5438 de
992 5375 1231 5454 piscationibus
1247 5376 1379 5449 vestris,
1396 5378 1448 5439 vel
1469 5378 1509 5439 de
1521 5379 1734 5441 nutrimentis

937 5473 1130 5536 animalium
1145 5475 1343 5547 vestrorum,
1360 5474 1471 5535 nullus
1490 5489 1510 5535 a
1530 5473 1624 5536 vobis
1639 5475 1735 5539 deci·

937 5588 1006 5633 mas
1017 5571 1153 5648 exigere
1167 5572 1218 5633 vel
1234 5573 1433 5651 extorquere
1445 5574 1635 5651 praesumat.
