3900 6202
242 261 304 322 aas
871 250 1047 313 uenenn
1069 253 1114 314 nr
1136 254 1284 317 erum.
1828 267 1885 331 ῃ)

240 423 316 488 licis
343 419 583 487 recordationis
612 419 639 480 1.
667 421 758 494 Papa
793 418 1038 495 praedecessore
1093 431 1130 479 se
1143 417 1288 494 gravari,
1306 414 1349 480 ad
1364 414 1483 481 sedem
1497 421 1721 499 apostolicam
1740 428 1886 504 appella-

242 523 367 593 nostre,
391 520 433 582 ad
454 519 610 581 dilectum
633 517 739 578 tilium
760 515 912 579 abbatem
930 518 1037 580 blari-
1091 514 1151 575 vit.
1173 515 1308 577 Judices
1328 532 1419 589 vero,
1434 517 1543 595 ipsius
1565 520 1789 598 appellatione
1802 541 1885 587 con·
1942 546 1943 549 ¹

241 620 363 683 mentis
376 620 409 680 et
420 617 610 693 conjudices
625 632 715 684 sues,
729 618 844 677 contra
859 615 954 678 bonae
969 632 1038 677 me·
1092 613 1230 689 tempta,
1251 613 1287 674 iu
1307 613 1414 691 ipsum
1434 617 1791 681 excommunicationis
1811 639 1887 685 seu-

240 718 356 781 meriae
395 716 648 777 Laudunensem
687 715 896 792 episcopum,
938 729 1038 791 super
1092 711 1229 773 tentiam
1250 712 1469 788 protulerunt,
1484 731 1505 776 a
1519 732 1585 792 qua
1600 718 1767 779 sententia
1781 719 1886 796 ipsum

240 815 463 896 provisionem
499 830 608 886 suam,
645 813 775 875 litteras
814 812 1035 890 impetrasset,
1092 809 1133 871 ad
1164 810 1329 871 cautelam
1363 811 1463 889 primi
1494 813 1626 890 judices
1661 815 1885 882 absolverunt

240 915 327 977 idem
340 912 515 990 opiscopus
530 912 571 973 ad
586 911 876 974 commonitionem
887 910 1037 988 judicum
1093 908 1187 970 Unde
1207 908 1405 986 supplicavit
1424 910 1520 973 nobis
1542 911 1685 974 clericus
1712 915 1886 992 praedictus

238 1011 484 1091 praedictorum,
518 1009 692 1088 praefatum
728 1009 967 1071 subdiaconum
1000 1008 1037 1071 in
1093 1006 1129 1068 ut
1147 1005 1316 1068 laboribus
1331 1010 1364 1070 et
1378 1010 1534 1086 expensis
1556 1011 1627 1072 suis
1643 1013 1786 1090 paterno
1800 1030 1890 1076 cem-

240 1126 301 1171 sua
326 1107 515 1188 provisione
539 1108 716 1185 recipiens,
740 1109 813 1171 ecte
842 1107 906 1169 sibi
933 1106 1037 1169 libras
1091 1104 1255 1181 patientes
1282 1104 1405 1168 affectu
1435 1107 1472 1168 iu
1504 1108 1646 1171 ecclesia
1675 1111 1887 1174 Laudunensi

239 1208 467 1270 laudunenses
498 1207 697 1283 assignavit,
725 1206 830 1268 denec
862 1206 969 1268 eidem
1003 1206 1037 1267 in
1092 1202 1278 1265 taceremus
1306 1203 1475 1267 eidemin
1502 1208 1704 1284 competenti
1728 1208 1887 1273 beneficio

237 1305 438 1383 competenti
449 1304 612 1367 beneflcio
620 1304 819 1382 provideret.
827 1307 950 1367 Verum
959 1306 1039 1368 tem·
1092 1302 1271 1381 provideri.
1287 1303 1356 1364 Nes
1371 1303 1474 1380 igitur
1496 1321 1554 1382 per
1573 1304 1706 1367 fidelem
1722 1310 1889 1371 narratio-

239 1403 541 1483 poreprocedeute,
565 1420 665 1482 quum
687 1403 811 1481 pluries
836 1420 937 1481 super
959 1419 1039 1481 pro-
1091 1418 1167 1464 nem
1189 1401 1343 1477 magistri
1364 1401 1480 1479 gratiae
1506 1404 1673 1481 capellani
1694 1406 1816 1480 nostri,
1837 1409 1889 1469 cui

239 1502 369 1565 visione
404 1518 464 1564 sua
499 1501 656 1564 obtulerit
681 1518 718 1564 se
747 1502 899 1575 facultas,
929 1501 1036 1564 eidem
1091 1499 1375 1578 ejusdemcleriei
1401 1501 1622 1564 demandato
1648 1504 1766 1566 nostre
1794 1521 1888 1583 super

238 1601 346 1663 noluit
357 1600 543 1679 previdere.
557 1600 650 1662 Unde
661 1600 741 1662 dicti
747 1601 878 1678 judices
890 1601 1037 1679 episcopi
1091 1599 1160 1660 tote
1184 1599 1316 1674 negotio
1338 1599 1485 1660 exhibita
1501 1600 1724 1663 instrumenta
1743 1601 1885 1677 fuerunt,

239 1699 346 1777 ipsius
369 1698 628 1760 inobedientiam
650 1699 868 1771 attendentes
887 1699 1037 1761 eumdem
1092 1696 1280 1759 demeritis
1303 1697 1410 1774 ipsius
1433 1697 1613 1774 diligenter
1635 1699 1808 1770 instructi,
1828 1718 1885 1763 ue·

239 1812 260 1858 a
281 1796 441 1873 potestate
464 1794 657 1858 conterendi
678 1796 840 1858 beneficia
855 1798 1038 1873 suspende-
1092 1794 1198 1856 lentes
1220 1796 1372 1857 eumdem
1386 1796 1545 1857 clericum
1569 1797 1626 1874 qui
1646 1813 1741 1874 spem
1768 1798 1811 1859 de
1832 1815 1887 1861 sua

240 1894 329 1956 runt.
346 1897 452 1966 Quum
476 1896 586 1955 autem
608 1910 669 1971 per
687 1894 819 1955 medum
832 1897 966 1957 vacaret
979 1895 1039 1957 be-
1092 1895 1281 1971 provisione
1305 1894 1457 1971 concepit
1484 1893 1642 1957 frustrari
1671 1896 1803 1958 diutius
1825 1914 1886 1960 suae

239 1993 397 2054 aeficium
417 1988 453 2052 iu
475 1992 616 2054 ecclesia
631 1992 855 2065 Laudunensi,
872 1992 959 2054 idem
975 1996 1036 2071 ju·
1091 1993 1285 2055 intentionis
1317 1992 1453 2065 effectu,
1480 2010 1554 2069 eum
1585 2010 1653 2055 nen
1684 1993 1807 2057 deceat
1833 2012 1886 2057 nes

238 2089 331 2151 dices
366 2090 444 2167 quia
480 2106 660 2167 suspensus
698 2091 771 2153 erat
805 2107 824 2151 a
859 2091 1037 2153 cellatione
1092 2090 1257 2152 dimittere
1287 2090 1512 2168 inexpletum,
1545 2092 1632 2169 quod
1665 2094 1888 2169 praedecessor

238 2187 475 2249 beneficiorum
491 2188 665 2266 episcopus
676 2188 889 2258 memoratus,
900 2205 939 2250 eo
950 2189 1036 2267 quod
1091 2190 1205 2251 nester
1230 2189 1270 2250 de
1298 2188 1370 2266 ipse
1401 2189 1664 2251 misericorditer
1691 2191 1884 2268 inchoatum

239 2287 384 2348 monitus
408 2286 599 2348 multotiens
627 2287 795 2349 antedicto
821 2287 1036 2357 subdiacono,
1092 2287 1285 2350 discretioni
1309 2290 1429 2349 vestrae
1456 2304 1515 2366 per
1541 2288 1733 2364 apostolica
1756 2291 1884 2367 scripta,

239 2400 315 2446 curn
330 2385 502 2461 potuisset,
518 2384 625 2447 noluit
639 2385 815 2462 previdere
828 2384 869 2446 de
887 2385 1036 2462 pruden-
1091 2388 1179 2448 etc...
1194 2385 1280 2463 qued
1300 2387 1329 2447 si
1343 2383 1507 2462 'praetatus
1529 2386 1758 2449 subdiaconus
1776 2389 1818 2449 ad
1831 2388 1886 2449 bec
1942 2384 1943 2387 ’

238 2481 321 2543 tium
348 2482 498 2543 virerum
533 2483 684 2555 consilio,
716 2482 804 2544 idem
839 2483 1036 2545 beneficium
1091 2484 1230 2545 idoneus
1262 2482 1372 2556 tuerit,
1402 2488 1436 2546 et
1468 2484 1694 2547 ecclesiastice
1726 2485 1885 2548 beneficio

237 2580 437 2642 auctoritate
476 2580 539 2641 sibi
578 2580 767 2657 apostolica
809 2581 1035 2651 contuleruut,
1090 2597 1158 2643 non
1172 2580 1339 2675 indiguus,
1365 2582 1401 2643 iu
1422 2582 1536 2659 aliqua
1558 2583 1786 2644 ecclesiarum
1807 2586 1887 2645 Lau-

238 2678 375 2740 stallum
389 2678 540 2740 inchore
562 2681 595 2741 et
611 2679 720 2740 lecum
734 2679 769 2741 in
786 2679 930 2756 capitulo
950 2681 1038 2740 assi·
1091 2679 1236 2753 dunen,
1274 2680 1309 2741 in
1347 2681 1546 2757 competenti
1590 2680 1757 2742 beneflcio
1802 2698 1887 2760 prae-

238 2777 391 2852 gnantes.
421 2777 512 2849 Quod
542 2777 685 2839 ministri
712 2777 858 2856 episcopi
884 2794 923 2839 ee
950 2777 1036 2856 apud
1090 2777 1224 2839 bendali
1257 2778 1320 2839 sibi
1345 2779 1542 2840 auctoritate
1570 2781 1684 2841 nostra
1713 2780 1886 2856 previdere
1942 2858 1943 2865 ἵ

240 2875 419 2935 consilium
431 2876 621 2947 constitute,
638 2875 792 2936 manibus
809 2876 844 2936 in
860 2876 968 2952 ipsum
983 2876 1038 2936 in·
1092 2877 1216 2938 curetis
1233 2876 1273 2937 de
1294 2891 1358 2953 que
1381 2875 1493 2938 valeat
1511 2877 1681 2939 commode
1693 2870 1887 2950 sustentari,

235 2973 337 3049 jectis
362 2973 486 3034 temere
508 2971 679 3045 violentis,
706 2973 929 3050 praetermisso
949 2973 1036 3050 juris
1092 2973 1351 3035 contradictores
1377 2975 1410 3036 et
1433 2973 1574 3036 rebelles
1592 2990 1653 3051 per
1671 2991 1837 3037 censuras
1859 2976 1887 3038 et
1942 2958 1943 3033 s

239 3070 372 3142 ordine,
400 3070 587 3147 spoliarunt
617 3070 652 3130 in
685 3072 907 3148 contemptum
942 3071 1036 3132 Sedis
1092 3070 1314 3148 appellatione
1329 3072 1512 3149 postposita
1530 3074 1785 3149 compescendo.
1803 3072 1886 3146 Quod

237 3166 438 3244 Apostolicee
464 3183 504 3228 ac
529 3167 635 3244 ipsius
659 3167 774 3228 clerici
803 3169 1037 3246 praeJudicium
1091 3170 1120 3230 si
1131 3185 1198 3231 nen
1214 3185 1340 3241 omnes,
1352 3169 1516 3231 etc...due
1526 3186 1652 3242 eorum,
1668 3172 1761 3233 ete...
1775 3174 1887 3233 Datum

239 3280 307 3326 non
324 3263 489 3326 modicum
504 3266 537 3327 et
552 3280 744 3341 gravamen.
759 3268 863 3327 Porro
876 3282 951 3328 cum
966 3267 1038 3328 dio-
1092 3267 1259 3340 Laterani,
1278 3269 1339 3329 llll
1353 3267 1515 3330 kalendas
1535 3269 1660 3342 martii,
1676 3270 1888 3346 pontificatus

239 3362 294 3423 tus
314 3363 457 3425 clericus
471 3365 652 3441 potentiam
667 3364 813 3443 episcopi
830 3352 1035 3439 formidaret,
1091 3366 1198 3430 nostri
1208 3381 1296 3428 anne
1308 3366 1427 3444 primo.

239 3476 338 3523 exeo
353 3462 438 3539 quod
460 3462 640 3540 potentiori
655 3478 716 3540 par
737 3478 810 3524 esse
831 3480 898 3525 nou
913 3465 1034 3542 posset,

239 3561 437 3623 auctoritate
449 3560 600 3637 judicum
622 3561 857 3637 praedictorum
872 3579 945 3624 cum
958 3578 1038 3640 pro-
1382 3597 1590 3685 GCXXVH

237 3658 392 3720 curatore
418 3658 549 3736 praefati
575 3659 737 3737 episcopi,
765 3661 862 3737 quasi
888 3661 1034 3733 coactus,

237 3755 335 3819 <luxit
366 3759 480 3820 taliter
511 3757 787 3835 componendum,
815 3758 901 3836 <1¹10d
928 3760 1036 3837 plima
1088 3772 1142 3832 Ad
1162 3770 1316 3832 abbatem
1330 3769 1363 3830 et
1377 3768 1584 3830 conventum
1596 3768 1719 3828 Sancti
1739 3767 1885 3829 Martini

238 3857 312 3919 ecte
335 3855 496 3917 librarum
519 3856 712 3918 Laudunen.
734 3857 881 3933 provisio
903 3856 1037 3919 deberet
1130 3872 1171 3931 ge
1185 3869 1302 3930 Monte
1322 3865 1879 3936 praerogem,gsstemgemssor.

238 3953 274 4014 iu
303 3970 432 4016 summa
463 3955 576 4016 decem
609 3954 772 4015 librarum
802 3954 1036 4032 parisiensium
1132 3969 1232 4027 αῑηις.

238 4055 459 4127 augmentari,
474 4068 645 4130 quousque
658 4053 723 4130 ipsi
736 4052 857 4114 clerico
868 4051 985 4116 suisset
995 4053 1035 4113 de
1085 4112 1088 4117 ,

237 4147 400 4210 beneflcio
412 4150 530 4224 viginti
545 4149 686 4210 duarum
700 4149 862 4211 librarum
877 4150 1037 4226 parisien·
1374 4148 1409 4207 le
1427 4145 1497 4206 lebr.
1521 4148 1600 4207 latr.

238 4245 324 4305 sium
342 4246 378 4306 in
395 4246 589 4323 episcopatu
612 4246 826 4309 Laudunensi
851 4248 1033 4323 previsum.
1239 4262 1391 4330 [anianum
1403 4263 1564 4317 vaticanum.
1582 4267 1606 4313 t.
1613 4262 1634 4320 1,
1644 4262 1735 4328 pesp.

238 4344 279 4405 nt
312 4343 390 4404 licet
429 4343 701 4421 compositionem
736 4345 844 4422 ipsam
884 4345 1035 4406 officialis

238 4441 386 4520 episcopi
404 4441 574 4504 redactam
588 4442 624 4503 in
638 4442 771 4520 scriptis
795 4443 906 4520 sigillo
920 4443 1037 4506 iecerit
1089 4427 1310 4488 C⁰⁰⁰³⁸⁸l⁰ssem
1335 4425 1574 4498 jurispatronatus
1598 4423 1788 4482 ecelesiastici
1809 4423 1891 4523 belle*

1124 4516 1182 4575 tieii
1198 4518 1228 4574 in
1249 4515 1370 4573 ecclesia
1385 4513 1421 4572 de
1432 4511 1583 4583 llelcham,
1599 4512 1765 4571 plebanae
1776 4512 1887 4585 Angue

239 4540 471 4602 laudunensis
495 4540 597 4601 curiae
624 4541 833 4609 communiri,
856 4541 962 4603 dictus
983 4541 1037 4602 ta-
1611 4601 1627 4614 „
1742 4602 1749 4614 .
1852 4600 1886 4612 ..

1125 4621 1195 4680 rege
1219 4604 1323 4662 lectam
1345 4602 1443 4662 lavere
1462 4609 1629 4659 meuastcru
1653 4602 1752 4660 Sancti
1777 4603 1889 4661 llartuu

159 4744 165 4751 .
239 4654 315 4701 men
331 4639 505 4749 episcopus
518 4654 538 4699 a
552 4638 702 4749 Geuvtilie
715 4638 895 4747 rediensin
908 4637 1035 4699 elusio·
1125 4694 1161 4752 de
1173 4696 1269 4753 Mente
1293 4699 1360 4765 atqu
1361 4707 1378 4748 θ
1386 4690 1422 4749 ab
1437 4691 1605 4749 Innocentio
1617 4692 1659 4749 m
1674 4689 1886 4758 confirmatam,

239 4753 316 4799 nem
344 4737 491 4799 mandatl
523 4735 705 4814 AP⁰⁸t⁰¹¹⁰¹
739 4751 799 4813 per
832 4735 961 4799 meras
993 4735 1035 4797 ad
1126 4797 1201 4841 ueve
1224 4734 1560 4853 corroboratprimlegie‚
1579 4777 1633 4852 (Ex
1648 4779 1769 4837 Archiv.
1791 4780 1888 4852 Apest.

240 4835 453 4911 praepositum
476 4832 751 4896 Suessionensem
767 4832 800 4894 ot
818 4847 896 4893 suos
918 4834 1037 4909 cenJu-
1125 4871 1218 4934 vatic.
1249 4870 1279 4926 in
1309 4870 1414 4940 Rem·
1439 4868 1465 4925 L
1488 4866 1607 4925 Honori,
1628 4868 1681 4925 HL
1701 4869 1796 4941 Epist.
1827 4866 1888 4935 ²⁷⁸,

240 4931 331 4992 dices
352 4931 557 5007 impetratas,
572 4946 657 5007 pene
674 4930 801 4991 nullam
820 4928 979 4991 iacientes
994 4930 1035 4991 de
1126 4959 1173 5019 [01.
1185 4957 1244 5033 37).

240 5043 399 5107 processu
420 5029 546 5104 negotii
566 5028 780 5100 mentionem,
803 5027 912 5105 ipsum
932 5028 1037 5091 traxit

240 5127 276 5188 in
300 5141 435 5187 causam
456 5125 631 5186 intendens
654 5126 722 5187 tam
745 5127 853 5202 prima
868 5141 966 5203 quam
982 5143 1037 5187 se-
1130 5120 1298 5184 Honorius
1308 5119 1484 5197 episcopus
1494 5132 1623 5190 servus,
1632 5114 1891 5185 serverumlleb

241 5224 350 5287 cunda
371 5222 562 5299 provisione
583 5222 706 5284 dictum
728 5223 887 5284 clericum
902 5221 1037 5284 detrau-
1091 5220 1220 5282 dilectis
1255 5218 1333 5278 filiis
1365 5214 1477 5278 abbati
1504 5215 1538 5276 et
1562 5215 1740 5277 couventui
1776 5214 1890 5277 Sancti

239 5322 331 5384 dare.
353 5322 515 5382 Caeterum
531 5336 630 5396 quum
652 5320 753 5383 iidem
770 5320 901 5399 judices
918 5320 1034 5396 legiti-
1089 5317 1227 5379 Martini
1241 5316 1282 5376 de
1296 5313 1407 5376 Mo'nte
1416 5311 1612 5384 viterbien,
1625 5312 1823 5374 Cistercieu.
1840 5326 1891 5372 or·

239 5435 314 5481 mas
328 5417 540 5495 exceptiones
559 5416 707 5496 ejusdem
729 5418 842 5479 clerici
861 5417 1036 5480 admittere
1091 5415 1193 5488 dinis,
1214 5412 1356 5475 salutem
1380 5412 1413 5473 et
1435 5409 1658 5487 apostolicam
1683 5408 1890 5471 benedictio-

241 5518 445 5588 recusarent,
478 5532 578 5594 quum
615 5532 718 5591 penes
751 5516 875 5593 primes
898 5515 1035 5593 ¹judices
1091 5528 1178 5575 nem.

238 5611 429 5684 jurisdictio
452 5612 624 5685 resideret,
639 5613 730 5675 iniis
745 5611 868 5675 etaliis
888 5613 1035 5676 sentiens
1130 5609 1233 5673 iustis
1257 5606 1439 5687 petentium
1467 5604 1644 5668 desideriis
1678 5604 1818 5682 dignum
1840 5604 1889 5666 est
