3946 6196
118 283 185 344 aaa
760 236 992 347 isersroum.
1016 286 1095 347 nra.
1120 284 1145 347 1.
1719 292 1787 352 aaa

120 441 257 519 gentius
282 439 501 514 attendentes
519 457 579 503 vos
594 442 626 504 et
646 441 754 503 locum
777 446 925 506 restrum
980 444 1156 508 ecclesiam
1170 447 1315 509 vestram
1329 447 1550 524 personaliter
1569 449 1780 521 accedentes,

119 542 155 601 et
173 539 355 601 ecclesiam
373 556 472 616 quam
486 539 584 602 beato
598 541 706 612 Petro,
733 542 766 603 et
781 541 877 603 nobis
892 543 925 603 et
980 540 1137 606 dilectum
1151 544 1257 606 fllium
1271 547 1434 607 loannem
1445 545 1536 607 Petri
1549 546 1670 608 Leonis
1694 546 1778 606 sub-

121 640 285 699 Romanae
304 637 462 698 Ecclesiae
483 636 659 705 obtulistis,
678 654 753 699 curn
771 639 924 700 omnibus
979 639 1154 702 diaconum
1188 643 1355 715 nostrum,
1388 645 1542 720 nepotem
1576 644 1689 706 dilecti
1718 644 1780 704 lilii

121 734 232 808 bonis,
250 751 325 812 quae
338 735 495 812 praedicta
516 734 663 796 ecclesia
675 738 710 797 in
725 738 924 813 praesentia·
980 738 1151 811 (luidonis
1180 742 1212 800 S.
1240 740 1371 802 Nicolai
1399 741 1435 801 in
1464 757 1599 802 carcere
1625 742 1779 802 Tulliano

121 834 925 910 rumjusteetlegitimepossidet,autiniuturum
980 836 1112 897 diaconi
1136 837 1238 908 card,
1253 839 1372 899 vestris
1396 840 1429 900 et
1452 839 1565 916 populi
1594 839 1779 900 Placentini

117 930 221 1007 ¹iustis
243 930 352 992 modis
376 932 443 992 Deo
470 930 612 1008 propitio
634 932 754 1008 poterit
772 932 923 1010 adipisci,
979 932 1067 995 votis
1083 934 1285 995 unanimiter
1295 936 1580 1006 concurrentibus,
1592 935 1686 996 vobis
1702 951 1781 1011 pro-

123 1027 185 1089 sub
199 1028 292 1090 beati
300 1029 392 1090 Petri
402 1030 436 1089 et
448 1029 560 1090 nostra
571 1029 775 1106 protectione
788 1030 927 1107 suscipi·
979 1030 1137 1093 viderunt
1149 1031 1186 1092 in
1198 1032 1401 1110 episcopum,
1415 1034 1448 1093 et
1457 1035 1635 1108 pastorem.
1644 1034 1780 1095 Gratum

122 1141 210 1196 mus,
228 1126 263 1187 et
273 1126 448 1203 presentis
460 1126 575 1203 scripti
588 1127 773 1203 patrocinio
784 1143 927 1189 commu·
980 1127 1142 1204 siquidem
1181 1130 1339 1205 gerimus,
1363 1131 1396 1191 et
1418 1131 1537 1192 restrae
1553 1130 1779 1206 circumspec-

122 1222 248 1284 nimus.
266 1222 455 1285 statuentes
468 1223 656 1286 utecclesia
666 1226 777 1287 vestra
792 1241 851 1287 seu
866 1241 925 1288 vos
979 1224 1079 1287 tionis
1093 1226 1303 1304 prudentiam
1318 1227 1599 1299 commendamus,
1617 1228 1702 1304 quod
1718 1226 1779 1287 de-

123 1320 188 1398 ipsi
202 1319 335 1381 nullius
354 1321 596 1399 archiepiscopi
615 1321 668 1383 vel
690 1323 849 1399 episcopi,
868 1324 927 1385 aut
980 1322 1157 1386 siderando
1169 1325 1365 1402 praedietum
1384 1324 1623 1403 subdiaconum
1643 1324 1779 1401 episco-

123 1418 271 1494 alicujus
281 1418 517 1481 ecclesiasticae
532 1435 693 1496 personae,
705 1421 924 1497 praeterquam
980 1435 1055 1482 cum
1082 1423 1230 1484 vestrum
1258 1438 1348 1495 esse,
1375 1423 1568 1485 ostendistis
1594 1422 1780 1485 denotionis

124 1515 269 1578 Romani
290 1515 454 1592 pontilicis
473 1516 700 1594 jurisdictioni
724 1517 871 1580 debeatis
889 1520 924 1580 in
980 1517 1146 1592 affectum,
1163 1520 1250 1597 quod
1267 1521 1301 1581 in
1321 1520 1429 1597 ipsum
1445 1520 1569 1582 habere
1596 1520 1781 1581 credamini

123 1614 296 1689 posterum
314 1612 499 1691 subjacere,
515 1613 589 1676 sive
604 1614 638 1675 in
654 1615 766 1692 aliquo
781 1632 925 1694 respon·
980 1616 1184 1677 cardinalem
1201 1638 1208 1677 :
1225 1618 1269 1689 et,
1285 1634 1343 1694 per
1357 1618 1431 1691 boc,
1448 1619 1557 1694 ipsum
1567 1633 1607 1679 ac
1619 1634 1709 1689 suos,
1723 1617 1782 1694 qui

125 1711 215 1772 dere.
246 1710 296 1772 Ad
329 1710 491 1772 indicium
517 1712 627 1774 autem
660 1712 760 1791 hujus
792 1729 812 1774 a
842 1714 925 1776 Sede
980 1712 1177 1790 multiplicia
1187 1715 1326 1791 possunt
1336 1715 1594 1792 vobisobsequia
1605 1714 1777 1785 exhibere,

125 1808 317 1885 Apostolica
341 1810 504 1887 perceptae
529 1808 703 1883 libertatis
731 1812 799 1873 tres
822 1811 927 1872 libras
979 1810 1022 1871 ad
1043 1810 1255 1872 dilectionem
1280 1812 1426 1873 vestram
1452 1812 1577 1873 arctius
1590 1811 1777 1887 obligastis.

125 1922 211 1968 cerae
227 1906 325 1967 nobis
344 1907 533 1984 nostrisque
555 1907 803 1969 successoribus
827 1909 925 1970 annis
979 1908 1113 1979 Verum,
1130 1908 1291 1984 quiajam
1305 1908 1392 1970 dicto
1407 1908 1612 1970 subdiacono
1634 1907 1777 1984 expedit,

125 2002 269 2080 singuiis
302 2004 510 2082 persolvetis,
541 2004 766 2077 Decernimus‚
797 2007 858 2068 etc.
890 2007 925 2067 Si
980 2003 1112 2065 etdioto
1128 2004 1302 2077 cardinali,
1328 2006 1471 2082 aliisque
1499 2005 1616 2067 amicis
1631 2005 1779 2082 ejusdem

125 2101 199 2178 quis
214 2102 339 2174 autem,
354 2102 442 2163 etc...
457 2102 574 2163 Datum
585 2102 765 2164 Beneventi
778 2105 837 2164 Vll
851 2103 924 2164 idus
981 2100 1175 2163 subdiaconi
1200 2101 1319 2178 placet,
1339 2105 1375 2165 ut
1396 2103 1506 2164 adhuc
1526 2102 1660 2164 insistat
1680 2102 1780 2163 sciro-

125 2199 278 2275 ltugusti.
296 2200 366 2260 Nos
386 2199 489 2269 mian·
503 2199 653 2276 praedicti
668 2200 924 2277 praedecessoris
979 2197 1106 2260 laeticia
1124 2198 1321 2275 disciplinis,
1337 2199 1523 2276 praesertim
1539 2215 1614 2261 cum
1629 2198 1670 2260 ad
1686 2198 1720 2260 id
1735 2198 1780 2261 sit

126 2296 231 2357 nostri
253 2296 404 2372 vestigiis
426 2295 645 2369 inhaerentes,
671 2312 730 2359 vos
755 2299 788 2360 et
815 2299 924 2358 locum
980 2297 1061 2359 aetas
1075 2296 1206 2368 idonea,
1230 2296 1420 2373 hujusmodi
1437 2312 1536 2358 onus·
1550 2295 1614 2357 sibi
1629 2296 1670 2357 ad
1686 2310 1778 2372 praa-

126 2394 335 2465 vestrumst
356 2393 622 2455 ecclesiamcum
648 2393 801 2455 omnibus
815 2395 922 2466 bonis,
979 2410 1056 2457 sens
1069 2410 1137 2455 non
1149 2393 1353 2471 providimus
1373 2394 1617 2470 imponendum.
1635 2393 1778 2469 Ideoque

126 2504 198 2566 quae
206 2490 367 2567 praedicta
377 2491 518 2552 ecclesia
528 2491 828 2567 impraesentiarum
835 2493 925 2570 juste
979 2491 1172 2554 discretioni
1197 2493 1317 2553 vestrae
1348 2507 1408 2568 per
1435 2491 1626 2568 Apostolica
1655 2490 1779 2566 scripta

126 2602 165 2647 ac
185 2587 326 2664 pacifice
348 2588 505 2665 possidet,
528 2589 635 2649 autin
658 2588 805 2650 futurum
824 2589 924 2666 Justis
980 2587 1185 2660 mandamus,
1202 2589 1364 2665 quatenus
1379 2587 1468 2649 inira
1486 2587 1676 2664 quindecim
1693 2586 1777 2659 dies,

127 2684 232 2745 modis
259 2687 327 2746 ileo
358 2686 500 2763 propitio
527 2686 648 2763 poterit
679 2686 831 2763 adipisci,
863 2686 924 2746 sub
979 2686 1053 2761 post
1066 2685 1309 2762 susceptionem
1330 2684 1583 2761 praesentiarum
1599 2701 1674 2745 cum
1698 2700 1780 2746 con-

126 2781 213 2843 beati
224 2781 316 2844 Petri
327 2783 361 2845 et
370 2785 486 2845 nostra
497 2784 701 2860 protectione
712 2784 923 2860 suscipimus,
979 2782 1055 2847 silio
1077 2781 1227 2859 praedicti
1248 2781 1388 2853 abbatis,
1419 2797 1597 2858 personam
1622 2780 1777 2842 idoneam

126 2882 159 2941 et
179 2880 355 2957 praesentis
381 2880 499 2957 scripti
526 2881 712 2958 patrocinio
741 2881 926 2941 communi-
979 2879 1072 2941 vobis
1084 2880 1249 2941 canonice
1262 2879 1297 2940 in
1308 2879 1500 2955 episcopum
1516 2877 1660 2953 eligatis.
1685 2877 1779 2939 Alio-

128 2993 209 3037 mus.
229 2978 433 3049 statuentes,
449 2977 635 3039 utecclesia
648 2978 771 3049 vestra,
795 2994 854 3039 seu
865 2994 925 3039 vos
980 2976 1059 3053 quin
1074 2977 1204 3055 aliquos
1223 2978 1369 3037 vestrum
1384 2976 1458 3037 vice
1475 2975 1622 3036 omnium
1637 2975 1679 3035 ad
1694 2990 1778 3035 nos-

128 3073 189 3149 ipsi
204 3073 331 3134 nullius
346 3073 590 3151 archiepiscopi
612 3073 665 3134 vel
685 3073 843 3151 episcopi,
868 3074 926 3136 aut
978 3075 1064 3137 tram
1074 3074 1247 3136 destinetis
1262 3072 1486 3150 praesentiam,
1503 3075 1540 3134 ut
1560 3088 1620 3149 por
1631 3088 1688 3134 eos
1703 3087 1779 3133 cum

13 3180 14 3197 ³
127 3170 269 3250 alicujus
283 3170 519 3234 ecclesiasticae
534 3173 925 3249 personae,praeterquam
980 3172 1121 3234 consilio
1140 3172 1255 3234 nostro
1265 3173 1384 3233 vestrae
1399 3171 1614 3249 provideatur
1628 3169 1779 3232 eeclesiae

127 3269 268 3330 Romani
288 3268 453 3346 pontificis
471 3269 697 3347 jurisdictioni
723 3268 870 3331 debeatis
889 3270 924 3329 in
979 3269 1020 3331 da
1045 3285 1198 3347 persona,
1222 3286 1296 3346 qnae
1321 3269 1412 3330 tanto
1437 3270 1600 3343 congruat
1625 3268 1721 3329 oneri
1746 3267 1780 3328 et

126 3368 295 3444 posterum
310 3365 494 3444 subjacere,
512 3368 582 3427 sire
597 3367 632 3427 in
647 3367 760 3444 aliquo
781 3383 924 3443 respon·
980 3367 1110 3429 honori.
1126 3369 1246 3428 ilatum
1262 3366 1433 3442 Anagniae,
1451 3367 1481 3427 ll
1493 3367 1567 3427 idus
1578 3365 1679 3444 J'unii,
1690 3380 1779 3441 pon-

13 3514 14 3517 ,
126 3463 215 3537 dere,
233 3464 328 3526 salva
343 3462 531 3526 obedientia
547 3465 579 3526 et
593 3464 780 3525 reverentia
795 3464 927 3525 Camal-
980 3464 1125 3527 tilicatus
1139 3463 1243 3525 nostri
1257 3479 1344 3523 armo
1361 3462 1478 3540 primo.

13 3782 14 3799 ,
127 3758 194 3818 tres
212 3756 318 3818 libras
347 3773 432 3818 cerae
457 3756 565 3839 nobie,
587 3757 774 3833 nostrisque
793 3772 927 3818 succes-

13 3874 14 3877 *
127 3852 256 3916 somnus
288 3856 385 3916 annis
418 3854 560 3931 singulis
593 3854 801 3931 persolvetis.
833 3853 925 3915 Nulli

13 3624 14 3639 χ
126 3561 275 3623 dulensis
295 3563 398 3623 eremi
420 3561 542 3623 debita.
565 3560 614 3623 Ad
634 3561 794 3623 indicium
815 3562 925 3623 autern

128 3658 225 3738 hujus
240 3664 405 3738 perceptas
420 3676 440 3720 a
456 3660 539 3721 Sede
553 3660 742 3735 apostolica
763 3659 925 3721 libertatis
1252 3649 1507 3736 CCCXXXIX

1040 3804 1092 3863 Ad
1105 3804 1274 3862 loannem
1293 3800 1497 3860 abbatemet
1513 3798 1720 3860 conventam

1254 3897 1503 3957 Sublacenaem.

1275 4017 1309 4076 ld
1325 4016 1399 4092 junii
1415 4017 1495 4074 tarr.

1031 4124 1177 4187 «liberant,
1186 4122 1349 4189 Spicilegium
1361 4121 1531 4181 tiberianum,
1542 4137 1568 4188 p.
1581 4120 1637 4180 lit,
1649 4135 1674 4171 n.
1684 4120 1724 4186 a]

376 4186 671 4332 CCCXXXVIH
979 4232 1220 4305 Compositionem
1241 4231 1315 4288 luter
1335 4229 1495 4289 iohannem
1515 4228 1647 4287 abbatam
1664 4235 1778 4330 eteoc-

1014 4328 1131 4379 vantum
1150 4319 1341 4378 Sublaceoses
1356 4333 1391 4376 ex
1406 4325 1486 4391 parte
1500 4333 1557 4376 una
1572 4325 1601 4376 et
1614 4321 1649 4377 N.
1666 4333 1778 4391 episco-

190 4397 244 4459 Ad
257 4399 388 4459 Olmii
403 4395 437 4456 θῑ
449 4399 612 4468 POWlum
626 4393 855 4456 Plasseiitmffl·
1015 4424 1083 4483 pum
1097 4409 1311 4482 capitulumque
1329 4407 1490 4465 Tiburtinos
1508 4422 1545 4464 ex
1559 4408 1647 4469 altera
1664 4404 1780 4477 iactam,

430 4508 446 4565 7
458 4507 532 4581 junii
547 4506 627 4565 1217.
1015 4497 1174 4556 confirmat.

281 4613 401 4679 {Uthiffir
416 4612 492 4664 Μὴ
503 4626 584 4672 ”⁰¹⁸¹
598 4617 618 4662 i·
630 4613 649 4671 ¹›
665 4627 691 4677 Ρ·
701 4610 770 4675 ’0θᾶ
1018 4624 1186 4687 Honorius
1197 4625 1383 4700 episcopus,
1394 4636 1694 4684 servusiservorum
1705 4623 1777 4693 Dei,
1845 4618 1848 4631 '

131 4722 176 4779 bis
190 4721 308 4779 mandat
321 4728 351 4779 ut
366 4718 439 4778 inira
458 4719 491 4777 lb
506 4718 567 4777 dies
581 4733 646 4777 cum
661 4717 781 4777 coneilio
795 4715 925 4790 praedicti
980 4721 1110 4783 dilectis
1138 4720 1218 4781 filiis
1241 4720 1363 4782 ,Ioanni
1392 4717 1503 4780 abbati
1532 4718 1566 4779 et
1600 4718 1780 4779 conventui

163 4811 273 4869 illibatis
284 4824 437 4883 personam
447 4807 580 4866 idoneam
592 4807 646 4865 bibl
661 4806 801 4864 canonice
812 4807 842 4863 in
853 4806 926 4879 epis·
980 4816 1191 4888 Sublagfflgj‚
1216 4816 1358 4877 salutem
1377 4817 1412 4875 gt
1430 4812 1647 4889 apostolicam
1672 4813 1779 4876 bene.

161 4915 265 4973 capum
281 4899 401 4972 eligant.
980 4913 1170 4977 dodonem.

13 5062 14 5071 ,
166 5016 334 5078 Honorius
373 5013 559 5092 episcopus,
591 5026 709 5075 servus
753 5026 923 5073 servorum
1021 5014 1128 5084 Quum
1141 5009 1440 5079 interitomanum,
1459 5007 1624 5084 quondam
1649 5009 1780 5086 praede·

13 5106 14 5169 ἴ
129 5115 197 5187 Dei,
213 5116 277 5176 etc.
980 5123 1145 5170 cessorem
1160 5106 1263 5173 tuum,
1275 5105 1324 5165 illi
1338 5104 1453 5177 abbas,
1466 5106 1499 5167 et
1509 5121 1567 5167 vos
1583 5107 1775 5178 conventus,

166 5214 216 5274 Ex
235 5209 357 5285 litteris
385 5207 587 5271 venerabilis
610 5206 721 5271 fratris
740 5206 847 5269 nostri
869 5222 926 5267 ar·
979 5206 1131 5282 exparte
1153 5220 1231 5276 una,
1249 5205 1281 5265 et
1301 5202 1527 5267 venerabilem
1539 5204 1676 5265 fratrem
1694 5217 1776 5264 nos-

129 3966 217 4028 ergo,
232 3954 296 4014 eto.
318 3953 390 4014 Dat.
408 3952 569 4028 Anagniae
591 3954 650 4013 v11
670 3951 716 4013 id.
739 3950 828 4029 junii
843 3965 926 4028 pon-

129 4049 272 4112 tificatus
287 4050 394 4112 nostri
409 4065 497 4111 auno
512 4049 631 4127 primo.

13 5356 15 5367 ,
129 5308 332 5386 chiepisccpi
342 5305 533 5377 lanuansis,
551 5307 584 5366 et
596 5305 707 5366 dilecti
724 5303 785 5364 iiiii
798 5303 925 5365 abbatis
979 5304 1067 5364 trum
1082 5303 1123 5363 N.
1140 5301 1341 5378 episcopum,
1363 5301 1396 5362 et
1415 5289 1552 5361 dilectos
1577 5299 1663 5359 illios
1679 5301 1775 5375 capi-

130 5406 168 5469 de
193 5404 363 5473 columba,
390 5404 422 5465 et
446 5403 577 5473 vestris,
602 5401 836 5478 perpendimus
851 5401 925 5463 evi·
978 5400 1084 5462 tulum
1107 5398 1316 5460 Tiburtinum
1342 5413 1385 5459 ex
1408 5398 1525 5468 altera,
1541 5396 1776 5458 ,controversia

129 5502 253 5575 denter,
271 5500 357 5579 quod
371 5499 653 5576 archiepiscopus,
667 5499 700 5558 et
719 5496 821 5559 abbas
839 5513 927 5573 prae-
979 5498 1164 5559 rerteretur
1174 5511 1274 5572 super
1286 5493 1466 5572 episcopali
1472 5496 1559 5569 jure,
1572 5493 1656 5570 quod
1669 5493 1775 5555 dictus

131 5600 218 5674 dicti,
230 5600 329 5679 juxta
350 5596 496 5687 mandati
516 5595 697 5674 apostolici
712 5594 862 5668 sormam,
884 5595 925 5657 ad
979 5595 1152 5672 episcopus
1161 5592 1350 5670 requirebat
1361 5591 1401 5675 ab
1413 5590 1564 5655 ecclesiis
1580 5591 1775 5654 monasterii
