3928 6200
194 338 249 399 111

235 499 341 569 Quum
353 496 483 558 dicatur
494 496 766 559 nohisahomino
774 512 834 574 per
846 499 991 575 prophe-

194 596 273 666 tam,
295 598 422 665 Clamo,
445 611 489 657 ue
509 610 632 669 cesses,
657 599 757 669 quasi
774 597 854 658 luha
872 598 991 659 ceolla

105 728 108 733 >
195 694 232 752 tu
259 693 464 766 fortitudine
502 708 619 754 ccccm
652 694 748 755 telum
784 692 843 773 (1),
880 697 991 756 tacere

195 790 314 851 amodo
327 805 393 851 non
413 789 580 863 debemus
605 791 641 853 ut
663 791 704 852 ad
726 791 842 869 praelia
859 792 991 854 Domini

195 886 378 964 praelianda
393 878 595 951 'christianos
606 888 727 950 milites
738 889 989 967 compellamns3

195 999 272 1044 nam
285 1000 387 1061 prope
400 986 450 1046 est
466 986 501 1047 ut
515 987 628 1048 veniat
642 986 771 1063 tempus
781 1001 911 1064 pugnae,
926 1003 991 1064 quo

196 1084 269 1143 Rex
283 1086 396 1144 noster
415 1084 547 1145 divinus
571 1085 766 1146 Dominator
790 1102 859 1147 sure
882 1085 990 1147 erucis

195 1178 356 1240 uexillum
369 1181 522 1257 explicet,
539 1182 586 1253 ut,
603 1199 663 1243 suo
681 1184 879 1257 congregato
892 1196 993 1243 exer-

196 1276 311 1337 cituin
326 1278 515 1340 manuforti
530 1280 563 1341 et
579 1280 712 1341 extento
728 1279 876 1351 brachio,
893 1279 993 1340 dimi·

196 1374 248 1436 cet
267 1376 384 1438 contra
408 1377 519 1439 hostes
541 1377 582 1437 ad
604 1377 789 1439 faciendam
812 1377 992 1439 vindictam

197 1473 232 1534 in
243 1473 720 1551 nationibusblasphemorum,
737 1475 792 1553 qui
807 1476 993 1538 Jerusalem

197 1574 344 1633 nostram
359 1573 516 1649 inclytam
529 1573 696 1635 civitatem
711 1574 746 1633 in
762 1573 874 1651 populi
887 1572 993 1633 chris·

197 1669 281 1730 tiani
297 1669 509 1748 opprobrium
533 1688 593 1732 sua
616 1687 652 1732 se
668 1671 825 1749 jactitant
845 1671 993 1732 detinere

199 1767 392 1831 fortitudine
406 1770 611 1845 occupatam.
629 1768 786 1831 Videntes
806 1770 917 1846 itaque
935 1769 994 1830 Dei

200 1866 379 1941 potentiam
403 1867 583 1939 venientia,
606 1883 721 1928 rocem
746 1867 937 1928 extollimus
962 1867 996 1927 et

200 1963 382 2024 clamamus
396 1966 432 2026 ut
444 1964 550 2025 eidem
562 1964 693 2025 obviam
708 1965 907 2038 occurratis3
918 1979 996 2040 quo·

200 2061 302 2132 uiam,
327 2062 389 2122 etsi
404 2061 465 2120 filii
487 2061 590 2122 alieni
611 2061 652 2122 ad
665 2062 794 2138 tempus
815 2077 996 2138 occupare·

202 2158 269 2219 rint
290 2160 363 2234 ejus
388 2174 537 2232 regnum,
563 2158 773 2233 exigentibus
795 2157 901 2234 culpis
923 2173 997 2219 nos·

200 2254 272 2325 tris,
291 2253 361 2331 ipse
380 2256 492 2317 tamen
504 2257 555 2318 est
568 2256 602 2317 in
617 2256 720 2317 lsrael
742 2255 862 2334 populo
874 2271 997 2331 regna·

200 2353 306 2419 turus,
340 2352 397 2429 qui
430 2356 544 2415 nostra
576 2353 717 2415 crimina
750 2353 912 2429 sanguine
935 2369 996 2414 suo

202 2450 294 2511 lavit.
318 2451 394 2511 Fuit
408 2451 495 2511 euim
516 2451 677 2513 hactenus
694 2450 910 2527 dispositione
925 2466 998 2527 pro·

201 2547 278 2608 uida
305 2548 503 2620 ordinatum,
531 2550 577 2620 ut,
608 2549 685 2609 dum
712 2549 778 2609 iter
808 2547 998 2625 peregrina·

202 2645 303 2707 tionis
326 2646 476 2722 arripere
500 2646 806 2722 crucesignatorum
832 2646 997 2707 exercitus

201 2744 411 2805 retardarent
427 2759 540 2816 nauca,
563 2760 656 2805 arma
671 2746 704 2805 et
725 2744 793 2805 alia
808 2742 998 2804 necessaria

202 2844 419 2919 pararentur;
436 2842 493 2902 sed
507 2858 595 2914 ecce,
611 2841 664 2902 bis
679 2842 832 2903 omnihus
853 2857 912 2917 pro
926 2856 999 2901 ma-

198 2941 266 3017 jori
296 2941 390 3017 parte
413 2941 550 3016 paratis,
576 2940 811 3001 transfretandi
834 2939 997 3001 terminus

204 3037 447 3115 appropinquat
474 3038 509 3098 in
546 3053 642 3098 sacro
674 3036 823 3111 generali
851 3035 998 3097 Concilio

204 3135 413 3205 constitutus,
431 3134 487 3211 qni
507 3151 574 3195 non
601 3133 696 3196 debet
721 3134 863 3210 amplius
887 3148 1000 3210 proro-

204 3233 289 3308 gari.
306 3233 367 3292 Eia
385 3231 498 3307 igitur,
525 3233 647 3293 sumite
662 3248 768 3304 arma,
783 3231 867 3305 riri3
890 3230 999 3291 acuite

205 3328 333 3404 gladios
356 3328 564 3402 festinanter,
594 3329 716 3390 milites
740 3328 927 3400 christiani,
951 3328 998 3398 ut,

205 3426 402 3488 adveniente
433 3428 581 3503 tempore
607 3426 753 3504 passagii
775 3426 941 3502 generalis
965 3426 1000 3487 in

205 3522 344 3601 praefato
360 3523 506 3585 Concilio
517 3525 683 3597 denotmo,
696 3524 808 3585 divino
823 3523 1001 3586 comitante

207 3621 345 3693 auxilio,
358 3621 592 3694 transfretetis,
615 3623 658 3693 et,
684 3623 883 3698 congregato
903 3637 1002 3683 exer-

208 3720 286 3792 citu,
308 3720 493 3797 sequamini
509 3722 632 3795 Regem
650 3720 736 3793 coeli,
753 3723 848 3797 cujus
862 3735 922 3781 ros
936 3719 1000 3780 ob-

207 3817 322 3894 sequio
335 3818 530 3891 devovistis
545 3818 684 3880 firmiter
695 3817 908 3888 confidentes
924 3817 1001 3894 quia

208 3916 279 3992 ipse
294 3916 349 3993 qui
370 3932 465 3976 suum
476 3916 625 3977 traduxit
639 3916 797 3994 populum
814 3930 874 3993 per
888 3915 1003 3977 deser-

207 4015 296 4085 tum,
318 4013 427 4074 salvos
446 4013 601 4075 uidelicet
621 4014 700 4075 fecit
718 4012 869 4074 homiues
897 4014 929 4074 et
945 4015 1004 4090 ju-

208 4112 330 4182 menta,
353 4113 386 4172 et
404 4128 474 4181 ros,
499 4111 526 4170 si
547 4127 622 4170 eum
644 4111 748 4171 secuti
767 4110 897 4171 fueritis
919 4126 1002 4187 puro

208 4207 318 4277 corde,
338 4224 404 4267 non
419 4207 525 4267 solum
539 4207 638 4268 faciet
652 4207 868 4283 triumphare,
887 4223 1002 4268 rerum

209 4303 308 4364 etiam
319 4303 411 4382 regio
425 4303 595 4364 coronabit
605 4303 791 4364 diademate
799 4303 873 4381 post
885 4303 1004 4364 trium-

210 4400 322 4477 pllllm.

249 4498 298 4560 Ad
314 4498 397 4569 haec,
412 4514 512 4574 quum
524 4498 708 4559 venerabili
724 4499 818 4559 fratri
834 4498 946 4559 nostro
963 4496 1002 4577 (·)

209 4596 349 4674 'l'yrensi
362 4596 613 4673 archiepiscopo
626 4597 814 4657 dederimus
825 4597 861 4657 in
871 4596 1004 4657 manda-

99 4706 102 4711 '
209 4697 252 4757 tis
268 4696 375 4757 utros
391 4694 477 4756 adid
494 4697 627 4756 moneat
648 4695 681 4756 et
699 4695 846 4767 inducat,
863 4695 1003 4755 unirer-

211 4794 302 4855 sitati
317 4796 435 4855 vestrae
451 4810 510 4870 per
521 4793 710 4871 Apostolica
731 4793 853 4870 scripta
866 4792 1006 4853 manda-

211 4906 285 4952 mus
311 4893 473 4968 quatenus
506 4891 613 4952 eidem
650 4891 846 4968 praedicanti
868 4889 1004 4951 verbum

211 4989 342 5051 Domini
366 5005 426 5065 pro
453 5005 613 5051 succursu
636 4992 747 5049 Terrae
773 4991 913 5060 Sanctae,
935 4990 1006 5049 tan·

212 5102 309 5163 quam
338 5086 426 5146 fideli
458 5086 590 5157 nuncio,
623 5086 738 5147 devote
771 5102 809 5146 ac
836 5085 1006 5145 humiliter

212 5182 403 5245 intendatis.
429 5184 548 5244 Datum
581 5184 706 5254 Romae,
734 5183 823 5260 apud
849 5183 1005 5244 Sanctum

213 5282 464 5349 l’etrumnonis
475 5279 669 5349 decembris,
680 5280 1006 5358 pontificatusnostri

172 5406 175 5412 ·
213 5378 432 5457 annoprim0.

252 5520 293 5585 (ll
314 5524 364 5585 ls,
378 5535 441 5592 cap.
458 5535 535 5581 artu,
552 5535 578 5576 v.
597 5523 619 5575 l.

250 5594 285 5659 Γ)
307 5593 425 5648 struunt.

718 378 729 403 t
813 340 989 401 llorloall
1011 343 1056 403 111
1077 342 1227 403 OPERA.

1357 509 1531 598 LXXXV

1105 716 1158 774 Ad
1172 713 1433 777 Clstcrclcuscm
1449 717 1483 777 ct
1497 719 1781 782 clarevallensem

1366 815 1514 876 abbates.

1347 926 1442 986 tideo.
1459 928 1537 987 lale.

1094 1049 1202 1113 [liegest.
1218 1048 1263 1100 lib.
1276 1049 1296 1107 1,
1314 1049 1388 1114 epist.
1401 1050 1483 1102 83.-
1493 1053 1620 1118 bouquet,
1636 1053 1742 1106 Recneil
1752 1055 1798 1107 du

1256 1128 1402 1190 historiens,
1416 1137 1436 1180 t.
1447 1131 1513 1192 xlx,
1524 1145 1551 1197 p.
1563 1133 1631 1198 elul.

1047 1280 1162 1339 blundel
1179 1279 1308 1339 Pontifex
1327 1288 1358 1339 ul
1374 1280 1535 1357 Philippum
1549 1298 1649 1358 regern
1664 1285 1770 1345 adeant
1791 1286 1846 1357 ilh',

1082 1377 1275 1442 moneantque
1296 1371 1360 1428 rice
1379 1385 1431 1430 sua
1444 1380 1477 1431 ut
1500 1373 1548 1431 ille
1568 1373 1711 1432 condonet
1729 1377 1848 1461 pupillis

1082 1458 1148 1517 tiliis
1162 1458 1274 1533 hugliae
1295 1461 1373 1534 regis
1388 1461 1490 1519 delicta
1516 1464 1615 1534 patris,
1634 1469 1723 1536 utque
1748 1464 1845 1522 Ludo·

1082 1550 1164 1605 vicus
1176 1548 1250 1605 tilius
1265 1548 1328 1622 ejus
1339 1558 1433 1607 cesset
1446 1550 1482 1608 ab
1497 1551 1644 1609 inferendo
1666 1553 1738 1626 ipsis
1757 1553 1848 1624 bello,

1084 1651 1121 1693 ne
1134 1651 1238 1695 manus
1252 1653 1320 1695 suas
1334 1640 1363 1695 in
1383 1639 1477 1713 ipsum
1503 1654 1627 1713 gravare
1645 1650 1768 1715 cogatur
1784 1644 1848 1700 lio·

1084 1740 1191 1783 nortus.

1089 1863 1255 1923 Honorius
1270 1863 1445 1941 episcopus
1447 1907 1520 1937 ......
1542 1865 1674 1927 dilectis
1685 1866 1765 1927 filiis
1780 1869 1852 1929 Cis·

1048 1960 1206 2022 terciensi
1226 1958 1273 2040 (1)
1288 1962 1322 2022 et
1342 1962 1580 2047 Clarevallensi
1607 1962 1654 2043 (2)
1670 1963 1851 2027 abbatibus

1050 2057 1201 2129 salntem,
1218 2060 1280 2118 otc.

1089 2153 1851 2234 Etsihactenusprodefensioneregniltngliae,

1051 2253 1162 2329 utpote
1175 2251 1216 2313 ad
1236 2255 1293 2331 jus
1315 2254 1347 2314 et
1362 2254 1596 2331 proprietatem
1621 2256 1716 2317 Sedis
1740 2260 1855 2333 Apos-

1050 2348 1159 2411 tolicae
1187 2349 1395 2426 pertinentis,
1434 2353 1690 2414 sollicitudinem
1725 2353 1856 2415 habue-

1050 2447 1167 2517 rimus,
1186 2463 1273 2509 nunc
1287 2450 1399 2509 tamen
1414 2449 1456 2510 ad
1477 2449 1511 2510 id
1532 2451 1705 2512 intendere
1727 2450 1855 2513 fortius

1051 2560 1112 2605 nos
1124 2545 1265 2621 oportet,
1280 2561 1355 2606 eum
1370 2547 1471 2607 clares
1489 2548 1657 2609 memoria
1675 2550 1706 2610 J.
1730 2545 1774 2627 (⁶)
1790 2565 1855 2609 rex

1051 2642 1179 2717 Angliae
1194 2642 1281 2703 filios
1294 2660 1372 2704 suos
1385 2645 1528 2721 pupillos
1543 2644 1575 2706 et
1584 2661 1724 2721 regnum
1740 2645 1855 2723 ipsum

1052 2740 1087 2800 in
1098 2739 1220 2801 nostris
1232 2741 1407 2818 reliquerit
1418 2743 1570 2803 manibus
1580 2746 1613 2804 et
1622 2743 1725 2804 tutela
1740 2760 1749 2799 ε
1762 2743 1856 2804 unde

1053 2838 1261 2899 coarctamur
1288 2838 1467 2915 plurimum
1493 2855 1512 2900 e
1539 2838 1678 2912 duobus,
1706 2840 1787 2917 quia
1820 2840 1853 2900 id

1053 2935 1222 3011 negligere
1247 2952 1309 2996 nec
1329 2937 1481 2997 volumus
1505 2953 1567 2998 nec
1591 2937 1774 3009 debemus·
1789 2953 1856 2999 nec

1052 3048 1227 3111 possumus
1256 3034 1461 3096 mercenario
1490 3035 1557 3112 qui,
1587 3034 1659 3096 viso
1682 3034 1775 3111 lupo,
1799 3035 1857 3097 di-

1054 3130 1153 3192 mittit
1167 3147 1245 3192 ores
1257 3132 1291 3193 et
1305 3131 1399 3208 fugit,
1413 3133 1446 3194 et
1458 3132 1555 3209 lupus
1569 3132 1658 3210 rapit
1671 3132 1704 3194 et
1714 3132 1855 3209 disper-

1053 3228 1102 3305 git
1120 3244 1209 3300 0reS,
1235 3228 1353 3291 merito
1378 3230 1576 3307 comparari,
1602 3232 1635 3291 et
1658 3230 1855 3308 Philippum

1054 3326 1218 3411 illustrem
1230 3341 1342 3402 regern
1356 3328 1570 3399 Francorum,
1585 3343 1681 3405 quem
1694 3327 1806 3389 adhuc
1818 3328 1857 3389 in

1054 3424 1176 3485 minori
1198 3422 1308 3485 officio
1329 3424 1499 3486 constituti
1521 3426 1651 3487 sincera
1670 3425 1856 3487 dileximus

1055 3521 1087 3583 et
1101 3521 1268 3597 diligimus
1282 3522 1316 3581 in
1329 3523 1469 3584 Domino
1484 3524 1634 3595 caritate,
1656 3524 1689 3585 et
1709 3538 1855 3599 regnum

1054 3619 1170 3697 ipsius,
1194 3618 1223 3679 si
1249 3618 1323 3681 fieri
1346 3619 1468 3697 posset,
1493 3620 1656 3682 nollemus
1674 3619 1858 3682 ‘offendere

1054 3717 1107 3777 vel
1122 3715 1272 3791 turbare,
1293 3733 1357 3795 quo
1370 3718 1650 3790 contristato,non
1659 3717 1857 3780 contristari

1057 3815 1269 3891 nequiremus
1284 3829 1345 3876 nos
1362 3815 1436 3892 ipsi.
1451 3817 1490 3877 ut
1507 3815 1634 3878 utinam
1648 3816 1768 3891 tangat
1781 3817 1857 3877 Do-

1056 3912 1166 3972 minus
1181 3927 1239 3974 cor
1256 3912 1372 3988 ipsius,
1399 3914 1435 3975 ut
1457 3913 1499 3974 ad
1522 3913 1730 3975 devotionem
1752 3929 1856 3990 quam

1056 4010 1216 4071 hactenus
1231 4009 1273 4071 ad
1294 4012 1398 4071 Deum
1417 4012 1450 4072 et
1462 4011 1643 4072 Ecclesiam
1666 4014 1858 4072 Romanam

1058 4107 1214 4169 habuisse
1235 4107 1449 4183 dignoscitur,
1471 4124 1514 4169 ex
1537 4108 1659 4170 affectu
1673 4108 1859 4170 intimore·

1057 4205 1177 4276 valeat,
1213 4205 1247 4265 et
1272 4222 1315 4266 ex
1340 4205 1402 4266 hoc
1427 4207 1592 4268 veraciter
1624 4204 1855 4277 contristetur,

1057 4303 1142 4381 quod
1158 4302 1279 4364 nobilis
1301 4303 1354 4363 rir
1376 4304 1563 4365 Ludovicus
1589 4306 1661 4381 ejus
1682 4303 1858 4380 primoge-

1058 4401 1146 4461 nitus
1169 4401 1286 4461 sedem
1310 4402 1532 4477 apostolicam
1553 4400 1776 4472 contristavit,
1802 4400 1858 4478 ip-

1058 4513 1196 4575 sumque
1211 4513 1270 4574 pro
1291 4497 1418 4558 viribus
1442 4498 1483 4559 ab
1507 4498 1680 4575 iniquitate
1695 4498 1855 4574 incoepta,

1058 4611 1157 4672 qnam
1189 4596 1224 4655 in
1252 4596 1312 4655 Dei
1338 4596 1560 4672 contemptum
1593 4597 1626 4656 et
1654 4594 1857 4672 Apostolicae

1060 4691 1154 4752 Sedis
1181 4690 1338 4767 injuriam
1364 4693 1397 4752 et
1421 4692 1565 4768 proximi
1592 4692 1727 4752 exercet
1753 4690 1859 4752 offen·

1059 4804 1141 4860 sam,
1161 4789 1291 4850 studeat
1314 4804 1482 4861 revocare,
1509 4805 1548 4850 ac
1570 4789 1617 4849 sic
1639 4788 1858 4850 contristatus

1059 4885 1451 4963 laetiflcetnosmetipsost

1099 4986 1314 5062 Quapropter,
1334 4984 1423 5045 viam
1445 4984 1587 5046 mediam
1606 4983 1780 5058 eligentes
1797 4999 1859 5060 per

1060 5098 1158 5160 quam
1169 5084 1276 5159 potest
1283 5082 1418 5151 eisdem,
1431 5082 1458 5142 si
1467 5081 1567 5143 fuerit
1576 5082 1718 5157 desuper
1728 5081 1855 5149 datum,

1061 5180 1230 5241 subreniri
1256 5180 1406 5257 pupillis,
1434 5181 1467 5241 et
1502 5179 1601 5241 saluti
1628 5178 1720 5255 regis
1748 5178 1857 5255 ipsius

1060 5277 1188 5338 consuli
1205 5279 1238 5339 et
1249 5277 1379 5348 honori,
1393 5277 1561 5339 deuotioni
1579 5278 1711 5347 restrae,
1736 5275 1778 5336 de
1791 5289 1855 5352 qua

1062 5375 1215 5435 fiduciam
1230 5376 1376 5451 gerimus
1386 5375 1579 5453 pleniorem,
1597 5373 1857 5452 perllpostolica

1098 5514 1139 5585 (l)
1158 5515 1294 5575 Arnaldo.

1099 5589 1139 5659 (Ξ)
1159 5586 1298 5647 Conrado.

1099 5662 1133 5735 (·)
1154 5661 1290 5715 lualiucs.
