3928 6200
233 281 295 343 415

231 443 297 513 est,
319 443 505 525 praesertim
524 459 599 507 oum
623 442 799 506 Pontificia
822 443 1028 523 dispensatio

232 540 460 622 accessisset(
480 541 505 622 ).

275 641 503 703 Londonensis
528 639 561 701 et
581 639 654 717 ipsa
681 640 835 715 ecclesia,
860 639 1028 702 infirmam

231 738 299 802 sibi
329 754 402 800 esse
428 739 463 799 in
492 738 659 815 erigendis
690 739 784 800 novis
813 739 1028 816 dignitatibus

234 837 465 899 auctoritatem
496 834 702 910 existimans,
739 838 911 900 pontilicis
948 852 1028 899 vero

235 934 376 996 Romani
390 934 623 996 inconcussam
638 935 760 1013 ubique
784 935 940 1007 suturam,
957 934 1029 1012 pri-

118 1018 124 1026 ’
232 1032 392 1107 vilegium
406 1031 448 1093 ab
463 1047 503 1094 ea
518 1033 681 1107 exoravit,
696 1048 760 1111 quo
776 1034 934 1095 Ecclesiae
949 1048 1029 1111 pro-

230 1131 341 1192 tector
361 1129 620 1193 constitueretur
639 1130 674 1192 et
696 1131 892 1204 muniretur,
915 1131 1029 1193 sedes-

229 1245 295 1307 que
304 1244 342 1290 ac
352 1227 567 1291 locuseadem
576 1229 773 1305 auctoritate
784 1229 1025 1306 designaretur,

230 1326 372 1405 publicis
393 1326 673 1405 processionibus,
698 1342 738 1389 ac
752 1327 970 1400 sessionibus,
987 1326 1027 1389 de

230 1440 324 1487 more
338 1425 543 1503 reliquarum
554 1425 683 1501 angliae
698 1426 934 1488 Ecclesiarum.

273 1522 531 1584 salisberienses
562 1539 692 1600 quoque
727 1523 964 1600 subjectionem
991 1539 1028 1585 se

230 1620 1027 1699 ApostolicaeSedidebereproiessisunt‚quando

230 1720 272 1781 ab
292 1718 439 1781 Honorio
456 1718 490 1778 ln
506 1718 668 1779 electione
682 1718 837 1780 abbatum
857 1719 1026 1781 constituti

232 1818 311 1878 sunt
333 1817 369 1877 in
393 1815 565 1894 provincia
585 1815 728 1893 judices,
745 1815 801 1893 qui
820 1815 861 1878 do
885 1816 1026 1893 privile-

229 1914 305 1991 giis,
323 1930 396 1993 quae
411 1914 453 1975 ab
477 1913 635 1976 Romanis
651 1913 867 1976 Pontificibus
891 1913 1026 1976 obtenta

230 2012 432 2084 terebantur,
443 2011 606 2089 judicium
617 2011 825 2087 protulerunt
840 2010 952 2090 (Greg.
968 2014 1023 2085 IX,

229 2109 286 2171 lib.
302 2113 327 2180 1,
340 2108 392 2171 tit.
408 2106 454 2188 4).

269 2207 457 2269 insularum
472 2206 633 2282 praeterea
650 2221 724 2284 quae
746 2207 835 2268 circa
850 2206 933 2268 illud
956 2211 1027 2269 An·

227 2304 407 2381 glicanum,
432 2303 639 2366 Scotieumve
661 2304 781 2365 caelum
801 2306 878 2368 sunt
899 2302 1026 2383 (jacent

227 2403 318 2464 enirn
346 2402 382 2462 in
414 2417 453 2463 eo
481 2402 590 2463 tractu
619 2401 838 2478 quadraginta
867 2400 936 2463 tres
970 2402 1026 2462 in-

226 2500 310 2561 sulae
323 2499 419 2561 dictae
434 2497 608 2570 Hebrides,
625 2513 698 2575 quae
709 2499 799 2560 certe
813 2499 931 2575 ingens
947 2515 1024 2575 reg·

227 2614 307 2660 nram
326 2597 529 2658 constituere
552 2594 708 2673 possint).
723 2597 796 2658 Rex
821 2596 1023 2672 Reglualdus

227 2695 311 2758 adeo
324 2695 409 2756 bene
430 2709 510 2770 erga
524 2693 748 2771 apostolicam
763 2696 945 2756 Romanam
960 2697 1024 2756 Se-

223 2793 301 2856 dem
317 2792 455 2854 affectus
475 2793 688 2863 memoratur,
706 2792 742 2853 ut
762 2806 836 2852 curn
850 2791 884 2852 in
902 2791 1024 2867 Anglia

226 2891 396 2967 legatione
416 2889 611 2965 iungeretur
623 2891 660 2950 Ρ.
677 2889 911 2960 Marianensis‚
930 2890 1023 2952 elec-

225 2991 279 3051 tus
303 2987 564 3058 Cameracensis,
591 2985 756 3046 exarserit
783 2986 960 3059 desiderio,
988 2988 1023 3048 ut

226 3087 458 3165 Apostolorum
495 3083 584 3145 Petri
619 3082 779 3160 principis
817 3084 1023 3160 protectione

225 3183 345 3245 litteris
361 3182 432 3259 ipse
448 3181 643 3241 muniretur.
661 3180 880 3252 Quamobrem
893 3198 1020 3243 summa

224 3297 306 3342 usus
334 3279 572 3349 munificentia,
602 3277 747 3338 insulam
771 3280 905 3339 Manem
932 3279 1021 3341 insi-

224 3394 334 3455 gnem,
355 3378 389 3439 et
404 3376 585 3454 episcopali
610 3375 699 3444 sede,
723 3378 756 3437 ot
773 3375 933 3437 intereas
950 3393 1023 3438 om-

224 3492 283 3537 nes
311 3475 520 3554 primariam,
546 3475 693 3535 Honorio
721 3473 855 3547 obtulit,
883 3474 1020 3551 agnitu-

222 3591 282 3636 rus
300 3574 457 3651 deinceps
480 3589 516 3634 se
540 3571 629 3633 teudi
651 3571 785 3633 nomine
806 3571 849 3633 ab
870 3573 1020 3634 Ecclesia

223 3675 385 3745 Romana,
406 3672 498 3732 velut
523 3669 718 3746 vectigalem
744 3685 818 3731 eam
840 3686 1018 3746 possessu-

222 3789 296 3833 rum
314 3770 515 3846 :missisque
533 3767 569 3829 in
588 3784 662 3829 eam
684 3783 754 3829 rem
775 3767 816 3828 ad
836 3768 1019 3830 Honorium

222 3870 354 3942 litteris,
371 3868 470 3930 enixe
487 3865 612 3943 suscipi
624 3866 765 3941 rogavit.

262 3968 357 4030 Libet
375 3967 477 4043 igitur
496 3979 671 4026 recensere
690 3962 791 4024 verba
812 3963 918 4039 regis;
942 3964 1018 4025 his·

222 4063 317 4124 toriae
330 4061 418 4122 enim
433 4076 500 4121 non
514 4074 632 4136 parum
645 4058 833 4121 conducunt
848 4056 860 4136 (
882 4058 906 4138 ).

791 282 968 347 HONORII
992 284 1120 349 PAPAE
1141 286 1317 350 111v1tn.

1822 290 1885 354 410

1081 460 1142 506 nos
1154 446 1188 508 et
1202 445 1353 508 haeredes
1372 447 1479 510 nostri
1492 447 1527 509 ln
1541 450 1739 525 perpetuum
1754 451 1887 514 tenebi-

1082 560 1154 604 mus
1170 545 1204 604 in
1229 544 1362 606 seudum
1378 544 1499 607 dictam
1514 545 1658 607 insulam
1672 546 1714 608 ab
1734 549 1886 613 Ecclesia

1082 645 1243 714 Romana,
1260 646 1293 705 et
1313 642 1473 704 iaciemus
1496 644 1527 705 ei
1543 643 1733 719 homagium
1751 648 1785 708 et
1799 646 1887 709 nde-

1082 739 1208 801 htatem
1232 739 1265 802 et
1287 741 1548 816 recognitionem
1568 740 1719 813 dominii,
1748 744 1886 808 nomine

1082 852 1215 910 census,
1231 853 1292 899 nos
1305 840 1339 899 et
1352 838 1503 899 haeredes
1517 840 1622 901 nostri
1637 840 1672 901 lu
1685 844 1886 919 perpetuum

1081 935 1255 997 annuatim
1270 935 1437 998 solventes
1448 937 1604 999 Ecclesiae
1620 941 1780 1001 Romanae
1799 957 1886 1001 mar·

1081 1033 1163 1094 chas
1176 1033 1350 1096 duodecim
1364 1035 1601 1111 sterlingorum
1614 1037 1649 1096 in
1662 1038 1784 1113 anglia
1796 1040 1886 1115 apud

1081 1130 1247 1194 abbatiam
1262 1132 1303 1193 de
1324 1134 1412 1193 Rura
1432 1133 1663 1195 cisterciensis
1684 1135 1827 1208 ordinis,
1850 1137 1888 1199 iu

1082 1228 1166 1291 testo
1188 1229 1435 1292 Puriticatiouis
1453 1230 1587 1306 Mariae;
1609 1234 1642 1293 et
1656 1232 1686 1292 si
1703 1248 1770 1295 nou
1794 1236 1888 1297 osset

1082 1326 1127 1387 ibi
1142 1326 1264 1404 aliquis
1278 1343 1322 1391 ex
1336 1330 1430 1405 parte
1449 1329 1560 1390 vestra
1581 1329 1635 1391 vel
1650 1346 1887 1392 successorum

1080 1425 1287 1497 vestrorum,
1332 1426 1538 1503 deponentur
1575 1426 1672 1489 dictae
1707 1427 1887 1491 duodecim
1951 1480 1957 1495 .

1081 1522 1226 1584 marchae
1253 1539 1314 1600 per
1339 1539 1400 1586 nos
1432 1524 1467 1585 et
1495 1522 1645 1586 haeredes
1677 1529 1812 1587 nostros
1849 1528 1884 1589 in

1080 1619 1168 1682 dicto
1200 1621 1274 1683 loco
1308 1636 1409 1698 penes
1441 1620 1654 1685 abbatemet
1681 1626 1887 1686 conventum

1080 1717 1238 1779 Ecclesiae
1253 1719 1398 1781 nomine.

1119 1817 1213 1877 Hanc
1223 1816 1434 1879 donationem
1449 1818 1483 1880 et
1500 1815 1737 1894 obligationem
1750 1821 1889 1899 accepit

1080 1913 1187 1974 dictus
1212 1914 1365 1975 dominus
1391 1915 1520 1992 legatus
1548 1915 1590 1977 ad
1615 1916 1822 1979 voluntatem
1855 1922 1889 1980 et

1079 2010 1322 2088 beneplacitum
1352 2014 1499 2074 vestrum
1522 2030 1530 2071 ε
1555 2013 1589 2075 et
1613 2013 1689 2091 post
1710 2016 1887 2092 receptio·

1079 2123 1155 2168 nem
1172 2106 1295 2170 iactam
1309 2108 1351 2169 ab
1372 2124 1412 2171 eo
1432 2108 1481 2171 sic
1494 2109 1567 2187 ipse
1591 2111 1731 2182 domnus
1749 2108 1888 2187 legatus

1079 2205 1201 2268 dictam
1225 2206 1370 2268 insulam
1400 2206 1492 2270 dedit
1516 2207 1600 2268 mihi
1627 2209 1661 2270 et
1690 2208 1889 2272 haeredibus

1078 2302 1161 2365 meis
1173 2304 1208 2364 in
1225 2303 1358 2365 seudum
1372 2305 1532 2381 perpetuo
1546 2304 1727 2368 tenendum
1751 2308 1787 2368 et
1800 2325 1888 2386 pos-

1078 2400 1253 2462 sidendum
1268 2402 1403 2463 nomine
1415 2402 1572 2464 Ecclesiae
1587 2405 1758 2477 Romanae,
1773 2407 1809 2467 et
1827 2422 1884 2469 me

1077 2498 1154 2560 iude
1178 2515 1238 2576 per
1259 2499 1421 2560 annulum
1441 2500 1625 2563 investivit.
1655 2502 1748 2564 Sciat
1772 2503 1885 2579 igitur

1079 2597 1243 2659 sauctitas
1260 2597 1380 2661 Vestra
1401 2598 1488 2675 quod
1507 2597 1549 2659 ad
1573 2599 1766 2662 mandatum
1797 2602 1885 2665 dicti

1077 2693 1202 2755 domini
1232 2694 1335 2770 legati
1353 2695 1467 2772 juravi
1496 2695 1675 2758 observare
1701 2697 1734 2759 et
1763 2700 1887 2762 tenere

1078 2791 1316 2853 iuviolabiliter
1330 2793 1488 2869 praedicta
1503 2808 1564 2871 pro
1577 2810 1629 2855 me
1643 2796 1677 2858 ot
1688 2795 1887 2858 haeredibus

1078 2889 1159 2950 meis
1187 2891 1357 2967 perpetuo,
1385 2892 1419 2953 et
1434 2891 1547 2967 juravi
1571 2892 1659 2969 quod
1682 2908 1786 2970 suaper
1811 2894 1883 2957 hoc

1077 2986 1287 3050 securitatem
1302 2987 1423 3049 iactam
1440 3004 1499 3065 per
1520 3005 1573 3051 me
1589 2989 1699 3068 ipsum
1714 2998 1748 3052 et
1763 2992 1885 3055 haere·

1077 3084 1134 3145 des
1153 3100 1244 3147 meos
1265 3086 1299 3147 et
1317 3085 1470 3148 homines
1495 3086 1627 3161 insulae,
1651 3104 1751 3166 quarn
1769 3090 1886 3152 dictus

1077 3181 1230 3244 dominus
1258 3183 1409 3259 legatus,
1439 3183 1493 3246 vel
1528 3185 1615 3246 alius
1645 3185 1686 3248 de
1718 3188 1884 3252 mandato

1075 3281 1187 3341 vestro
1200 3280 1333 3358 petierit
1346 3297 1365 3343 a
1378 3297 1431 3342 me
1445 3281 1533 3344 bona
1543 3283 1608 3344 lide
1618 3284 1651 3345 et
1659 3283 1734 3345 sine
1747 3284 1883 3360 fraude,

1076 3379 1109 3439 et
1122 3377 1157 3438 in
1171 3378 1271 3455 hunus
1281 3379 1331 3440 rei
1341 3379 1568 3441 testimonium
1583 3381 1645 3442 has
1664 3380 1796 3444 litteras
1811 3401 1884 3461 pa-

1074 3475 1183 3536 tentes
1199 3476 1272 3538 lieri
1284 3475 1425 3538 lecimus
1436 3476 1489 3538 his
1501 3478 1641 3539 testibus
1654 3495 1662 3534 z
1677 3482 1749 3541 Dno
1766 3483 1802 3542 G.
1818 3484 1886 3545 Ba·

1074 3573 1208 3647 gerensi
1216 3574 1370 3650 episcopo
1381 3574 1422 3635 de
1431 3576 1566 3648 Wallia,
1579 3576 1741 3653 magistro
1753 3580 1813 3650 M„
1827 3580 1886 3641 oi-

1075 3669 1176 3731 flciali
1196 3669 1236 3732 de
1256 3673 1345 3743 Mau,
1362 3675 1463 3734 ivone
1485 3673 1554 3735 tilio
1574 3673 1729 3746 Hsrlbudi,
1746 3678 1884 3743 loanne

1073 3767 1207 3841 clerico,
1228 3768 1386 3845 magistro
1409 3773 1509 3831 ivone
1531 3771 1662 3833 Holavo
1681 3775 1883 3838 senescalco

1072 3864 1198 3926 domini
1221 3866 1311 3942 regis
1333 3867 1374 3928 de
1400 3869 1490 3929 Man.
1516 3870 1785 3946 supplicavimus
1810 3889 1882 3935 au·

1071 3963 1137 4023 tem
1149 3964 1365 4026 sanctitatem
1374 3966 1539 4039 Vestram,
1552 3967 1639 4044 quod
1655 3969 1879 4045 privilegium

1072 4060 1173 4130 illud,
1203 4061 1289 4139 quod
1322 4061 1400 4123 aliis
1428 4063 1564 4139 regibus
1592 4065 1810 4129 censualibus
1845 4070 1882 4132 et

264 4157 481 4220 sanctissimo
506 4156 542 4216 in
567 4155 698 4215 Christo
719 4156 811 4215 Patri
826 4156 859 4216 et
878 4155 1017 4217 Domino
1071 4158 1226 4220 vassallis
1244 4159 1402 4222 Ecclesiae
1418 4162 1578 4223 Romanae
1592 4164 1789 4239 conceditis,
1808 4182 1880 4229 no-

223 4256 370 4317 Honorio
390 4255 448 4315 Dei
464 4254 571 4328 gratia
593 4254 727 4313 Summo
743 4252 896 4314 Pontifici
916 4254 1018 4329 Regi·
1069 4255 1121 4317 bis
1143 4257 1251 4319 mittat
1267 4259 1434 4320 Sanctitas
1455 4260 1584 4320 Vestra.
1610 4262 1679 4322 Nos
1698 4263 1790 4324 onim
1809 4281 1880 4340 pa-

222 4353 341 4414 naldus
369 4367 431 4412 rex
461 4350 666 4421 insularum,
697 4350 1016 4412 commendationem
1069 4354 1135 4414 rati
1149 4368 1265 4415 sumus
1279 4354 1391 4417 omnia
1406 4355 1565 4432 praedicta
1580 4357 1763 4419 secundum
1775 4376 1882 4422 man-

222 4467 296 4512 cum
313 4448 427 4511 osculo
441 4448 572 4525 pedum.
593 4446 732 4509 Noverit
751 4448 872 4508 Sancta
892 4450 1014 4510 Pater·
1070 4449 1183 4512 datum
1205 4453 1363 4514 vestrum.
1377 4467 1522 4515 servare.
1550 4457 1669 4516 Actum
1696 4457 1874 4531 Londinii‚

220 4549 309 4611 nitas
323 4547 445 4619 vestra,
468 4544 555 4622 quod
570 4560 630 4606 nos
653 4546 690 4606 ut
704 4545 808 4606 simus
832 4545 1014 4623 participes
1070 4549 1103 4609 iu
1125 4548 1222 4610 domo
1243 4549 1372 4612 militiae
1397 4550 1524 4628 templi,
1547 4554 1576 4613 V
1604 4552 1672 4613 kal.
1696 4554 1875 4630 Octobris,

218 4647 380 4710 bonorum
402 4643 579 4715 Ecclesiae,
605 4658 679 4720 quc
704 4642 789 4704 ilunt
809 4642 844 4704 in
866 4643 1014 4706 Ecclesia
1068 4660 1156 4707 anno
1171 4647 1303 4708 Domini
1323 4649 1411 4708 1219.
1431 4649 1551 4710 (loram
1572 4649 1749 4712 duodecim
1770 4652 1878 4715 testi-

218 4749 380 4816 Romana,
402 4742 443 4805 ad
467 4741 726 4803 admonitionem
749 4742 783 4802 et
807 4741 1015 4803 exhortatio·
1067 4743 1128 4804 bus
1151 4744 1234 4806 viris
1258 4744 1418 4821 egregiis,
1439 4745 1679 4820 denominatis,
1705 4750 1771 4811 etc.
1805 4753 1881 4814 Re-

219 4860 294 4905 nem
323 4841 436 4905 dilecti
460 4839 570 4903 Patris
596 4840 702 4901 nostri
727 4840 764 4900 Ρ.
792 4839 1014 4901 Marianensis
1067 4843 1157 4917 giurn
1167 4842 1324 4919 sigillum,
1335 4844 1653 4907 etc.E1Ms.Codice
1663 4849 1876 4923 pervetusto.

218 4941 315 5003 electi
342 4937 592 5001 Cameracensis
614 4938 648 4999 et
670 4937 771 5014 legati
795 4936 899 4998 vestri
920 4936 1015 4998 dedi·
1108 4941 1228 5002 scotiae
1249 4943 1412 5018 praterea
1438 4957 1578 5019 regnum
1592 4943 1789 5007 universum
1808 4947 1877 5010 sub

217 5054 290 5102 mus
310 5038 343 5099 et
359 5035 537 5113 obtulimus
558 5035 591 5096 ei
610 5035 743 5097 nomine
764 5034 923 5097 Ecclesiae
946 5037 1014 5097 Ro-
1066 5037 1266 5114 apostoncae
1286 5037 1381 5100 Sedis
1400 5040 1559 5103 Romanae
1574 5040 1782 5118 protectione
1796 5046 1876 5108 Eo-

216 5155 335 5212 mauae,
354 5140 388 5199 et
404 5139 526 5210 vestre,
550 5138 583 5198 et
601 5136 847 5199 Catholicorum
873 5138 1015 5197 Succes-
1066 5135 1182 5197 norius
1209 5136 1365 5213 suscepit,
1391 5137 1570 5215 multisque
1587 5138 1669 5201 illud
1696 5139 1878 5207 decoravit

216 5253 329 5300 sorum
344 5236 529 5298 vestrorum
548 5234 693 5295 insulam
716 5233 756 5294 de
771 5235 861 5306 Man,
877 5248 951 5310 quae
970 5232 1012 5294 ad
1067 5231 1260 5307 honoribus,
1274 5236 1373 5311 atque
1392 5235 1494 5296 etiam
1514 5235 1701 5314 privilegiis
1716 5238 1873 5303 donavit.

215 5352 276 5398 uos
286 5338 364 5413 juro
378 5332 592 5394 haereditario
607 5331 760 5408 pertinet,
782 5331 822 5392 de
844 5347 909 5408 qua
928 5330 1012 5391 nulli
1067 5331 1206 5408 insuper
1220 5348 1279 5409 pro
1296 5347 1357 5394 sua
1374 5347 1531 5410 suprema
1548 5333 1584 5395 in
1601 5335 1691 5397 omni
1716 5337 1873 5402 Ecclesia

213 5434 366 5496 tenemur
377 5429 513 5507 aliquod
527 5428 700 5491 servitium
714 5428 841 5503 iacere;
856 5428 1012 5505 deinceps
1066 5428 1125 5488 Dei
1149 5429 1324 5505 potestate,
1348 5430 1432 5492 inita
1454 5431 1552 5509 pacta
1573 5431 1661 5495 inter
1679 5434 1812 5510 Angliae
1837 5439 1876 5500 et

215 5562 292 5688 cti)
306 5564 348 5643 ,Gr
390 5560 541 5643 .111,,111>.
561 5562 597 5631 V,
619 5561 662 5617 tit.
684 5560 736 5630 ¹²3
758 5556 800 5618 Gi.
816 5574 895 5635 supr.
914 5559 1009 5628 Quint.
1066 5557 1144 5688 Μ31)
1165 5558 1207 5620 Gi.
1227 5576 1306 5636 supr.
1326 5561 1410 5619 Libo
1431 5562 1582 5635 campora,
1599 5563 1711 5638 Proleg.
1732 5567 1787 5637 lll,
1811 5569 1870 5628 ool.

238 5632 347 5701 empti,
362 5633 380 5686 h
402 5633 514 5701 ‚Vaut
528 5631 557 5702 b,
568 5646 597 5691 c.
613 5632 640 5702 1,
653 5631 708 5689 col.
719 5631 784 5688 35¹.
1121 5673 1128 5688 .
