3968 6204
199 284 243 345 oo
670 285 847 346 HONORII
869 284 914 345 111
935 284 1085 346 OPERA.
1101 316 1140 331 -
1156 285 1390 349 SEffiiONES.
1798 296 1858 358 loo

198 449 376 525 possete„
414 443 543 528 (Matth.
568 462 637 518 xri,
666 443 730 525 lo).
759 444 817 507 Sic
842 442 999 506 debemus
1054 444 1158 509 David
1195 446 1429 512 debonestavit
1461 448 1610 513 radendo
1642 446 1855 517 medietatem

200 545 391 609 discemero
406 546 495 607 inter
507 545 634 623 lepram
648 543 681 605 et
695 543 834 621 lepram,
848 559 892 606 ne
905 559 998 605 mor·
1052 542 1232 607 barbarum
1255 547 1417 624 ipsorum,
1446 548 1480 610 et
1508 547 1720 626 praecidendo
1742 554 1857 617 vestes

197 645 363 707 titlcemus
388 644 518 706 animas
546 658 620 722 quse
648 658 716 703 non
738 643 937 715 moriuntur,
965 644 999 705 et
1053 658 1159 719 usque
1174 644 1214 705 ad
1235 644 1343 706 uates.
1363 646 1542 722 integritas
1564 645 1678 709 barbae
1698 648 1741 710 ad
1759 651 1856 712 inte-

198 738 406 805 vividoamus
425 742 554 804 animas
577 756 652 818 quae
667 756 734 803 non
754 741 881 813 vivant,
903 742 936 803 et
952 741 999 801 di·
1053 740 1207 816 gritatem
1220 740 1365 804 retertur
1377 744 1456 805 ritae
1469 743 1503 805 et
1515 743 1687 808 doctrinas.
1703 747 1738 809 Si
1753 748 1857 826 hujus

199 857 313 903 camus
341 841 465 902 malurn
486 839 621 913 bonum,
650 841 683 901 et
707 840 831 902 bonum
859 836 995 912 malum,
1052 837 1164 900 barbae
1183 854 1250 900 una
1267 839 1428 902 medietas
1447 841 1577 905 raditur
1595 844 1628 906 et
1647 844 1754 907 altera
1773 860 1857 908 con-

199 940 358 1017 ponentes
385 937 495 1001 lucem
519 938 688 1011 tenebras,
711 938 744 1001 et
766 938 921 1001 tenebras
939 938 996 999 lu·
1052 937 1216 1010 servatur,
1239 954 1315 999 cum
1332 939 1490 1016 praelatus
1505 941 1593 1003 male
1614 942 1698 1005 vivit
1713 945 1746 1005 ot
1764 944 1853 1008 bene

198 1053 280 1099 cern.
301 1038 336 1098 Si
351 1053 466 1107 sumus
480 1038 632 1115 pastores
653 1037 777 1111 ovium,
793 1037 917 1115 quibus
940 1036 996 1098 di·-
1052 1033 1164 1111 docet3
1187 1035 1298 1098 vestas
1312 1052 1417 1115 usque
1431 1038 1474 1100 ad
1494 1039 1589 1101 nates
1612 1041 1855 1117 producuntur,

198 1136 244 1197 cit
266 1156 274 1194 ε
300 1150 404 1211 posce
427 1151 508 1198 coes
526 1150 641 1209 meos,
662 1135 711 1197 sio
735 1134 893 1197 debemus
917 1150 997 1197 oves
1052 1147 1128 1193 cum
1147 1134 1278 1211 praelati
1291 1135 1534 1198 incontinentia
1554 1139 1738 1200 Ecclesiam
1753 1156 1859 1202 scan-

197 1246 276 1295 snas
290 1249 439 1311 pascere,
459 1234 505 1305 ut,
529 1234 685 1296 veniente
706 1234 795 1311 lupo,
816 1249 892 1295 cum
908 1231 996 1295 bono
1052 1229 1206 1295 dalizant.
1230 1232 1314 1305 Quia
1338 1233 1367 1295 si
1391 1234 1547 1297 sacerdos
1567 1236 1625 1314 qui
1650 1239 1702 1299 est
1726 1240 1850 1301 unctus

195 1333 329 1410 pastore
353 1346 514 1410 ponamus
536 1332 665 1394 animas
684 1331 816 1394 nostras
839 1347 900 1410 pro
921 1331 997 1394 ovi·
1051 1331 1251 1406 peccaverit,
1266 1330 1347 1393 tacit
1360 1331 1555 1410 delinquere
1567 1334 1735 1412 populum.

196 1429 258 1491 bus
282 1431 417 1493 nostris.
440 1429 475 1492 si
493 1446 608 1491 sumus
628 1429 678 1492 sal
699 1431 811 1502 terrae,
835 1430 885 1492 sic
912 1430 998 1492 alios
1092 1428 1268 1490 Peccatum
1293 1430 1476 1493 sacerdotis
1493 1431 1555 1493 alii
1576 1433 1771 1495 damnosum
1791 1434 1850 1496 sed

196 1529 392 1591 condiamus
410 1529 535 1592 nostrae
557 1528 820 1592 conversationis
845 1528 998 1606 exemplo
1052 1524 1115 1588 eibi
1128 1526 1352 1603 periculosum
1367 1528 1492 1590 existit.
1507 1529 1547 1591 st
1561 1529 1590 1591 si
1601 1529 1651 1591 sal
1662 1532 1851 1604 evanuerit,

197 1628 234 1688 ut
249 1643 401 1706 saporem
416 1628 562 1691 habeant
580 1628 621 1689 de
634 1627 722 1690 valle
739 1627 938 1699 salinarum,
954 1642 998 1689 ue
1050 1622 1087 1685 iu
1097 1639 1164 1701 quo
1179 1625 1340 1688 salieturt
1354 1625 1396 1687 ad
1410 1627 1554 1688 nibilum
1569 1627 1659 1690 valet
1679 1629 1768 1692 ultra
1782 1630 1856 1691 nisi

197 1726 283 1788 torte
297 1728 466 1805 tamquam
481 1726 533 1788 sal
551 1725 751 1789 infatuatum
773 1725 814 1787 ad
835 1725 921 1788 nibil
936 1741 998 1787 va·
1051 1723 1089 1783 ut
1106 1722 1258 1785 mittatur
1275 1723 1367 1786 toras
1390 1725 1425 1788 et
1442 1724 1657 1788 conculcetur
1678 1726 1719 1789 ab
1738 1727 1853 1790 bomi-

195 1823 274 1897 leat,
293 1824 359 1885 nisi
379 1825 415 1887 ut
437 1824 634 1904 projiciatur
648 1823 739 1886 toras
761 1825 797 1885 et
818 1823 997 1887 conculce-
1051 1819 1160 1881 nibus
1178 1822 1282 1894 Quasi
1302 1822 1445 1885 diceret:
1462 1824 1498 1884 Si
1513 1824 1672 1901 prelatus
1690 1826 1853 1888 Ecclesiae

194 1922 250 1985 tur
264 1921 306 1984 ab
321 1921 523 1984 hominibus.
540 1921 576 1984 St
591 1938 707 1983 sumus
721 1937 885 1985 messores
904 1938 997 1983 mes·
1050 1919 1249 1995 peccaverit,
1263 1937 1283 1981 a
1296 1936 1361 1998 quo
1375 1920 1567 1983 erudieturt
1580 1924 1614 1985 et
1632 1923 1661 1984 si
1673 1925 1855 1997 amaverit,

196 2020 294 2092 sium,
324 2020 445 2098 quibus
472 2019 596 2083 dicitur
618 2037 627 2077 ε
654 2020 784 2098 Repete
809 2024 997 2083 Dominam
1050 2032 1074 2078 a
1089 2032 1156 2094 quo
1178 2019 1385 2094 corrigeturt
1398 2020 1438 2080 an
1451 2018 1606 2081 diabolus
1624 2036 1706 2097 ergo
1726 2021 1785 2098 qui
1800 2026 1855 2085 est

195 2121 321 2183 messis
354 2118 395 2179 ot
417 2119 536 2181 mittet
563 2122 746 2193 operarios
774 2121 813 2181 ta
847 2134 997 2181 messem
1050 2128 1113 2177 rex
1127 2117 1403 2189 ammonitarum,
1417 2116 1504 2179 idest
1516 2118 1629 2195 populi
1642 2119 1778 2192 turbidi,
1792 2136 1856 2181 seu

195 2230 299 2278 secam
321 2214 452 2294 (Mattb.
475 2232 522 2291 rx,
547 2215 618 2298 38),
640 2216 689 2278 sic
708 2216 865 2279 debemus
884 2218 998 2279 eradi·
1051 2213 1165 2291 pupuli
1178 2215 1343 2287 moeroris,
1359 2230 1493 2294 pueros,
1509 2215 1596 2278 idest
1606 2217 1773 2293 prelatos,
1789 2232 1855 2279 seu

196 2328 274 2376 care
297 2314 438 2387 zizania,
458 2329 501 2376 ne
521 2313 620 2375 simul
633 2314 841 2376 eradicemus
860 2315 893 2376 at
912 2316 998 2378 triti·
1050 2311 1288 2388 predicatores
1302 2312 1375 2374 veri
1390 2312 1494 2376 David
1510 2314 1668 2391 praedicto
1683 2315 1781 2377 modo
1791 2314 1857 2377 de·

194 2426 282 2474 cum.
318 2412 353 2474 Sl
385 2410 610 2491 speculatores
643 2412 712 2474 dati
741 2428 855 2473 sumus
883 2413 996 2477 domui
1048 2408 1216 2479 honestat,
1230 2424 1308 2473 cnm
1321 2411 1466 2474 semtinet
1486 2414 1524 2474 ut
1541 2412 1671 2490 prelati
1686 2411 1772 2475 bene
1792 2408 1857 2479 do-

196 2508 312 2582 lsrael‚
329 2510 402 2587 ipso
418 2510 547 2572 dicente
561 2511 603 2572 ad
618 2510 757 2588 impium
774 2527 782 2566 ε
799 2512 905 2573 morte
924 2528 998 2574 mo-
1050 2508 1159 2580 ceant,
1182 2508 1242 2569 sed
1264 2509 1422 2587 procurat
1439 2511 1477 2571 ut
1490 2509 1579 2572 male
1599 2510 1724 2573 vivant.
1742 2514 1855 2574 Unum

196 2607 308 2680 rieris,
331 2606 487 2668 debemus
508 2607 710 2669 annuntiare
734 2606 796 2681 illi,
820 2610 856 2670 ut
874 2607 999 2671 libere-
1050 2605 1140 2668 enirn
1161 2605 1236 2668 sine
1249 2607 1532 2670 alteromodicum
1544 2607 1645 2671 valet.
1662 2609 1756 2671 Unde
1769 2625 1849 2672 cum

196 2720 270 2767 mus
292 2707 422 2767 animas
449 2706 592 2779 nostras,
619 2721 662 2768 ne
686 2704 773 2768 torte
797 2708 996 2783 sanguinem
1051 2704 1211 2767 Dominus
1224 2704 1580 2783 lotuemturomuibus
1594 2708 1774 2784 apostolis,
1795 2708 1850 2769 si·

198 2807 271 2881 ejus
286 2805 445 2865 Dominus
466 2804 615 2882 requirat
634 2803 675 2865 de
689 2820 791 2866 manu
810 2807 937 2868 nestra.
960 2806 997 2867 Si
1051 2801 1175 2864 militer
1202 2802 1279 2866 alte
1307 2806 1460 2870 Quorum
1481 2806 1693 2867 remearem
1704 2807 1852 2881 peccota

195 2901 294 2963 nobis
308 2902 431 2964 dictum
454 2902 504 2965 est
518 2901 680 2964 verbum:
707 2904 881 2976 Prodico,
898 2905 997 2966 triste
1050 2901 1282 2963 remittuntur
1302 2905 1367 2975 ets,
1388 2902 1592 2976 stercorum
1615 2903 1856 2977 recensueritis,

196 3001 416 3076 opportuna.
434 3001 651 3076 importune,
687 3012 814 3078 owse,
841 3004 994 3074 obsecre,
1049 2999 1189 3061 retento
1208 2998 1291 3061 suat
1312 2997 1425 3080 (toan.
1447 3014 1508 3072 xx,
1524 2998 1590 3081 23).
1607 3002 1715 3073 Quum
1738 3002 1853 3064 autem

196 3102 339 3172 increpo
354 3096 399 3179 (11
413 3098 496 3160 tim.
513 3114 561 3172 m,
581 3095 631 3178 2),
649 3097 698 3160 stc
718 3098 895 3176 vigilemus
906 3100 943 3162 at
960 3100 996 3161 in
1049 3095 1114 3158 soli
1134 3097 1235 3159 Petro
1252 3096 1383 3159 locutus
1401 3098 1462 3171 est,
1478 3097 1564 3161 dixit
1585 3115 1593 3155 :
1612 3100 1854 3174 Quodcrcmpue

197 3195 565 3269 omnibuslaboremus,
577 3196 613 3257 ut
624 3212 707 3281 opus
723 3195 887 3258 iaciamus
900 3213 998 3258 evan·
1049 3197 1216 3270 ligaveris
1233 3210 1340 3271 super
1357 3196 1496 3259 terrum
1515 3197 1585 3259 erit
1597 3199 1742 3275 ligatum
1758 3199 1796 3259 et
1814 3200 1855 3259 tn

196 3293 541 3370 gelistae‚etnostrum
552 3294 993 3371 ministeriumirnpleamus.
1050 3293 1766 3376 euimetcooccmopcemmero...(mmtn.
1779 3311 1855 3368 xer,

121 3428 125 3437 ·
181 3392 310 3454 'Nostis
325 3408 467 3470 quoque,
484 3392 615 3464 iratres,
632 3393 720 3470 quod
740 3392 859 3455 beatus
873 3395 923 3456 est
938 3394 996 3455 ille
1051 3389 1117 3470 la).
1137 3391 1177 3453 m
1195 3389 1344 3453 addidit:
1367 3392 1413 3454 ut
1430 3393 1491 3453 teci
1510 3394 1597 3453 dabo
1614 3397 1727 3455 duces
1747 3396 1854 3469 regat

196 3505 314 3552 servus
341 3507 438 3568 quem
464 3506 540 3552 curn
565 3490 695 3553 uenerit
720 3490 875 3553 dominus
901 3494 996 3570 ejus,
1049 3494 1215 3552 cetorum
1231 3487 1327 3568 (lbid.
1344 3502 1415 3563 xvi,
1429 3488 1495 3569 19).
1511 3490 1759 3568 Ostenditquod
1781 3505 1857 3552 cm-

195 3588 426 3650 inreneritsic
439 3586 629 3650 facientem.
1048 3586 1116 3649 teri
1143 3587 1253 3649 uocati
1274 3587 1355 3648 sunt
1379 3586 1415 3648 in
1444 3588 1573 3665 partem
1602 3588 1852 3650 sollicitudinis.

235 3689 322 3764 Ergo
351 3685 490 3765 quilibet
518 3686 677 3764 praelatus
704 3684 802 3749 debet
828 3686 997 3749 instruere
1019 3700 1020 3725 ³
1051 3683 1275 3747 Solusautem
1287 3686 1407 3747 Petrus
1420 3688 1610 3763 assumptus
1623 3687 1674 3748 est
1690 3684 1725 3747 tn
1741 3685 1859 3763 pleni-

196 3786 354 3864 populum
384 3783 447 3846 sibi
476 3785 690 3847 commissum
708 3784 813 3846 norbo
837 3785 996 3848 doctrinae
1018 3790 1020 3797 '
1050 3782 1200 3845 tudinem
1215 3783 1400 3861 potestatis,
1415 3783 1496 3861 quia
1517 3784 1608 3849 aolus
1626 3783 1857 3862 potestligare

196 3900 256 3962 per
277 3883 486 3961 sapientiam,
512 3885 550 3946 ut
573 3882 724 3945 doctrina
751 3898 812 3945 sua
831 3883 877 3945 sit
900 3899 995 3957 sana,
1052 3881 1203 3954 caeteros,
1231 3882 1288 3942 sed
1312 3898 1380 3942 non
1404 3882 1513 3958 potest
1536 3882 1636 3956 ligari
1663 3897 1684 3942 a
1706 3881 1855 3944 caeteris.

198 3983 241 4044 sit
257 3984 398 4058 integra,
423 3982 468 4043 sit
489 3982 562 4042 sine
581 3997 697 4043 errore
717 3982 751 4043 et
769 3981 842 4043 sine
861 3981 996 4043 admix-
1049 3978 1136 4051 Quia
1169 3993 1345 4040 successor
1368 3977 1471 4049 Petri,
1497 3976 1668 4048 videlicet,
1695 3982 1859 4041 summus

197 4081 290 4144 tione
303 4078 471 4150 salsitatis,
487 4080 524 4139 ut
538 4079 623 4155 quod
638 4079 744 4151 docet,
760 4077 863 4141 saciat
877 4095 1000 4141 secun·
1052 4076 1218 4147 Pontilm
1234 4075 1457 4154 principatum
1489 4072 1656 4138 cathedrae
1688 4077 1852 4139 Romanae

196 4180 277 4239 dum
293 4177 481 4254 exemplum
503 4176 656 4252 Magistri
673 4177 750 4237 sui.
771 4178 882 4253 Goeptt
894 4180 998 4241 iesus
1052 4174 1209 4237 Ecclesiae
1228 4173 1376 4250 possidet
1391 4173 1426 4235 et
1438 4171 1611 4248 gubernat,
1623 4172 1681 4250 qui
1697 4173 1852 4252 plenitu-

198 4280 315 4354 focere
328 4276 363 4336 et
374 4278 497 4337 docere
510 4272 596 4354 (Act.
610 4289 633 4347 1,
649 4273 694 4354 1).
707 4275 794 4336 Nam
809 4275 867 4352 qtri
882 4275 998 4338 secent
1045 4272 1164 4333 ·dtnem
1174 4270 1315 4333 bonoria
1328 4270 1381 4331 sui
1400 4272 1434 4332 et
1448 4269 1689 4347 amplissimam
1703 4271 1858 4348 dignita·-

200 4374 286 4454 quod
314 4372 478 4445 docuerit,
504 4370 560 4434 hic
592 4389 734 4450 magnus
760 4372 936 4436 vocabitur
962 4374 1020 4435 in·
1051 4370 1119 4433 tem
1138 4369 1267 4431 caeteris
1289 4368 1447 4431 Ecclesiis
1468 4383 1528 4446 per
1547 4369 1741 4430 universum
1759 4386 1858 4431 mun·

198 4488 304 4551 regno
324 4471 505 4548 coelorum;
528 4470 607 4548 quia
628 4487 696 4533 non
721 4471 842 4535 sufficit
860 4473 999 4549 praelato
1051 4468 1130 4531 dum
1146 4468 1182 4530 in
1197 4468 1337 4530 Domino
1352 4466 1541 4529 constitutis
1555 4466 1724 4529 distribuit
1737 4467 1858 4530 etdis-

200 4570 324 4634 babere
337 4570 525 4648 exemplum
540 4568 618 4630 vitae
629 4569 702 4631 sine
714 4568 814 4631 verbo
825 4568 998 4632 doctrinae.
1048 4566 1180 4646 pensat,
1201 4564 1361 4629 ordinans
1379 4566 1415 4627 iu
1429 4565 1711 4643 eispatriarclras,
1731 4566 1856 4643 prima·

200 4670 364 4744 Quoniam
379 4683 482 4730 unum
501 4667 575 4728 sine
590 4667 696 4729 altero
717 4667 883 4728 modicum
897 4668 997 4741 valet,
1053 4668 1114 4739 tos,
1126 4665 1311 4744 episcopos,
1325 4663 1625 4742 abbatesprioros,
1642 4664 1851 4743 ceterosque

201 4770 290 4846 qnia,
313 4769 342 4829 si
358 4767 434 4846 quis
454 4766 539 4827 bene
555 4765 680 4828 vixerit
694 4766 726 4827 et
736 4763 821 4826 bene
836 4765 997 4837 docuerit,
1052 4763 1221 4841 prelatos.

202 4867 348 4928 omnium
358 4865 465 4942 judex
478 4865 554 4925 erit.
569 4863 605 4925 Si
621 4865 732 4925 autern
746 4862 834 4925 bene
849 4863 1000 4926 docuerit
1095 4862 1188 4923 Sicut
1210 4858 1289 4921 tecit
1309 4861 1445 4937 Moyses
1458 4858 1516 4937 qui
1536 4875 1611 4920 cum
1631 4874 1731 4920 mane
1744 4876 1856 4937 usque

196 4964 235 5025 *et
249 4962 336 5024 male
351 4962 484 5034 vixerit,
501 4962 649 5039 seipsum
663 4960 872 5023 condemnat.
887 4961 923 5023 Si
938 4976 1000 5022 aa·
1053 4960 1095 5021 ad
1106 4970 1282 5035 vesperum
1292 4957 1424 5019 sederet
1438 4958 1475 5019 et
1484 4970 1551 5018 non
1562 4959 1674 5033 posset
1683 4957 1850 5022 sustinere

201 5062 268 5126 tem
284 5060 368 5135 bene
386 5060 510 5121 vixerit
525 5059 558 5121 et
572 5059 661 5120 mule
681 5059 842 5133 docuerit,
866 5059 1000 5124 instruit
1049 5054 1275 5135 sequentiam
1306 5052 1422 5133 populi
1451 5052 1615 5133 judicium
1641 5053 1853 5132 postulantis,

201 5152 306 5223 Deum
323 5144 598 5236 quemadmodum
616 5172 693 5219 eum
707 5157 827 5219 debeat
838 5158 999 5221 condem·
1048 5155 1217 5229 tribanos,
1224 5154 1481 5217 oenmrioueset
1496 5153 1802 5230 quinquagenarios
1818 5154 1854 5216 in

198 5274 295 5320 nare.
313 5256 407 5319 Unde
422 5256 604 5332 Gregorius
620 5273 627 5311 ε
644 5272 662 5315 ιι
683 5257 786 5332 cujus
798 5256 868 5318 vitu
882 5256 1000 5334 despi-
1053 5250 1176 5333 populo
1185 5252 1367 5325 cremarit,
1381 5252 1418 5315 ut
1431 5250 1497 5328 ipsi
1512 5250 1642 5312 minora
1658 5252 1855 5328 negotiass-

203 5358 303 5427 citur,
324 5354 429 5415 restat
448 5355 483 5416 ut
504 5356 577 5432 ejus
591 5352 785 5431 predicatio
806 5355 1001 5416 contemna—
1054 5350 1220 5414 lummodo
1228 5350 1430 5430 predicarent,
1448 5348 1490 5410 ad
1505 5365 1542 5411 se
1557 5351 1779 5427 veromajora
1794 5350 1856 5411 de-

201 5460 267 5528 tur,
281 5471 300 5513 a
313 5452 390 5530 quia
402 5451 539 5514 uerbum
554 5452 629 5513 sine
642 5451 729 5511 bona
742 5450 811 5513 mn
824 5452 998 5529 praelatum
1053 5449 1188 5512 terrent.
1221 5451 1304 5520 Quae
1330 5448 1478 5526 quotidie
1505 5462 1565 5526 per
1589 5446 1854 5510 misericordiam

203 5552 282 5614 tacit
300 5548 527 5612 ridiculosum.
554 5550 647 5623 Quod
669 5547 755 5609 bene
775 5549 999 5626 significatum
1016 5570 1019 5577 ⁴
1054 5548 1115 5611 Dei
1129 5547 1281 5610 tammus.

204 5653 255 5714 ost
273 5664 333 5728 per
344 5648 408 5710 lroo
423 5648 509 5727 qirod
525 5664 588 5710 ren
600 5647 865 5712 ammonitarum
877 5664 999 5726 pueros
1015 5714 1020 5723 ,
1093 5646 1273 5709 Videamus
1291 5659 1376 5721 orgo
1391 5643 1537 5722 qualiter
1555 5642 1674 5706 beatus
1691 5644 1855 5707 silvester
