<?xml version="1.0" encoding="UTF-8"?>
<!DOCTYPE html PUBLIC "-//W3C//DTD XHTML 1.0 Transitional//EN"
    "http://www.w3.org/TR/xhtml1/DTD/xhtml1-transitional.dtd">
<html xmlns="http://www.w3.org/1999/xhtml" xml:lang="en" lang="en">
 <head>
  <title>
</title>
<meta http-equiv="Content-Type" content="text/html;charset=utf-8" />
  <meta name='ocr-system' content='tesseract 3.04.00' />
  <meta name='ocr-capabilities' content='ocr_page ocr_carea ocr_par ocr_line ocrx_word'/>
</head>
<body>
  <div class='ocr_page' id='page_1' title='image "./mediiaevibiblio00bottgoog_0483.png"; bbox 0 0 3946 6196; ppageno 0'>
   <div class='ocr_carea' id='block_1_1' title="bbox 841 322 1252 385">
    <p class='ocr_par' dir='ltr' id='par_1_1' title="bbox 841 322 1252 385">
     <span class='ocr_line' id='line_1_1' title="bbox 841 322 1252 385; baseline 0 -2"><span class='ocrx_word' id='word_1_1' title='bbox 841 322 1018 385; x_wconf 79' lang='lat' dir='ltr'><strong>HONORII</strong></span> <span class='ocrx_word' id='word_1_2' title='bbox 1041 324 1084 384; x_wconf 91' lang='lat'>111</span> <span class='ocrx_word' id='word_1_3' title='bbox 1105 323 1252 385; x_wconf 78' lang='lat' dir='ltr'><strong>OPERA.</strong></span> 
     </span>
    </p>
   </div>
   <div class='ocr_carea' id='block_1_2' title="bbox 218 330 276 390">
    <p class='ocr_par' dir='ltr' id='par_1_2' title="bbox 218 330 276 390">
     <span class='ocr_line' id='line_1_2' title="bbox 218 330 276 390; baseline 0 -1"><span class='ocrx_word' id='word_1_4' title='bbox 218 330 276 390; x_wconf 73' lang='grc'>467</span> 
     </span>
    </p>
   </div>
   <div class='ocr_carea' id='block_1_3' title="bbox 217 482 1869 854">
    <p class='ocr_par' dir='ltr' id='par_1_3' title="bbox 217 482 1869 854">
     <span class='ocr_line' id='line_1_3' title="bbox 258 482 1559 597; baseline -0.009 -47"><span class='ocrx_word' id='word_1_5' title='bbox 258 488 473 551; x_wconf 85' lang='lat' dir='ltr'>Decernimus</span> <span class='ocrx_word' id='word_1_6' title='bbox 495 501 574 562; x_wconf 88' lang='lat' dir='ltr'>ergo</span> <span class='ocrx_word' id='word_1_7' title='bbox 596 486 632 546; x_wconf 90' lang='lat' dir='ltr'>ut</span> <span class='ocrx_word' id='word_1_8' title='bbox 646 484 729 546; x_wconf 84' lang='lat' dir='ltr'>nulli</span> <span class='ocrx_word' id='word_1_9' title='bbox 746 483 881 546; x_wconf 88' lang='lat' dir='ltr'>omniuo</span> <span class='ocrx_word' id='word_1_10' title='bbox 901 482 1014 545; x_wconf 93' lang='lat' dir='ltr'>homi·</span> <span class='ocrx_word' id='word_1_11' title='bbox 1380 510 1559 597; x_wconf 59' lang='lat' dir='ltr'>CCCLX]</span> 
     </span>
     <span class='ocr_line' id='line_1_4' title="bbox 218 581 1014 662; baseline -0.009 -12"><span class='ocrx_word' id='word_1_12' title='bbox 218 604 297 650; x_wconf 84' lang='lat' dir='ltr'>nunt</span> <span class='ocrx_word' id='word_1_13' title='bbox 319 585 418 648; x_wconf 89' lang='lat' dir='ltr'>liceat</span> <span class='ocrx_word' id='word_1_14' title='bbox 442 583 615 662; x_wconf 87' lang='lat' dir='ltr'>praelatum</span> <span class='ocrx_word' id='word_1_15' title='bbox 634 581 871 644; x_wconf 87' lang='lat' dir='ltr'>monasterium</span> <span class='ocrx_word' id='word_1_16' title='bbox 890 582 1014 643; x_wconf 87' lang='lat' dir='ltr'>temere</span> 
     </span>
     <span class='ocr_line' id='line_1_5' title="bbox 217 662 1869 764; baseline -0.007 -17"><span class='ocrx_word' id='word_1_17' title='bbox 217 683 423 764; x_wconf 88' lang='lat' dir='ltr'>perturbare,</span> <span class='ocrx_word' id='word_1_18' title='bbox 449 681 508 743; x_wconf 89' lang='lat' dir='ltr'>aut</span> <span class='ocrx_word' id='word_1_19' title='bbox 533 683 606 760; x_wconf 87' lang='lat' dir='ltr'>ejus</span> <span class='ocrx_word' id='word_1_20' title='bbox 621 681 849 759; x_wconf 87' lang='lat' dir='ltr'>possessiones</span> <span class='ocrx_word' id='word_1_21' title='bbox 867 678 1011 751; x_wconf 80' lang='lat' dir='ltr'>auferre,</span> <span class='ocrx_word' id='word_1_22' title='bbox 1067 662 1335 732; x_wconf 54' lang='lat' dir='ltr'>Addlberlffllm</span> <span class='ocrx_word' id='word_1_23' title='bbox 1351 664 1556 724; x_wconf 66' lang='lat' dir='ltr'>Rementem</span> <span class='ocrx_word' id='word_1_24' title='bbox 1569 664 1869 737; x_wconf 73' lang='lat' dir='ltr'>arehiepiscopum</span> 
     </span>
     <span class='ocr_line' id='line_1_6' title="bbox 217 758 1656 854; baseline -0.008 -10"><span class='ocrx_word' id='word_1_25' title='bbox 217 782 272 844; x_wconf 91' lang='lat' dir='ltr'>vel</span> <span class='ocrx_word' id='word_1_26' title='bbox 296 781 422 843; x_wconf 89' lang='lat' dir='ltr'>ablatas</span> <span class='ocrx_word' id='word_1_27' title='bbox 444 780 599 851; x_wconf 87' lang='lat' dir='ltr'>retinere,</span> <span class='ocrx_word' id='word_1_28' title='bbox 616 780 776 851; x_wconf 90' lang='lat' dir='ltr'>minuere,</span> <span class='ocrx_word' id='word_1_29' title='bbox 799 794 858 839; x_wconf 90' lang='lat' dir='ltr'>seu</span> <span class='ocrx_word' id='word_1_30' title='bbox 872 777 1013 854; x_wconf 89' lang='lat' dir='ltr'>quibus·</span> <span class='ocrx_word' id='word_1_31' title='bbox 1268 758 1302 819; x_wconf 71' lang='lat'>0²</span> <span class='ocrx_word' id='word_1_32' title='bbox 1316 761 1556 836; x_wconf 62' lang='lat' dir='ltr'>WWOWOS</span> <span class='ocrx_word' id='word_1_33' title='bbox 1570 763 1656 832; x_wconf 78' lang='lat' dir='ltr'>ejus.</span> 
     </span>
    </p>
   </div>
   <div class='ocr_carea' id='block_1_4' title="bbox 216 876 1827 1070">
    <p class='ocr_par' dir='ltr' id='par_1_4' title="bbox 216 876 1827 1070">
     <span class='ocr_line' id='line_1_7' title="bbox 216 876 1572 963; baseline -0.004 -20"><span class='ocrx_word' id='word_1_34' title='bbox 216 880 298 943; x_wconf 89' lang='lat' dir='ltr'>libet</span> <span class='ocrx_word' id='word_1_35' title='bbox 318 877 550 941; x_wconf 82' lang='lat' dir='ltr'>vexationibus</span> <span class='ocrx_word' id='word_1_36' title='bbox 570 877 721 954; x_wconf 81' lang='lat' dir='ltr'>fatigare.</span> <span class='ocrx_word' id='word_1_37' title='bbox 746 876 809 938; x_wconf 89' lang='lat' dir='ltr'>Sed</span> <span class='ocrx_word' id='word_1_38' title='bbox 829 877 942 955; x_wconf 27' lang='lat' dir='ltr'>,omnia</span> <span class='ocrx_word' id='word_1_39' title='bbox 960 877 1015 937; x_wconf 92' lang='lat' dir='ltr'>iu·</span> <span class='ocrx_word' id='word_1_40' title='bbox 1369 890 1401 948; x_wconf 80' lang='lat'>17</span> <span class='ocrx_word' id='word_1_41' title='bbox 1413 890 1477 963; x_wconf 82' lang='lat' dir='ltr'>juin</span> <span class='ocrx_word' id='word_1_42' title='bbox 1493 890 1572 948; x_wconf 65' lang='lat'><strong>1217.</strong></span> 
     </span>
     <span class='ocr_line' id='line_1_8' title="bbox 217 978 1827 1070; baseline -0.002 -31"><span class='ocrx_word' id='word_1_43' title='bbox 217 980 311 1054; x_wconf 86' lang='lat' dir='ltr'>tegra</span> <span class='ocrx_word' id='word_1_44' title='bbox 352 978 591 1039; x_wconf 77' lang='lat' dir='ltr'>conserventur</span> <span class='ocrx_word' id='word_1_45' title='bbox 626 992 741 1037; x_wconf 89' lang='lat' dir='ltr'>eorum</span> <span class='ocrx_word' id='word_1_46' title='bbox 776 991 835 1054; x_wconf 90' lang='lat' dir='ltr'>pro</span> <span class='ocrx_word' id='word_1_47' title='bbox 873 992 1013 1054; x_wconf 90' lang='lat' dir='ltr'>quorum</span> <span class='ocrx_word' id='word_1_48' title='bbox 1111 1004 1246 1069; x_wconf 74' lang='lat' dir='ltr'>[nouqmc</span> <span class='ocrx_word' id='word_1_49' title='bbox 1268 1004 1827 1070; x_wconf 67' lang='lat' dir='ltr'>noemtteemenem‚t.x1x,p.cetp</span> 
     </span>
    </p>
   </div>
   <div class='ocr_carea' id='block_1_5' title="bbox 216 1075 1873 1548">
    <p class='ocr_par' dir='ltr' id='par_1_5' title="bbox 216 1075 1873 1548">
     <span class='ocr_line' id='line_1_9' title="bbox 217 1075 1870 1184; baseline 0 -47"><span class='ocrx_word' id='word_1_50' title='bbox 217 1075 457 1155; x_wconf 77' lang='lat' dir='ltr'>gubernatione</span> <span class='ocrx_word' id='word_1_51' title='bbox 496 1091 536 1137; x_wconf 89' lang='lat' dir='ltr'>ac</span> <span class='ocrx_word' id='word_1_52' title='bbox 578 1075 820 1137; x_wconf 81' lang='lat' dir='ltr'>sustentatione</span> <span class='ocrx_word' id='word_1_53' title='bbox 855 1090 1013 1136; x_wconf 90' lang='lat' dir='ltr'>concessa</span> <span class='ocrx_word' id='word_1_54' title='bbox 1067 1112 1160 1180; x_wconf 82' lang='lat' dir='ltr'>Quum</span> <span class='ocrx_word' id='word_1_55' title='bbox 1180 1110 1364 1168; x_wconf 55' lang='lat' dir='ltr'><strong>mamam</strong></span> <span class='ocrx_word' id='word_1_56' title='bbox 1381 1113 1459 1184; x_wconf 57' lang='lat' dir='ltr'>pm</span> <span class='ocrx_word' id='word_1_57' title='bbox 1476 1110 1657 1169; x_wconf 46' lang='lat' dir='ltr'><strong>Mardum</strong></span> <span class='ocrx_word' id='word_1_58' title='bbox 1675 1110 1713 1169; x_wconf 56' lang='lat' dir='ltr'>de</span> <span class='ocrx_word' id='word_1_59' title='bbox 1734 1112 1870 1183; x_wconf 52' lang='lat' dir='ltr'>humum</span> 
     </span>
     <span class='ocr_line' id='line_1_10' title="bbox 218 1172 1870 1267; baseline 0.004 -31"><span class='ocrx_word' id='word_1_60' title='bbox 218 1176 305 1247; x_wconf 89' lang='lat' dir='ltr'>sunt,</span> <span class='ocrx_word' id='word_1_61' title='bbox 339 1174 453 1235; x_wconf 90' lang='lat' dir='ltr'>usibus</span> <span class='ocrx_word' id='word_1_62' title='bbox 478 1173 676 1235; x_wconf 90' lang='lat' dir='ltr'>omnimodis</span> <span class='ocrx_word' id='word_1_63' title='bbox 700 1172 885 1251; x_wconf 84' lang='lat' dir='ltr'>protutura.</span> <span class='ocrx_word' id='word_1_64' title='bbox 912 1173 1013 1234; x_wconf 88' lang='lat' dir='ltr'>Salva</span> <span class='ocrx_word' id='word_1_65' title='bbox 1102 1198 1318 1267; x_wconf 51' lang='lat' dir='ltr'>mmmm,</span> <span class='ocrx_word' id='word_1_66' title='bbox 1341 1199 1646 1258; x_wconf 54' lang='lat' dir='ltr'>mmmmm„</span> <span class='ocrx_word' id='word_1_67' title='bbox 1664 1198 1784 1257; x_wconf 78' lang='lat' dir='ltr'>vincum</span> <span class='ocrx_word' id='word_1_68' title='bbox 1803 1200 1870 1257; x_wconf 81' lang='lat' dir='ltr'>sub-</span> 
     </span>
     <span class='ocr_line' id='line_1_11' title="bbox 218 1270 1872 1361; baseline -0.002 -26"><span class='ocrx_word' id='word_1_69' title='bbox 218 1273 522 1350; x_wconf 75' lang='lat' dir='ltr'>sedisapostolicae</span> <span class='ocrx_word' id='word_1_70' title='bbox 542 1272 730 1344; x_wconf 88' lang='lat' dir='ltr'>autoritate,</span> <span class='ocrx_word' id='word_1_71' title='bbox 747 1273 780 1333; x_wconf 89' lang='lat' dir='ltr'>et</span> <span class='ocrx_word' id='word_1_72' title='bbox 799 1271 833 1331; x_wconf 93' lang='lat' dir='ltr'>in</span> <span class='ocrx_word' id='word_1_73' title='bbox 847 1270 1013 1347; x_wconf 89' lang='lat' dir='ltr'>praedictis</span> <span class='ocrx_word' id='word_1_74' title='bbox 1100 1288 1226 1360; x_wconf 83' lang='lat' dir='ltr'>jecisset,</span> <span class='ocrx_word' id='word_1_75' title='bbox 1239 1287 1314 1361; x_wconf 59' lang='lat' dir='ltr'>quoq</span> <span class='ocrx_word' id='word_1_76' title='bbox 1324 1289 1371 1346; x_wconf 87' lang='lat' dir='ltr'>ille</span> <span class='ocrx_word' id='word_1_77' title='bbox 1385 1289 1567 1347; x_wconf 57' lang='lat' dir='ltr'>macrimomc</span> <span class='ocrx_word' id='word_1_78' title='bbox 1582 1289 1681 1346; x_wconf 82' lang='lat' dir='ltr'>illicito</span> <span class='ocrx_word' id='word_1_79' title='bbox 1690 1288 1751 1346; x_wconf 76' lang='lat' dir='ltr'>sibi</span> <span class='ocrx_word' id='word_1_80' title='bbox 1759 1288 1872 1361; x_wconf 64' lang='lat' dir='ltr'>jum.</span> 
     </span>
     <span class='ocr_line' id='line_1_12' title="bbox 217 1370 1873 1450; baseline 0.001 -17"><span class='ocrx_word' id='word_1_81' title='bbox 217 1372 368 1433; x_wconf 89' lang='lat' dir='ltr'>ecclesiis</span> <span class='ocrx_word' id='word_1_82' title='bbox 382 1372 645 1433; x_wconf 69' lang='lat' dir='ltr'>dioecesanorum</span> <span class='ocrx_word' id='word_1_83' title='bbox 661 1370 892 1447; x_wconf 90' lang='lat' dir='ltr'>episcoporum</span> <span class='ocrx_word' id='word_1_84' title='bbox 905 1384 1011 1431; x_wconf 86' lang='lat' dir='ltr'>cano·</span> <span class='ocrx_word' id='word_1_85' title='bbox 1103 1383 1148 1433; x_wconf 86' lang='lat' dir='ltr'>set</span> <span class='ocrx_word' id='word_1_86' title='bbox 1158 1378 1362 1450; x_wconf 75' lang='lat' dir='ltr'>Margaretnm,</span> <span class='ocrx_word' id='word_1_87' title='bbox 1372 1376 1554 1434; x_wconf 84' lang='lat' dir='ltr'>Flaudrensis</span> <span class='ocrx_word' id='word_1_88' title='bbox 1565 1378 1721 1435; x_wconf 73' lang='lat' dir='ltr'>comitissa</span> <span class='ocrx_word' id='word_1_89' title='bbox 1729 1392 1873 1447; x_wconf 83' lang='lat' dir='ltr'>sororem,</span> 
     </span>
     <span class='ocr_line' id='line_1_13' title="bbox 216 1463 1867 1548; baseline -0.005 -17"><span class='ocrx_word' id='word_1_90' title='bbox 216 1471 292 1531; x_wconf 87' lang='lat' dir='ltr'>nica</span> <span class='ocrx_word' id='word_1_91' title='bbox 304 1470 447 1548; x_wconf 85' lang='lat' dir='ltr'>justitia.</span> <span class='ocrx_word' id='word_1_92' title='bbox 461 1469 496 1531; x_wconf 87' lang='lat' dir='ltr'>Si</span> <span class='ocrx_word' id='word_1_93' title='bbox 510 1485 574 1546; x_wconf 90' lang='lat' dir='ltr'>qua</span> <span class='ocrx_word' id='word_1_94' title='bbox 588 1469 689 1544; x_wconf 91' lang='lat' dir='ltr'>igitur</span> <span class='ocrx_word' id='word_1_95' title='bbox 701 1469 736 1529; x_wconf 93' lang='lat' dir='ltr'>in</span> <span class='ocrx_word' id='word_1_96' title='bbox 751 1468 897 1529; x_wconf 78' lang='lat' dir='ltr'>futurum</span> <span class='ocrx_word' id='word_1_97' title='bbox 910 1467 1015 1529; x_wconf 89' lang='lat' dir='ltr'>eccle·</span> <span class='ocrx_word' id='word_1_98' title='bbox 1104 1466 1247 1522; x_wconf 83' lang='lat' dir='ltr'>Honorius</span> <span class='ocrx_word' id='word_1_99' title='bbox 1265 1466 1395 1523; x_wconf 79' lang='lat' dir='ltr'>censuris</span> <span class='ocrx_word' id='word_1_100' title='bbox 1409 1463 1485 1523; x_wconf 87' lang='lat' dir='ltr'>baud</span> <span class='ocrx_word' id='word_1_101' title='bbox 1501 1465 1707 1539; x_wconf 81' lang='lat' dir='ltr'>obsequentem</span> <span class='ocrx_word' id='word_1_102' title='bbox 1725 1480 1797 1523; x_wconf 90' lang='lat' dir='ltr'>eum</span> <span class='ocrx_word' id='word_1_103' title='bbox 1816 1466 1867 1523; x_wconf 83' lang='lat' dir='ltr'>ite·</span> 
     </span>
    </p>
   </div>
   <div class='ocr_carea' id='block_1_6' title="bbox 218 1552 1559 1643">
    <p class='ocr_par' dir='ltr' id='par_1_6' title="bbox 218 1552 1559 1643">
     <span class='ocr_line' id='line_1_14' title="bbox 218 1552 1559 1643; baseline 0.001 -15"><span class='ocrx_word' id='word_1_104' title='bbox 218 1568 354 1629; x_wconf 89' lang='lat' dir='ltr'>siastica</span> <span class='ocrx_word' id='word_1_105' title='bbox 380 1567 583 1628; x_wconf 84' lang='lat' dir='ltr'>secularisve</span> <span class='ocrx_word' id='word_1_106' title='bbox 612 1581 754 1643; x_wconf 89' lang='lat' dir='ltr'>persona</span> <span class='ocrx_word' id='word_1_107' title='bbox 778 1566 865 1626; x_wconf 92' lang='lat' dir='ltr'>hanc</span> <span class='ocrx_word' id='word_1_108' title='bbox 889 1566 1011 1627; x_wconf 75' lang='lat' dir='ltr'>nostrae</span> <span class='ocrx_word' id='word_1_109' title='bbox 1103 1560 1165 1610; x_wconf 70' lang='lat'>¹³¹⁰</span> <span class='ocrx_word' id='word_1_110' title='bbox 1176 1552 1359 1611; x_wconf 85' lang='lat' dir='ltr'>anathemate</span> <span class='ocrx_word' id='word_1_111' title='bbox 1371 1554 1454 1627; x_wconf 84' lang='lat' dir='ltr'>plecti</span> <span class='ocrx_word' id='word_1_112' title='bbox 1467 1553 1559 1629; x_wconf 83' lang='lat' dir='ltr'>jubet.</span> 
     </span>
    </p>
   </div>
   <div class='ocr_carea' id='block_1_7' title="bbox 214 1665 1955 3612">
    <p class='ocr_par' dir='ltr' id='par_1_7' title="bbox 214 1665 1955 3612">
     <span class='ocr_line' id='line_1_15' title="bbox 217 1665 1873 1759; baseline 0 -32"><span class='ocrx_word' id='word_1_113' title='bbox 217 1666 461 1728; x_wconf 87' lang='lat' dir='ltr'>constitutionis</span> <span class='ocrx_word' id='word_1_114' title='bbox 484 1666 639 1743; x_wconf 87' lang='lat' dir='ltr'>paginam</span> <span class='ocrx_word' id='word_1_115' title='bbox 656 1665 778 1738; x_wconf 89' lang='lat' dir='ltr'>sciens,</span> <span class='ocrx_word' id='word_1_116' title='bbox 800 1665 915 1727; x_wconf 89' lang='lat' dir='ltr'>contra</span> <span class='ocrx_word' id='word_1_117' title='bbox 939 1679 1013 1724; x_wconf 90' lang='lat' dir='ltr'>eam</span> <span class='ocrx_word' id='word_1_118' title='bbox 1108 1681 1276 1743; x_wconf 62' lang='lat' dir='ltr'>Honorius</span> <span class='ocrx_word' id='word_1_119' title='bbox 1290 1680 1502 1759; x_wconf 89' lang='lat' dir='ltr'>episcopus...</span> <span class='ocrx_word' id='word_1_120' title='bbox 1527 1680 1781 1743; x_wconf 59' lang='lat' dir='ltr'>venerabilibus</span> <span class='ocrx_word' id='word_1_121' title='bbox 1803 1681 1873 1743; x_wconf 66' lang='lat' dir='ltr'>fra.</span> 
     </span>
     <span class='ocr_line' id='line_1_16' title="bbox 216 1760 1876 1857; baseline -0.001 -31"><span class='ocrx_word' id='word_1_122' title='bbox 216 1765 341 1826; x_wconf 88' lang='lat' dir='ltr'>temere</span> <span class='ocrx_word' id='word_1_123' title='bbox 362 1764 477 1827; x_wconf 86' lang='lat' dir='ltr'>venire</span> <span class='ocrx_word' id='word_1_124' title='bbox 498 1762 687 1836; x_wconf 89' lang='lat' dir='ltr'>tentaverit,</span> <span class='ocrx_word' id='word_1_125' title='bbox 711 1760 855 1824; x_wconf 91' lang='lat' dir='ltr'>secundo</span> <span class='ocrx_word' id='word_1_126' title='bbox 873 1761 1013 1822; x_wconf 88' lang='lat' dir='ltr'>tertiove</span> <span class='ocrx_word' id='word_1_127' title='bbox 1068 1778 1174 1841; x_wconf 65' lang='lat' dir='ltr'>trihus</span> <span class='ocrx_word' id='word_1_128' title='bbox 1199 1778 1449 1857; x_wconf 54' lang='lat' dir='ltr'>mmmmm</span> <span class='ocrx_word' id='word_1_129' title='bbox 1470 1780 1626 1841; x_wconf 61' lang='lat' dir='ltr'>Remengp</span> <span class='ocrx_word' id='word_1_130' title='bbox 1644 1779 1679 1840; x_wconf 61' lang='grc' dir='ltr'>οι</span> <span class='ocrx_word' id='word_1_131' title='bbox 1699 1779 1876 1857; x_wconf 62' lang='lat' dir='ltr'>suflraga-</span> 
     </span>
     <span class='ocr_line' id='line_1_17' title="bbox 217 1860 1524 1954; baseline -0.001 -31"><span class='ocrx_word' id='word_1_132' title='bbox 217 1860 428 1934; x_wconf 88' lang='lat' dir='ltr'>commonita,</span> <span class='ocrx_word' id='word_1_133' title='bbox 451 1862 516 1921; x_wconf 89' lang='lat' dir='ltr'>nisi</span> <span class='ocrx_word' id='word_1_134' title='bbox 536 1863 664 1922; x_wconf 91' lang='lat' dir='ltr'>reatum</span> <span class='ocrx_word' id='word_1_135' title='bbox 685 1876 781 1920; x_wconf 91' lang='lat' dir='ltr'>suum</span> <span class='ocrx_word' id='word_1_136' title='bbox 796 1874 943 1934; x_wconf 89' lang='lat' dir='ltr'>congrua</span> <span class='ocrx_word' id='word_1_137' title='bbox 958 1875 1014 1919; x_wconf 90' lang='lat' dir='ltr'>sa·</span> <span class='ocrx_word' id='word_1_138' title='bbox 1067 1876 1184 1952; x_wconf 66' lang='lat' dir='ltr'>ganeis</span> <span class='ocrx_word' id='word_1_139' title='bbox 1199 1879 1281 1954; x_wconf 59' lang='lat' dir='ltr'>ejus,</span> <span class='ocrx_word' id='word_1_140' title='bbox 1296 1876 1448 1950; x_wconf 60' lang='lat' dir='ltr'>saputem,</span> <span class='ocrx_word' id='word_1_141' title='bbox 1462 1877 1524 1939; x_wconf 63' lang='lat' dir='ltr'>etc,</span> 
     </span>
     <span class='ocr_line' id='line_1_18' title="bbox 216 1956 1875 2052; baseline -0.001 -30"><span class='ocrx_word' id='word_1_142' title='bbox 216 1959 405 2022; x_wconf 83' lang='lat' dir='ltr'>tisiactioue</span> <span class='ocrx_word' id='word_1_143' title='bbox 416 1959 611 2030; x_wconf 83' lang='lat' dir='ltr'>correxerit,</span> <span class='ocrx_word' id='word_1_144' title='bbox 623 1957 797 2036; x_wconf 88' lang='lat' dir='ltr'>potestatis</span> <span class='ocrx_word' id='word_1_145' title='bbox 811 1956 1013 2034; x_wconf 84' lang='lat' dir='ltr'>honorisque</span> <span class='ocrx_word' id='word_1_146' title='bbox 1109 1975 1242 2037; x_wconf 60' lang='lat' dir='ltr'><strong>Utinam</strong></span> <span class='ocrx_word' id='word_1_147' title='bbox 1257 1976 1408 2052; x_wconf 56' lang='lat' dir='ltr'>apfflffia</span> <span class='ocrx_word' id='word_1_148' title='bbox 1423 1974 1479 2037; x_wconf 64' lang='lat'><em>1110</em></span> <span class='ocrx_word' id='word_1_149' title='bbox 1493 1977 1530 2036; x_wconf 89' lang='lat' dir='ltr'>B.</span> <span class='ocrx_word' id='word_1_150' title='bbox 1546 1972 1587 2036; x_wconf 65' lang='grc' dir='ltr'>(ιθ</span> <span class='ocrx_word' id='word_1_151' title='bbox 1600 1974 1757 2046; x_wconf 56' lang='lat' dir='ltr'>Amnis,</span> <span class='ocrx_word' id='word_1_152' title='bbox 1773 1974 1875 2052; x_wconf 59' lang='lat' dir='ltr'>perp.</span> 
     </span>
     <span class='ocr_line' id='line_1_19' title="bbox 217 2055 1874 2149; baseline -0.002 -15"><span class='ocrx_word' id='word_1_153' title='bbox 217 2059 269 2120; x_wconf 72' lang='lat' dir='ltr'>Sssi</span> <span class='ocrx_word' id='word_1_154' title='bbox 285 2059 445 2135; x_wconf 59' lang='lat' dir='ltr'>dignitate</span> <span class='ocrx_word' id='word_1_155' title='bbox 460 2058 582 2129; x_wconf 63' lang='lat' dir='ltr'>careat,</span> <span class='ocrx_word' id='word_1_156' title='bbox 603 2072 761 2133; x_wconf 65' lang='lat' dir='ltr'>reamque</span> <span class='ocrx_word' id='word_1_157' title='bbox 776 2072 812 2116; x_wconf 76' lang='lat'>⁸0</span> <span class='ocrx_word' id='word_1_158' title='bbox 827 2055 938 2117; x_wconf 66' lang='lat' dir='ltr'>diVfflO</span> <span class='ocrx_word' id='word_1_159' title='bbox 956 2058 1014 2133; x_wconf 78' lang='lat' dir='ltr'>J&#39;U·</span> <span class='ocrx_word' id='word_1_160' title='bbox 1069 2071 1141 2144; x_wconf 86' lang='lat' dir='ltr'>dus,</span> <span class='ocrx_word' id='word_1_161' title='bbox 1167 2071 1364 2149; x_wconf 90' lang='lat' dir='ltr'>impudicus,</span> <span class='ocrx_word' id='word_1_162' title='bbox 1385 2072 1438 2133; x_wconf 90' lang='lat' dir='ltr'>vel</span> <span class='ocrx_word' id='word_1_163' title='bbox 1457 2087 1635 2149; x_wconf 84' lang='lat' dir='ltr'>percussus</span> <span class='ocrx_word' id='word_1_164' title='bbox 1652 2071 1797 2143; x_wconf 90' lang='lat' dir='ltr'>doleret,</span> <span class='ocrx_word' id='word_1_165' title='bbox 1819 2070 1874 2132; x_wconf 88' lang='lat' dir='ltr'>vel</span> 
     </span>
     <span class='ocr_line' id='line_1_20' title="bbox 218 2155 1874 2251; baseline 0 -21"><span class='ocrx_word' id='word_1_166' title='bbox 218 2156 305 2218; x_wconf 86' lang='lat' dir='ltr'>dicio</span> <span class='ocrx_word' id='word_1_167' title='bbox 323 2158 467 2251; x_wconf 73' lang='lat' dir='ltr'>existere</span> <span class='ocrx_word' id='word_1_168' title='bbox 482 2156 522 2217; x_wconf 80' lang='lat' dir='ltr'>de</span> <span class='ocrx_word' id='word_1_169' title='bbox 542 2156 728 2233; x_wconf 80' lang='lat' dir='ltr'>perpetrata</span> <span class='ocrx_word' id='word_1_170' title='bbox 744 2155 920 2232; x_wconf 68' lang='lat' dir='ltr'>ieiunitate</span> <span class='ocrx_word' id='word_1_171' title='bbox 935 2169 1015 2230; x_wconf 80' lang='lat' dir='ltr'>coe·</span> <span class='ocrx_word' id='word_1_172' title='bbox 1068 2169 1200 2231; x_wconf 77' lang='lat' dir='ltr'>attritus</span> <span class='ocrx_word' id='word_1_173' title='bbox 1224 2170 1390 2249; x_wconf 75' lang='lat' dir='ltr'>acciperet</span> <span class='ocrx_word' id='word_1_174' title='bbox 1412 2166 1642 2246; x_wconf 76' lang='lat' dir='ltr'>disciplinam!</span> <span class='ocrx_word' id='word_1_175' title='bbox 1667 2170 1704 2230; x_wconf 82' lang='lat' dir='ltr'>ut</span> <span class='ocrx_word' id='word_1_176' title='bbox 1731 2170 1874 2230; x_wconf 69' lang='lat' dir='ltr'>vexate</span> 
     </span>
     <span class='ocr_line' id='line_1_21' title="bbox 217 2253 1877 2344; baseline 0.002 -28"><span class='ocrx_word' id='word_1_177' title='bbox 217 2253 1013 2331; x_wconf 87' lang='lat' dir='ltr'>noscatetasacratissimocorporeacsanguine</span> <span class='ocrx_word' id='word_1_178' title='bbox 1069 2266 1133 2327; x_wconf 74' lang='lat' dir='ltr'>sihi</span> <span class='ocrx_word' id='word_1_179' title='bbox 1161 2269 1297 2344; x_wconf 63' lang='lat' dir='ltr'>pareret</span> <span class='ocrx_word' id='word_1_180' title='bbox 1323 2267 1546 2338; x_wconf 70' lang='lat' dir='ltr'>intellectum,</span> <span class='ocrx_word' id='word_1_181' title='bbox 1576 2267 1609 2328; x_wconf 77' lang='lat' dir='ltr'>ct</span> <span class='ocrx_word' id='word_1_182' title='bbox 1636 2267 1766 2343; x_wconf 71' lang='lat' dir='ltr'>repleta</span> <span class='ocrx_word' id='word_1_183' title='bbox 1798 2270 1877 2343; x_wconf 77' lang='lat' dir='ltr'>ejus</span> 
     </span>
     <span class='ocr_line' id='line_1_22' title="bbox 216 2351 1872 2441; baseline 0.001 -27"><span class='ocrx_word' id='word_1_184' title='bbox 216 2353 277 2414; x_wconf 87' lang='lat' dir='ltr'>Dei</span> <span class='ocrx_word' id='word_1_185' title='bbox 312 2354 344 2414; x_wconf 91' lang='lat' dir='ltr'>et</span> <span class='ocrx_word' id='word_1_186' title='bbox 379 2352 509 2414; x_wconf 89' lang='lat' dir='ltr'>Domini</span> <span class='ocrx_word' id='word_1_187' title='bbox 545 2351 775 2428; x_wconf 84' lang='lat' dir='ltr'>Redempteris</span> <span class='ocrx_word' id='word_1_188' title='bbox 802 2351 907 2413; x_wconf 92' lang='lat' dir='ltr'>nostri</span> <span class='ocrx_word' id='word_1_189' title='bbox 933 2353 1013 2412; x_wconf 90' lang='lat' dir='ltr'>Jesu</span> <span class='ocrx_word' id='word_1_190' title='bbox 1069 2364 1155 2425; x_wconf 64' lang='lat'><strong>[2010</strong></span> <span class='ocrx_word' id='word_1_191' title='bbox 1172 2364 1369 2441; x_wconf 68' lang='lat' dir='ltr'>ignominia,</span> <span class='ocrx_word' id='word_1_192' title='bbox 1392 2366 1579 2426; x_wconf 63' lang='lat' dir='ltr'>cccccccccc</span> <span class='ocrx_word' id='word_1_193' title='bbox 1598 2364 1724 2441; x_wconf 66' lang='lat' dir='ltr'>impius</span> <span class='ocrx_word' id='word_1_194' title='bbox 1745 2366 1781 2426; x_wconf 78' lang='lat' dir='ltr'>ct</span> <span class='ocrx_word' id='word_1_195' title='bbox 1804 2379 1872 2425; x_wconf 77' lang='lat' dir='ltr'>ncn</span> 
     </span>
     <span class='ocr_line' id='line_1_23' title="bbox 217 2449 1874 2540; baseline 0.002 -29"><span class='ocrx_word' id='word_1_196' title='bbox 217 2451 340 2513; x_wconf 88' lang='lat' dir='ltr'>Christi</span> <span class='ocrx_word' id='word_1_197' title='bbox 363 2450 475 2511; x_wconf 90' lang='lat' dir='ltr'>aliena</span> <span class='ocrx_word' id='word_1_198' title='bbox 499 2450 567 2521; x_wconf 85' lang='lat' dir='ltr'>flat,</span> <span class='ocrx_word' id='word_1_199' title='bbox 590 2450 688 2527; x_wconf 87' lang='lat' dir='ltr'>atque</span> <span class='ocrx_word' id='word_1_200' title='bbox 707 2449 741 2509; x_wconf 92' lang='lat' dir='ltr'>in</span> <span class='ocrx_word' id='word_1_201' title='bbox 759 2450 906 2510; x_wconf 82' lang='lat' dir='ltr'>extremo</span> <span class='ocrx_word' id='word_1_202' title='bbox 931 2463 1014 2508; x_wconf 84' lang='lat' dir='ltr'>exa·</span> <span class='ocrx_word' id='word_1_203' title='bbox 1068 2464 1166 2535; x_wconf 64' lang='lat' dir='ltr'>essct,</span> <span class='ocrx_word' id='word_1_204' title='bbox 1196 2477 1239 2523; x_wconf 90' lang='lat' dir='ltr'>ne</span> <span class='ocrx_word' id='word_1_205' title='bbox 1264 2462 1511 2539; x_wconf 60' lang='lat' dir='ltr'>vituperaretur</span> <span class='ocrx_word' id='word_1_206' title='bbox 1531 2477 1590 2540; x_wconf 75' lang='lat' dir='ltr'>pcc</span> <span class='ocrx_word' id='word_1_207' title='bbox 1610 2478 1687 2523; x_wconf 80' lang='lat' dir='ltr'>cum</span> <span class='ocrx_word' id='word_1_208' title='bbox 1714 2462 1874 2523; x_wconf 74' lang='lat' dir='ltr'>ministe-</span> 
     </span>
     <span class='ocr_line' id='line_1_24' title="bbox 217 2546 1874 2636; baseline -0.003 -26"><span class='ocrx_word' id='word_1_209' title='bbox 217 2549 306 2610; x_wconf 91' lang='lat' dir='ltr'>mine</span> <span class='ocrx_word' id='word_1_210' title='bbox 334 2548 493 2610; x_wconf 78' lang='lat' dir='ltr'>districtae</span> <span class='ocrx_word' id='word_1_211' title='bbox 521 2547 691 2624; x_wconf 90' lang='lat' dir='ltr'>subjaceat</span> <span class='ocrx_word' id='word_1_212' title='bbox 719 2546 849 2608; x_wconf 87' lang='lat' dir='ltr'>ultioni.</span> <span class='ocrx_word' id='word_1_213' title='bbox 880 2547 1016 2609; x_wconf 82' lang='lat' dir='ltr'>Crtnctis</span> <span class='ocrx_word' id='word_1_214' title='bbox 1067 2560 1155 2622; x_wconf 70' lang='lat' dir='ltr'>rium</span> <span class='ocrx_word' id='word_1_215' title='bbox 1178 2559 1305 2623; x_wconf 61' lang='lat' dir='ltr'>ordinis</span> <span class='ocrx_word' id='word_1_216' title='bbox 1327 2558 1505 2632; x_wconf 61' lang='lat' dir='ltr'>clericalis,</span> <span class='ocrx_word' id='word_1_217' title='bbox 1531 2574 1594 2621; x_wconf 89' lang='lat' dir='ltr'>nec</span> <span class='ocrx_word' id='word_1_218' title='bbox 1611 2559 1763 2636; x_wconf 60' lang='lat' dir='ltr'>operiret</span> <span class='ocrx_word' id='word_1_219' title='bbox 1786 2575 1874 2622; x_wconf 91' lang='lat' dir='ltr'>con-</span> 
     </span>
     <span class='ocr_line' id='line_1_25' title="bbox 217 2641 1955 2735; baseline 0.004 -27"><span class='ocrx_word' id='word_1_220' title='bbox 217 2650 328 2708; x_wconf 85' lang='lat' dir='ltr'>antem</span> <span class='ocrx_word' id='word_1_221' title='bbox 350 2646 458 2707; x_wconf 88' lang='lat' dir='ltr'>eidem</span> <span class='ocrx_word' id='word_1_222' title='bbox 473 2646 545 2708; x_wconf 89' lang='lat' dir='ltr'>loco</span> <span class='ocrx_word' id='word_1_223' title='bbox 556 2649 634 2724; x_wconf 91' lang='lat' dir='ltr'>jura</span> <span class='ocrx_word' id='word_1_224' title='bbox 652 2662 711 2707; x_wconf 89' lang='lat' dir='ltr'>sua</span> <span class='ocrx_word' id='word_1_225' title='bbox 733 2644 954 2717; x_wconf 82' lang='lat' dir='ltr'>servantibus,</span> <span class='ocrx_word' id='word_1_226' title='bbox 971 2645 1015 2709; x_wconf 89' lang='lat' dir='ltr'>sit</span> <span class='ocrx_word' id='word_1_227' title='bbox 1068 2656 1154 2721; x_wconf 75' lang='lat' dir='ltr'>fusio</span> <span class='ocrx_word' id='word_1_228' title='bbox 1169 2657 1298 2719; x_wconf 82' lang='lat' dir='ltr'>vultum</span> <span class='ocrx_word' id='word_1_229' title='bbox 1312 2659 1397 2735; x_wconf 75' lang='lat' dir='ltr'>ejiis,</span> <span class='ocrx_word' id='word_1_230' title='bbox 1422 2658 1478 2719; x_wconf 82' lang='lat' dir='ltr'>sed</span> <span class='ocrx_word' id='word_1_231' title='bbox 1496 2672 1517 2717; x_wconf 86' lang='lat' dir='ltr'>a</span> <span class='ocrx_word' id='word_1_232' title='bbox 1534 2672 1614 2718; x_wconf 85' lang='lat' dir='ltr'>voce</span> <span class='ocrx_word' id='word_1_233' title='bbox 1629 2655 1872 2735; x_wconf 79' lang='lat' dir='ltr'>exprobrantis</span> <span class='ocrx_word' id='word_1_234' title='bbox 1952 2641 1955 2645; x_wconf 70' lang='grc'><strong>’</strong></span> 
     </span>
     <span class='ocr_line' id='line_1_26' title="bbox 216 2743 1874 2833; baseline 0.002 -28"><span class='ocrx_word' id='word_1_235' title='bbox 216 2760 283 2824; x_wconf 83' lang='lat' dir='ltr'>pax</span> <span class='ocrx_word' id='word_1_236' title='bbox 304 2745 436 2806; x_wconf 88' lang='lat' dir='ltr'>Domini</span> <span class='ocrx_word' id='word_1_237' title='bbox 457 2745 563 2807; x_wconf 91' lang='lat' dir='ltr'>nostri</span> <span class='ocrx_word' id='word_1_238' title='bbox 583 2748 662 2807; x_wconf 88' lang='lat' dir='ltr'>Jesu</span> <span class='ocrx_word' id='word_1_239' title='bbox 684 2743 826 2816; x_wconf 85' lang='lat' dir='ltr'>Christi,</span> <span class='ocrx_word' id='word_1_240' title='bbox 850 2743 1013 2822; x_wconf 89' lang='lat' dir='ltr'>quatenus</span> <span class='ocrx_word' id='word_1_241' title='bbox 1068 2755 1100 2817; x_wconf 78' lang='lat' dir='ltr'>ct</span> <span class='ocrx_word' id='word_1_242' title='bbox 1124 2753 1332 2833; x_wconf 69' lang='lat' dir='ltr'>obloquentis</span> <span class='ocrx_word' id='word_1_243' title='bbox 1358 2755 1445 2816; x_wconf 73' lang='lat' dir='ltr'>esset</span> <span class='ocrx_word' id='word_1_244' title='bbox 1472 2754 1649 2827; x_wconf 81' lang='lat' dir='ltr'>immunis,</span> <span class='ocrx_word' id='word_1_245' title='bbox 1678 2770 1786 2831; x_wconf 83' lang='lat' dir='ltr'>quum</span> <span class='ocrx_word' id='word_1_246' title='bbox 1813 2770 1874 2832; x_wconf 81' lang='lat' dir='ltr'>per</span> 
     </span>
     <span class='ocr_line' id='line_1_27' title="bbox 217 2841 1874 2930; baseline 0.002 -25"><span class='ocrx_word' id='word_1_247' title='bbox 217 2846 250 2906; x_wconf 91' lang='lat' dir='ltr'>et</span> <span class='ocrx_word' id='word_1_248' title='bbox 262 2844 316 2905; x_wconf 89' lang='lat' dir='ltr'>bic</span> <span class='ocrx_word' id='word_1_249' title='bbox 336 2842 477 2906; x_wconf 81' lang='lat' dir='ltr'>fructum</span> <span class='ocrx_word' id='word_1_250' title='bbox 493 2842 587 2905; x_wconf 89' lang='lat' dir='ltr'>bonae</span> <span class='ocrx_word' id='word_1_251' title='bbox 605 2842 747 2904; x_wconf 90' lang='lat' dir='ltr'>actionis</span> <span class='ocrx_word' id='word_1_252' title='bbox 767 2842 963 2919; x_wconf 89' lang='lat' dir='ltr'>percipiant,</span> <span class='ocrx_word' id='word_1_253' title='bbox 981 2841 1014 2903; x_wconf 92' lang='lat' dir='ltr'>et</span> <span class='ocrx_word' id='word_1_254' title='bbox 1068 2852 1162 2913; x_wconf 76' lang='lat' dir='ltr'>illum</span> <span class='ocrx_word' id='word_1_255' title='bbox 1182 2868 1302 2914; x_wconf 79' lang='lat' dir='ltr'>ncmcn</span> <span class='ocrx_word' id='word_1_256' title='bbox 1317 2851 1473 2914; x_wconf 71' lang='lat' dir='ltr'>clericale</span> <span class='ocrx_word' id='word_1_257' title='bbox 1493 2852 1530 2912; x_wconf 83' lang='lat' dir='ltr'>in</span> <span class='ocrx_word' id='word_1_258' title='bbox 1542 2851 1696 2928; x_wconf 81' lang='lat' dir='ltr'>gentihus</span> <span class='ocrx_word' id='word_1_259' title='bbox 1708 2851 1874 2930; x_wconf 83' lang='lat' dir='ltr'>blasphe-</span> 
     </span>
     <span class='ocr_line' id='line_1_28' title="bbox 217 2939 1872 3027; baseline 0.006 -24"><span class='ocrx_word' id='word_1_260' title='bbox 217 2942 304 3019; x_wconf 90' lang='lat' dir='ltr'>apud</span> <span class='ocrx_word' id='word_1_261' title='bbox 333 2941 519 3004; x_wconf 88' lang='lat' dir='ltr'>districtum</span> <span class='ocrx_word' id='word_1_262' title='bbox 543 2941 690 3020; x_wconf 90' lang='lat' dir='ltr'>judicem</span> <span class='ocrx_word' id='word_1_263' title='bbox 714 2939 851 3017; x_wconf 90' lang='lat' dir='ltr'>praemia</span> <span class='ocrx_word' id='word_1_264' title='bbox 879 2940 1013 3001; x_wconf 78' lang='lat' dir='ltr'>aeternae</span> <span class='ocrx_word' id='word_1_265' title='bbox 1068 2950 1186 3022; x_wconf 66' lang='lat' dir='ltr'>matur,</span> <span class='ocrx_word' id='word_1_266' title='bbox 1204 2953 1236 3011; x_wconf 84' lang='lat' dir='ltr'>ct</span> <span class='ocrx_word' id='word_1_267' title='bbox 1248 2966 1307 3012; x_wconf 82' lang='lat' dir='ltr'>vos</span> <span class='ocrx_word' id='word_1_268' title='bbox 1320 2965 1379 3027; x_wconf 82' lang='lat' dir='ltr'>pro</span> <span class='ocrx_word' id='word_1_269' title='bbox 1392 2965 1432 3011; x_wconf 85' lang='lat' dir='ltr'>eo</span> <span class='ocrx_word' id='word_1_270' title='bbox 1447 2950 1488 3010; x_wconf 90' lang='lat' dir='ltr'>de</span> <span class='ocrx_word' id='word_1_271' title='bbox 1505 2949 1648 3027; x_wconf 87' lang='lat' dir='ltr'>quadam</span> <span class='ocrx_word' id='word_1_272' title='bbox 1661 2949 1872 3025; x_wconf 77' lang='lat' dir='ltr'>negligentia</span> 
     </span>
     <span class='ocr_line' id='line_1_29' title="bbox 217 3040 1874 3124; baseline 0.005 -24"><span class='ocrx_word' id='word_1_273' title='bbox 217 3040 310 3117; x_wconf 84' lang='lat' dir='ltr'>pacis</span> <span class='ocrx_word' id='word_1_274' title='bbox 323 3040 506 3101; x_wconf 90' lang='lat' dir='ltr'>inveniant.</span> <span class='ocrx_word' id='word_1_275' title='bbox 521 3040 638 3099; x_wconf 77' lang='lat' dir='ltr'>Arinen.</span> <span class='ocrx_word' id='word_1_276' title='bbox 1067 3047 1247 3109; x_wconf 87' lang='lat' dir='ltr'>videamini</span> <span class='ocrx_word' id='word_1_277' title='bbox 1262 3046 1436 3124; x_wconf 82' lang='lat' dir='ltr'>arguendi.</span> <span class='ocrx_word' id='word_1_278' title='bbox 1451 3047 1512 3108; x_wconf 88' lang='lat' dir='ltr'>Ille</span> <span class='ocrx_word' id='word_1_279' title='bbox 1522 3063 1677 3124; x_wconf 88' lang='lat' dir='ltr'>namque,</span> <span class='ocrx_word' id='word_1_280' title='bbox 1692 3063 1770 3108; x_wconf 89' lang='lat' dir='ltr'>cum</span> <span class='ocrx_word' id='word_1_281' title='bbox 1782 3049 1874 3109; x_wconf 87' lang='lat' dir='ltr'>esset</span> 
     </span>
     <span class='ocr_line' id='line_1_30' title="bbox 257 3134 1873 3212; baseline 0.001 -13"><span class='ocrx_word' id='word_1_282' title='bbox 257 3140 375 3199; x_wconf 89' lang='lat' dir='ltr'>Datum</span> <span class='ocrx_word' id='word_1_283' title='bbox 409 3136 581 3212; x_wconf 81' lang='lat' dir='ltr'>Anagniae,</span> <span class='ocrx_word' id='word_1_284' title='bbox 605 3151 664 3212; x_wconf 92' lang='lat' dir='ltr'>per</span> <span class='ocrx_word' id='word_1_285' title='bbox 696 3151 830 3196; x_wconf 86' lang='lat' dir='ltr'>manum</span> <span class='ocrx_word' id='word_1_286' title='bbox 863 3134 1012 3197; x_wconf 87' lang='lat' dir='ltr'>Rainerii</span> <span class='ocrx_word' id='word_1_287' title='bbox 1068 3144 1292 3207; x_wconf 72' lang='lat' dir='ltr'>subdiaconus</span> <span class='ocrx_word' id='word_1_288' title='bbox 1327 3145 1361 3207; x_wconf 75' lang='lat' dir='ltr'>ct</span> <span class='ocrx_word' id='word_1_289' title='bbox 1392 3146 1510 3211; x_wconf 76' lang='lat' dir='ltr'>cantor</span> <span class='ocrx_word' id='word_1_290' title='bbox 1542 3144 1693 3206; x_wconf 76' lang='lat' dir='ltr'>ecclesiae</span> <span class='ocrx_word' id='word_1_291' title='bbox 1729 3145 1873 3211; x_wconf 70' lang='lat' dir='ltr'>Laedu-</span> 
     </span>
     <span class='ocr_line' id='line_1_31' title="bbox 217 3232 1872 3319; baseline 0.003 -24"><span class='ocrx_word' id='word_1_292' title='bbox 217 3235 341 3296; x_wconf 86' lang='lat' dir='ltr'>sanctae</span> <span class='ocrx_word' id='word_1_293' title='bbox 374 3236 531 3296; x_wconf 85' lang='lat' dir='ltr'>Romanae</span> <span class='ocrx_word' id='word_1_294' title='bbox 562 3232 718 3295; x_wconf 85' lang='lat' dir='ltr'>Ecclesiae</span> <span class='ocrx_word' id='word_1_295' title='bbox 746 3232 1013 3294; x_wconf 87' lang='lat' dir='ltr'>vicecancellarii</span> <span class='ocrx_word' id='word_1_296' title='bbox 1069 3243 1195 3313; x_wconf 73' lang='lat' dir='ltr'>nensis,</span> <span class='ocrx_word' id='word_1_297' title='bbox 1212 3242 1310 3319; x_wconf 83' lang='lat' dir='ltr'>prout</span> <span class='ocrx_word' id='word_1_298' title='bbox 1328 3242 1496 3304; x_wconf 85' lang='lat' dir='ltr'>notorium</span> <span class='ocrx_word' id='word_1_299' title='bbox 1518 3258 1593 3303; x_wconf 81' lang='lat' dir='ltr'>csse</span> <span class='ocrx_word' id='word_1_300' title='bbox 1611 3242 1754 3314; x_wconf 85' lang='lat' dir='ltr'>constat,</span> <span class='ocrx_word' id='word_1_301' title='bbox 1782 3244 1872 3305; x_wconf 86' lang='lat' dir='ltr'>totus</span> 
     </span>
     <span class='ocr_line' id='line_1_32' title="bbox 218 3331 1873 3417; baseline -0.005 -25"><span class='ocrx_word' id='word_1_302' title='bbox 218 3332 325 3410; x_wconf 88' lang='lat' dir='ltr'>pridie</span> <span class='ocrx_word' id='word_1_303' title='bbox 338 3331 413 3392; x_wconf 90' lang='lat' dir='ltr'>idus</span> <span class='ocrx_word' id='word_1_304' title='bbox 422 3332 511 3409; x_wconf 91' lang='lat' dir='ltr'>julii,</span> <span class='ocrx_word' id='word_1_305' title='bbox 523 3331 705 3393; x_wconf 89' lang='lat' dir='ltr'>indictione</span> <span class='ocrx_word' id='word_1_306' title='bbox 721 3331 847 3408; x_wconf 86' lang='lat' dir='ltr'>quinta,</span> <span class='ocrx_word' id='word_1_307' title='bbox 859 3333 1015 3393; x_wconf 88' lang='lat' dir='ltr'>lucarna-</span> <span class='ocrx_word' id='word_1_308' title='bbox 1068 3338 1197 3401; x_wconf 78' lang='lat' dir='ltr'>dicatus</span> <span class='ocrx_word' id='word_1_309' title='bbox 1222 3339 1325 3411; x_wconf 74' lang='lat' dir='ltr'>vitiis,</span> <span class='ocrx_word' id='word_1_310' title='bbox 1350 3338 1529 3400; x_wconf 70' lang='lat' dir='ltr'>virtutihus</span> <span class='ocrx_word' id='word_1_311' title='bbox 1551 3337 1726 3409; x_wconf 69' lang='lat' dir='ltr'>abdicatis,</span> <span class='ocrx_word' id='word_1_312' title='bbox 1751 3339 1873 3417; x_wconf 66' lang='lat' dir='ltr'>prodi.</span> 
     </span>
     <span class='ocr_line' id='line_1_33' title="bbox 217 3428 1872 3514; baseline 0.002 -21"><span class='ocrx_word' id='word_1_313' title='bbox 217 3430 320 3493; x_wconf 90' lang='lat' dir='ltr'>tionis</span> <span class='ocrx_word' id='word_1_314' title='bbox 331 3430 511 3492; x_wconf 85' lang='lat' dir='ltr'>Dominicae</span> <span class='ocrx_word' id='word_1_315' title='bbox 520 3431 704 3501; x_wconf 82' lang='lat' dir='ltr'>anu01217,</span> <span class='ocrx_word' id='word_1_316' title='bbox 713 3428 923 3506; x_wconf 78' lang='lat' dir='ltr'>pontificatus</span> <span class='ocrx_word' id='word_1_317' title='bbox 933 3444 1013 3490; x_wconf 88' lang='lat' dir='ltr'>vero</span> <span class='ocrx_word' id='word_1_318' title='bbox 1069 3438 1193 3499; x_wconf 79' lang='lat' dir='ltr'>tionem</span> <span class='ocrx_word' id='word_1_319' title='bbox 1224 3437 1325 3498; x_wconf 82' lang='lat' dir='ltr'>simul</span> <span class='ocrx_word' id='word_1_320' title='bbox 1360 3437 1525 3501; x_wconf 84' lang='lat' dir='ltr'>commisit</span> <span class='ocrx_word' id='word_1_321' title='bbox 1555 3438 1588 3499; x_wconf 88' lang='lat' dir='ltr'>et</span> <span class='ocrx_word' id='word_1_322' title='bbox 1615 3436 1768 3514; x_wconf 84' lang='lat' dir='ltr'>raptum,</span> <span class='ocrx_word' id='word_1_323' title='bbox 1794 3437 1872 3497; x_wconf 91' lang='lat' dir='ltr'>dum</span> 
     </span>
     <span class='ocr_line' id='line_1_34' title="bbox 214 3527 1872 3612; baseline 0.004 -24"><span class='ocrx_word' id='word_1_324' title='bbox 214 3528 343 3599; x_wconf 60' lang='lat' dir='ltr'>‚domini</span> <span class='ocrx_word' id='word_1_325' title='bbox 359 3529 498 3591; x_wconf 88' lang='lat' dir='ltr'>Honorii</span> <span class='ocrx_word' id='word_1_326' title='bbox 511 3544 604 3606; x_wconf 78' lang='lat' dir='ltr'>papae</span> <span class='ocrx_word' id='word_1_327' title='bbox 619 3528 709 3589; x_wconf 90' lang='lat' dir='ltr'>tertii</span> <span class='ocrx_word' id='word_1_328' title='bbox 720 3543 807 3588; x_wconf 88' lang='lat' dir='ltr'>anno</span> <span class='ocrx_word' id='word_1_329' title='bbox 823 3527 940 3603; x_wconf 87' lang='lat' dir='ltr'>primo.</span> <span class='ocrx_word' id='word_1_330' title='bbox 1067 3534 1213 3598; x_wconf 89' lang='lat' dir='ltr'>nobilem</span> <span class='ocrx_word' id='word_1_331' title='bbox 1231 3535 1394 3597; x_wconf 89' lang='lat' dir='ltr'>nulierem</span> <span class='ocrx_word' id='word_1_332' title='bbox 1418 3536 1654 3612; x_wconf 87' lang='lat' dir='ltr'>Margaretam,</span> <span class='ocrx_word' id='word_1_333' title='bbox 1674 3549 1872 3611; x_wconf 87' lang='lat' dir='ltr'>germanam</span> 
     </span>
    </p>
   </div>
   <div class='ocr_carea' id='block_1_8' title="bbox 219 3624 1017 5552">
    <p class='ocr_par' dir='ltr' id='par_1_8' title="bbox 257 3624 1011 3702">
     <span class='ocr_line' id='line_1_35' title="bbox 257 3624 1011 3702; baseline -0.003 -15"><span class='ocrx_word' id='word_1_334' title='bbox 257 3629 325 3702; x_wconf 82' lang='lat' dir='ltr'>Ego</span> <span class='ocrx_word' id='word_1_335' title='bbox 344 3627 523 3698; x_wconf 90' lang='lat' dir='ltr'>Honorius,</span> <span class='ocrx_word' id='word_1_336' title='bbox 541 3626 720 3688; x_wconf 81' lang='lat' dir='ltr'>Catholicae</span> <span class='ocrx_word' id='word_1_337' title='bbox 737 3625 893 3686; x_wconf 86' lang='lat' dir='ltr'>Ecclesiae</span> <span class='ocrx_word' id='word_1_338' title='bbox 910 3624 1011 3702; x_wconf 87' lang='lat' dir='ltr'>episc.</span> 
     </span>
    </p>

    <p class='ocr_par' dir='ltr' id='par_1_9' title="bbox 258 3723 919 3801">
     <span class='ocr_line' id='line_1_36' title="bbox 258 3723 919 3801; baseline -0.006 -15"><span class='ocrx_word' id='word_1_339' title='bbox 258 3727 326 3801; x_wconf 86' lang='lat' dir='ltr'>Ego</span> <span class='ocrx_word' id='word_1_340' title='bbox 342 3725 510 3801; x_wconf 89' lang='lat' dir='ltr'>Pelagius,</span> <span class='ocrx_word' id='word_1_341' title='bbox 522 3724 719 3786; x_wconf 85' lang='lat' dir='ltr'>Albanensis</span> <span class='ocrx_word' id='word_1_342' title='bbox 734 3723 919 3800; x_wconf 90' lang='lat' dir='ltr'>episcopus.</span> 
     </span>
    </p>

    <p class='ocr_par' dir='ltr' id='par_1_10' title="bbox 258 3822 885 3899">
     <span class='ocr_line' id='line_1_37' title="bbox 258 3822 885 3899; baseline -0.003 -16"><span class='ocrx_word' id='word_1_343' title='bbox 258 3825 326 3899; x_wconf 87' lang='lat' dir='ltr'>Ego</span> <span class='ocrx_word' id='word_1_344' title='bbox 338 3823 455 3893; x_wconf 78' lang='lat' dir='ltr'>(luido,</span> <span class='ocrx_word' id='word_1_345' title='bbox 471 3823 686 3884; x_wconf 85' lang='lat' dir='ltr'>Prenestinus</span> <span class='ocrx_word' id='word_1_346' title='bbox 700 3822 885 3898; x_wconf 88' lang='lat' dir='ltr'>episcopus.</span> 
     </span>
    </p>

    <p class='ocr_par' dir='ltr' id='par_1_11' title="bbox 219 3919 1014 4098">
     <span class='ocr_line' id='line_1_38' title="bbox 257 3919 1014 3998; baseline -0.005 -15"><span class='ocrx_word' id='word_1_347' title='bbox 257 3925 326 3998; x_wconf 84' lang='lat' dir='ltr'>Ego</span> <span class='ocrx_word' id='word_1_348' title='bbox 346 3922 502 3994; x_wconf 75' lang='lat' dir='ltr'>electius,</span> <span class='ocrx_word' id='word_1_349' title='bbox 527 3919 720 3983; x_wconf 89' lang='lat' dir='ltr'>Portuensis</span> <span class='ocrx_word' id='word_1_350' title='bbox 737 3920 771 3981; x_wconf 90' lang='lat' dir='ltr'>et</span> <span class='ocrx_word' id='word_1_351' title='bbox 792 3920 915 3981; x_wconf 80' lang='lat' dir='ltr'>sanctae</span> <span class='ocrx_word' id='word_1_352' title='bbox 942 3921 1014 3981; x_wconf 91' lang='lat' dir='ltr'>Ru·</span> 
     </span>
     <span class='ocr_line' id='line_1_39' title="bbox 219 4018 531 4098; baseline 0 -18"><span class='ocrx_word' id='word_1_353' title='bbox 219 4018 330 4097; x_wconf 85' lang='lat' dir='ltr'>phinee</span> <span class='ocrx_word' id='word_1_354' title='bbox 345 4021 531 4098; x_wconf 87' lang='lat' dir='ltr'>episcopus.</span> 
     </span>
    </p>

    <p class='ocr_par' dir='ltr' id='par_1_12' title="bbox 260 4115 885 4193">
     <span class='ocr_line' id='line_1_40' title="bbox 260 4115 885 4193; baseline -0.008 -14"><span class='ocrx_word' id='word_1_355' title='bbox 260 4120 327 4193; x_wconf 83' lang='lat' dir='ltr'>Ego</span> <span class='ocrx_word' id='word_1_356' title='bbox 344 4121 472 4190; x_wconf 89' lang='lat' dir='ltr'>Petrus,</span> <span class='ocrx_word' id='word_1_357' title='bbox 491 4115 684 4178; x_wconf 82' lang='lat' dir='ltr'>sabinensis</span> <span class='ocrx_word' id='word_1_358' title='bbox 699 4115 885 4192; x_wconf 89' lang='lat' dir='ltr'>episcopus.</span> 
     </span>
    </p>

    <p class='ocr_par' dir='ltr' id='par_1_13' title="bbox 219 4212 1013 4396">
     <span class='ocr_line' id='line_1_41' title="bbox 257 4212 1013 4291; baseline -0.004 -15"><span class='ocrx_word' id='word_1_359' title='bbox 257 4218 323 4291; x_wconf 83' lang='lat' dir='ltr'>Ege</span> <span class='ocrx_word' id='word_1_360' title='bbox 352 4217 429 4286; x_wconf 89' lang='lat' dir='ltr'>Leo,</span> <span class='ocrx_word' id='word_1_361' title='bbox 467 4216 596 4275; x_wconf 85' lang='lat' dir='ltr'>Sanctae</span> <span class='ocrx_word' id='word_1_362' title='bbox 624 4212 737 4273; x_wconf 84' lang='lat' dir='ltr'>Crucis</span> <span class='ocrx_word' id='word_1_363' title='bbox 769 4212 802 4272; x_wconf 92' lang='lat' dir='ltr'>in</span> <span class='ocrx_word' id='word_1_364' title='bbox 828 4212 1013 4274; x_wconf 88' lang='lat' dir='ltr'>Jerusalem</span> 
     </span>
     <span class='ocr_line' id='line_1_42' title="bbox 219 4310 595 4396; baseline -0.005 -24"><span class='ocrx_word' id='word_1_365' title='bbox 219 4310 595 4396; x_wconf 73' lang='lat' dir='ltr'>presbytercardinalis.</span> 
     </span>
    </p>

    <p class='ocr_par' dir='ltr' id='par_1_14' title="bbox 219 4407 1014 4585">
     <span class='ocr_line' id='line_1_43' title="bbox 260 4407 1014 4486; baseline -0.003 -15"><span class='ocrx_word' id='word_1_366' title='bbox 260 4413 327 4485; x_wconf 85' lang='lat' dir='ltr'>Ego</span> <span class='ocrx_word' id='word_1_367' title='bbox 350 4408 524 4480; x_wconf 79' lang='lat' dir='ltr'>liebertus,</span> <span class='ocrx_word' id='word_1_368' title='bbox 550 4407 646 4470; x_wconf 86' lang='lat' dir='ltr'>titulo</span> <span class='ocrx_word' id='word_1_369' title='bbox 670 4408 776 4469; x_wconf 89' lang='lat' dir='ltr'>sancti</span> <span class='ocrx_word' id='word_1_370' title='bbox 799 4407 958 4486; x_wconf 88' lang='lat' dir='ltr'>Stephani</span> <span class='ocrx_word' id='word_1_371' title='bbox 979 4409 1014 4470; x_wconf 92' lang='lat' dir='ltr'>in</span> 
     </span>
     <span class='ocr_line' id='line_1_44' title="bbox 219 4505 841 4585; baseline -0.003 -17"><span class='ocrx_word' id='word_1_372' title='bbox 219 4511 331 4570; x_wconf 85' lang='lat' dir='ltr'>rnonte</span> <span class='ocrx_word' id='word_1_373' title='bbox 346 4507 449 4569; x_wconf 89' lang='lat' dir='ltr'>Coelio</span> <span class='ocrx_word' id='word_1_374' title='bbox 464 4506 635 4585; x_wconf 79' lang='lat' dir='ltr'>presbyter</span> <span class='ocrx_word' id='word_1_375' title='bbox 649 4505 841 4567; x_wconf 89' lang='lat' dir='ltr'>cardinalis.</span> 
     </span>
    </p>

    <p class='ocr_par' dir='ltr' id='par_1_15' title="bbox 220 4602 1017 4783">
     <span class='ocr_line' id='line_1_45' title="bbox 260 4602 1017 4685; baseline -0.003 -18"><span class='ocrx_word' id='word_1_376' title='bbox 260 4609 327 4684; x_wconf 84' lang='lat' dir='ltr'>Ego</span> <span class='ocrx_word' id='word_1_377' title='bbox 342 4607 540 4685; x_wconf 86' lang='lat' dir='ltr'>Stephanus,</span> <span class='ocrx_word' id='word_1_378' title='bbox 553 4604 707 4668; x_wconf 75' lang='lat' dir='ltr'>Basilicas</span> <span class='ocrx_word' id='word_1_379' title='bbox 720 4602 893 4666; x_wconf 91' lang='lat' dir='ltr'>duodecim</span> <span class='ocrx_word' id='word_1_380' title='bbox 908 4607 1017 4681; x_wconf 84' lang='lat' dir='ltr'>Apos-</span> 
     </span>
     <span class='ocr_line' id='line_1_46' title="bbox 220 4703 753 4783; baseline -0.009 -15"><span class='ocrx_word' id='word_1_381' title='bbox 220 4706 362 4768; x_wconf 89' lang='lat' dir='ltr'>tolorum</span> <span class='ocrx_word' id='word_1_382' title='bbox 373 4705 547 4783; x_wconf 74' lang='lat' dir='ltr'>presbyter</span> <span class='ocrx_word' id='word_1_383' title='bbox 562 4703 753 4765; x_wconf 84' lang='lat' dir='ltr'>cardinalis.</span> 
     </span>
    </p>

    <p class='ocr_par' dir='ltr' id='par_1_16' title="bbox 220 4801 1015 4963">
     <span class='ocr_line' id='line_1_47' title="bbox 260 4801 1015 4880; baseline -0.007 -15"><span class='ocrx_word' id='word_1_384' title='bbox 260 4807 328 4880; x_wconf 84' lang='lat' dir='ltr'>Ego</span> <span class='ocrx_word' id='word_1_385' title='bbox 355 4803 471 4874; x_wconf 84' lang='lat' dir='ltr'>Guido,</span> <span class='ocrx_word' id='word_1_386' title='bbox 502 4801 609 4864; x_wconf 90' lang='lat' dir='ltr'>sancti</span> <span class='ocrx_word' id='word_1_387' title='bbox 639 4801 793 4863; x_wconf 91' lang='lat' dir='ltr'>Nicholai</span> <span class='ocrx_word' id='word_1_388' title='bbox 812 4802 848 4863; x_wconf 91' lang='lat' dir='ltr'>in</span> <span class='ocrx_word' id='word_1_389' title='bbox 881 4816 1015 4862; x_wconf 87' lang='lat' dir='ltr'>carcere</span> 
     </span>
     <span class='ocr_line' id='line_1_48' title="bbox 220 4899 749 4963; baseline -0.008 0"><span class='ocrx_word' id='word_1_390' title='bbox 220 4901 373 4963; x_wconf 85' lang='lat' dir='ltr'>Tulliano</span> <span class='ocrx_word' id='word_1_391' title='bbox 384 4902 544 4963; x_wconf 89' lang='lat' dir='ltr'>diaconus</span> <span class='ocrx_word' id='word_1_392' title='bbox 557 4899 749 4962; x_wconf 88' lang='lat' dir='ltr'>cardinalis.</span> 
     </span>
    </p>

    <p class='ocr_par' dir='ltr' id='par_1_17' title="bbox 221 4997 1016 5161">
     <span class='ocr_line' id='line_1_49' title="bbox 261 4997 1016 5075; baseline -0.005 -15"><span class='ocrx_word' id='word_1_393' title='bbox 261 5002 328 5075; x_wconf 84' lang='lat' dir='ltr'>Ego</span> <span class='ocrx_word' id='word_1_394' title='bbox 342 5000 553 5071; x_wconf 89' lang='lat' dir='ltr'>Octavianus,</span> <span class='ocrx_word' id='word_1_395' title='bbox 567 4999 756 5061; x_wconf 88' lang='lat' dir='ltr'>sanctorum</span> <span class='ocrx_word' id='word_1_396' title='bbox 768 4997 877 5074; x_wconf 89' lang='lat' dir='ltr'>Sergii</span> <span class='ocrx_word' id='word_1_397' title='bbox 887 4997 921 5058; x_wconf 90' lang='lat' dir='ltr'>et</span> <span class='ocrx_word' id='word_1_398' title='bbox 932 4999 1016 5059; x_wconf 89' lang='lat' dir='ltr'>Bac-</span> 
     </span>
     <span class='ocr_line' id='line_1_50' title="bbox 221 5095 659 5161; baseline -0.014 0"><span class='ocrx_word' id='word_1_399' title='bbox 221 5096 275 5161; x_wconf 88' lang='lat' dir='ltr'>chi</span> <span class='ocrx_word' id='word_1_400' title='bbox 291 5097 451 5158; x_wconf 88' lang='lat' dir='ltr'>diaconus</span> <span class='ocrx_word' id='word_1_401' title='bbox 467 5095 659 5159; x_wconf 85' lang='lat' dir='ltr'>cardinalis.</span> 
     </span>
    </p>

    <p class='ocr_par' dir='ltr' id='par_1_18' title="bbox 221 5192 1016 5357">
     <span class='ocr_line' id='line_1_51' title="bbox 260 5192 1016 5271; baseline -0.008 -13"><span class='ocrx_word' id='word_1_402' title='bbox 260 5198 328 5271; x_wconf 83' lang='lat' dir='ltr'>Ego</span> <span class='ocrx_word' id='word_1_403' title='bbox 360 5197 540 5266; x_wconf 89' lang='lat' dir='ltr'>Romanus,</span> <span class='ocrx_word' id='word_1_404' title='bbox 574 5192 681 5255; x_wconf 89' lang='lat' dir='ltr'>sancti</span> <span class='ocrx_word' id='word_1_405' title='bbox 706 5193 825 5270; x_wconf 83' lang='lat' dir='ltr'>Angeli</span> <span class='ocrx_word' id='word_1_406' title='bbox 855 5192 1016 5255; x_wconf 90' lang='lat' dir='ltr'>diaconus</span> 
     </span>
     <span class='ocr_line' id='line_1_52' title="bbox 221 5294 413 5357; baseline -0.021 0"><span class='ocrx_word' id='word_1_407' title='bbox 221 5294 413 5357; x_wconf 87' lang='lat' dir='ltr'>cardinalis.</span> 
     </span>
    </p>

    <p class='ocr_par' dir='ltr' id='par_1_19' title="bbox 221 5387 1017 5552">
     <span class='ocr_line' id='line_1_53' title="bbox 261 5387 1017 5470; baseline -0.007 -15"><span class='ocrx_word' id='word_1_408' title='bbox 261 5395 327 5469; x_wconf 83' lang='lat' dir='ltr'>Ego</span> <span class='ocrx_word' id='word_1_409' title='bbox 353 5390 550 5470; x_wconf 88' lang='lat' dir='ltr'>Stephanus,</span> <span class='ocrx_word' id='word_1_410' title='bbox 568 5387 673 5451; x_wconf 91' lang='lat' dir='ltr'>sancti</span> <span class='ocrx_word' id='word_1_411' title='bbox 695 5388 831 5451; x_wconf 80' lang='lat' dir='ltr'>Adriani</span> <span class='ocrx_word' id='word_1_412' title='bbox 855 5388 1017 5451; x_wconf 88' lang='lat' dir='ltr'>diaconus</span> 
     </span>
     <span class='ocr_line' id='line_1_54' title="bbox 221 5489 413 5552; baseline -0.01 -1"><span class='ocrx_word' id='word_1_413' title='bbox 221 5489 413 5552; x_wconf 85' lang='lat' dir='ltr'>cardinalis.</span> 
     </span>
    </p>
   </div>
   <div class='ocr_carea' id='block_1_9' title="bbox 1069 3631 1873 5268">
    <p class='ocr_par' dir='ltr' id='par_1_20' title="bbox 1069 3631 1872 4669">
     <span class='ocr_line' id='line_1_55' title="bbox 1069 3631 1870 3695; baseline 0 -3"><span class='ocrx_word' id='word_1_414' title='bbox 1069 3631 1190 3693; x_wconf 92' lang='lat' dir='ltr'>nobilis</span> <span class='ocrx_word' id='word_1_415' title='bbox 1210 3632 1360 3694; x_wconf 91' lang='lat' dir='ltr'>mulieris</span> <span class='ocrx_word' id='word_1_416' title='bbox 1383 3633 1546 3695; x_wconf 87' lang='lat' dir='ltr'>Johannae</span> <span class='ocrx_word' id='word_1_417' title='bbox 1566 3632 1746 3694; x_wconf 82' lang='lat' dir='ltr'>cornitissae</span> <span class='ocrx_word' id='word_1_418' title='bbox 1765 3632 1870 3693; x_wconf 84' lang='lat' dir='ltr'>Flan-</span> 
     </span>
     <span class='ocr_line' id='line_1_56' title="bbox 1069 3729 1869 3807; baseline 0 -16"><span class='ocrx_word' id='word_1_419' title='bbox 1069 3730 1213 3803; x_wconf 90' lang='lat' dir='ltr'>drensis,</span> <span class='ocrx_word' id='word_1_420' title='bbox 1233 3747 1301 3791; x_wconf 87' lang='lat' dir='ltr'>suae</span> <span class='ocrx_word' id='word_1_421' title='bbox 1320 3730 1397 3793; x_wconf 82' lang='lat' dir='ltr'>ndei</span> <span class='ocrx_word' id='word_1_422' title='bbox 1418 3730 1694 3797; x_wconf 85' lang='lat' dir='ltr'>commendatam,</span> <span class='ocrx_word' id='word_1_423' title='bbox 1716 3729 1761 3791; x_wconf 87' lang='lat' dir='ltr'>de</span> <span class='ocrx_word' id='word_1_424' title='bbox 1785 3745 1869 3807; x_wconf 89' lang='lat' dir='ltr'>quo-</span> 
     </span>
     <span class='ocr_line' id='line_1_57' title="bbox 1069 3826 1868 3889; baseline 0 -2"><span class='ocrx_word' id='word_1_425' title='bbox 1069 3827 1144 3888; x_wconf 91' lang='lat' dir='ltr'>dam</span> <span class='ocrx_word' id='word_1_426' title='bbox 1160 3829 1268 3889; x_wconf 88' lang='lat' dir='ltr'>castre</span> <span class='ocrx_word' id='word_1_427' title='bbox 1283 3827 1511 3889; x_wconf 84' lang='lat' dir='ltr'>fraudulenter</span> <span class='ocrx_word' id='word_1_428' title='bbox 1523 3829 1556 3889; x_wconf 89' lang='lat' dir='ltr'>et</span> <span class='ocrx_word' id='word_1_429' title='bbox 1576 3827 1741 3889; x_wconf 89' lang='lat' dir='ltr'>violenter</span> <span class='ocrx_word' id='word_1_430' title='bbox 1759 3826 1868 3888; x_wconf 89' lang='lat' dir='ltr'>abdu-</span> 
     </span>
     <span class='ocr_line' id='line_1_58' title="bbox 1069 3925 1870 4003; baseline -0.001 -16"><span class='ocrx_word' id='word_1_431' title='bbox 1069 3941 1158 3997; x_wconf 88' lang='lat' dir='ltr'>cens,</span> <span class='ocrx_word' id='word_1_432' title='bbox 1182 3942 1256 3989; x_wconf 90' lang='lat' dir='ltr'>eam</span> <span class='ocrx_word' id='word_1_433' title='bbox 1275 3925 1479 3987; x_wconf 90' lang='lat' dir='ltr'>matrimonii</span> <span class='ocrx_word' id='word_1_434' title='bbox 1493 3925 1692 4003; x_wconf 87' lang='lat' dir='ltr'>velamento,</span> <span class='ocrx_word' id='word_1_435' title='bbox 1710 3925 1799 4001; x_wconf 88' lang='lat' dir='ltr'>quod</span> <span class='ocrx_word' id='word_1_436' title='bbox 1816 3941 1870 3986; x_wconf 91' lang='lat' dir='ltr'>ne·</span> 
     </span>
     <span class='ocr_line' id='line_1_59' title="bbox 1069 4022 1868 4102; baseline -0.001 -19"><span class='ocrx_word' id='word_1_437' title='bbox 1069 4039 1234 4102; x_wconf 86' lang='lat' dir='ltr'>quaquam</span> <span class='ocrx_word' id='word_1_438' title='bbox 1261 4022 1462 4085; x_wconf 89' lang='lat' dir='ltr'>contrahere</span> <span class='ocrx_word' id='word_1_439' title='bbox 1487 4022 1627 4100; x_wconf 87' lang='lat' dir='ltr'>poteret,</span> <span class='ocrx_word' id='word_1_440' title='bbox 1655 4022 1774 4084; x_wconf 89' lang='lat' dir='ltr'>illicito</span> <span class='ocrx_word' id='word_1_441' title='bbox 1802 4022 1868 4083; x_wconf 87' lang='lat' dir='ltr'>sibi</span> 
     </span>
     <span class='ocr_line' id='line_1_60' title="bbox 1069 4120 1872 4197; baseline -0.001 -16"><span class='ocrx_word' id='word_1_442' title='bbox 1069 4121 1268 4182; x_wconf 89' lang='lat' dir='ltr'>commercio</span> <span class='ocrx_word' id='word_1_443' title='bbox 1281 4120 1468 4197; x_wconf 89' lang='lat' dir='ltr'>copulavit:</span> <span class='ocrx_word' id='word_1_444' title='bbox 1489 4136 1599 4195; x_wconf 90' lang='lat' dir='ltr'>quam,</span> <span class='ocrx_word' id='word_1_445' title='bbox 1614 4121 1651 4183; x_wconf 92' lang='lat' dir='ltr'>ut</span> <span class='ocrx_word' id='word_1_446' title='bbox 1667 4120 1872 4196; x_wconf 82' lang='lat' dir='ltr'>apostasiam</span> 
     </span>
     <span class='ocr_line' id='line_1_61' title="bbox 1070 4217 1872 4296; baseline -0.002 -18"><span class='ocrx_word' id='word_1_447' title='bbox 1070 4218 1249 4295; x_wconf 88' lang='lat' dir='ltr'>proditioni</span> <span class='ocrx_word' id='word_1_448' title='bbox 1271 4219 1304 4280; x_wconf 92' lang='lat' dir='ltr'>et</span> <span class='ocrx_word' id='word_1_449' title='bbox 1327 4218 1436 4296; x_wconf 89' lang='lat' dir='ltr'>raptui</span> <span class='ocrx_word' id='word_1_450' title='bbox 1461 4217 1656 4288; x_wconf 88' lang='lat' dir='ltr'>cumularet,</span> <span class='ocrx_word' id='word_1_451' title='bbox 1684 4219 1798 4293; x_wconf 88' lang='lat' dir='ltr'>spreto</span> <span class='ocrx_word' id='word_1_452' title='bbox 1818 4217 1872 4276; x_wconf 92' lang='lat' dir='ltr'>di-</span> 
     </span>
     <span class='ocr_line' id='line_1_62' title="bbox 1069 4314 1868 4393; baseline -0.004 -16"><span class='ocrx_word' id='word_1_453' title='bbox 1069 4316 1147 4377; x_wconf 88' lang='lat' dir='ltr'>vino</span> <span class='ocrx_word' id='word_1_454' title='bbox 1175 4316 1295 4377; x_wconf 88' lang='lat' dir='ltr'>timore</span> <span class='ocrx_word' id='word_1_455' title='bbox 1318 4317 1351 4377; x_wconf 89' lang='lat' dir='ltr'>et</span> <span class='ocrx_word' id='word_1_456' title='bbox 1370 4315 1499 4393; x_wconf 87' lang='lat' dir='ltr'>abjecta</span> <span class='ocrx_word' id='word_1_457' title='bbox 1525 4314 1713 4376; x_wconf 87' lang='lat' dir='ltr'>reverentia</span> <span class='ocrx_word' id='word_1_458' title='bbox 1737 4314 1868 4375; x_wconf 89' lang='lat' dir='ltr'>ordinis</span> 
     </span>
     <span class='ocr_line' id='line_1_63' title="bbox 1070 4412 1871 4489; baseline -0.002 -15"><span class='ocrx_word' id='word_1_459' title='bbox 1070 4413 1246 4485; x_wconf 88' lang='lat' dir='ltr'>clericalis,</span> <span class='ocrx_word' id='word_1_460' title='bbox 1263 4413 1406 4476; x_wconf 88' lang='lat' dir='ltr'>detinuit</span> <span class='ocrx_word' id='word_1_461' title='bbox 1424 4412 1588 4489; x_wconf 88' lang='lat' dir='ltr'>impudice</span> <span class='ocrx_word' id='word_1_462' title='bbox 1607 4412 1782 4473; x_wconf 84' lang='lat' dir='ltr'>inanimae</span> <span class='ocrx_word' id='word_1_463' title='bbox 1801 4427 1871 4473; x_wconf 83' lang='lat' dir='ltr'>suae</span> 
     </span>
     <span class='ocr_line' id='line_1_64' title="bbox 1070 4508 1871 4589; baseline -0.001 -17"><span class='ocrx_word' id='word_1_464' title='bbox 1070 4511 1253 4589; x_wconf 90' lang='lat' dir='ltr'>periculum</span> <span class='ocrx_word' id='word_1_465' title='bbox 1278 4511 1312 4573; x_wconf 90' lang='lat' dir='ltr'>et</span> <span class='ocrx_word' id='word_1_466' title='bbox 1336 4525 1472 4572; x_wconf 90' lang='lat' dir='ltr'>enorme</span> <span class='ocrx_word' id='word_1_467' title='bbox 1489 4510 1682 4571; x_wconf 89' lang='lat' dir='ltr'>scandalum</span> <span class='ocrx_word' id='word_1_468' title='bbox 1701 4508 1871 4586; x_wconf 88' lang='lat' dir='ltr'>plurimo·</span> 
     </span>
     <span class='ocr_line' id='line_1_65' title="bbox 1069 4625 1155 4669; baseline -0.012 0"><span class='ocrx_word' id='word_1_469' title='bbox 1069 4625 1155 4669; x_wconf 90' lang='lat' dir='ltr'>rum.</span> 
     </span>
    </p>

    <p class='ocr_par' dir='ltr' id='par_1_21' title="bbox 1069 4703 1873 5268">
     <span class='ocr_line' id='line_1_66' title="bbox 1111 4703 1872 4784; baseline -0.004 -16"><span class='ocrx_word' id='word_1_470' title='bbox 1111 4706 1215 4778; x_wconf 88' lang='lat' dir='ltr'>Unde,</span> <span class='ocrx_word' id='word_1_471' title='bbox 1240 4723 1340 4784; x_wconf 90' lang='lat' dir='ltr'>quum</span> <span class='ocrx_word' id='word_1_472' title='bbox 1368 4705 1432 4767; x_wconf 94' lang='lat' dir='ltr'>hoc</span> <span class='ocrx_word' id='word_1_473' title='bbox 1459 4705 1501 4769; x_wconf 88' lang='lat' dir='ltr'>ad</span> <span class='ocrx_word' id='word_1_474' title='bbox 1527 4703 1731 4766; x_wconf 89' lang='lat' dir='ltr'>audientiam</span> <span class='ocrx_word' id='word_1_475' title='bbox 1760 4703 1872 4766; x_wconf 82' lang='lat' dir='ltr'>felicis</span> 
     </span>
     <span class='ocr_line' id='line_1_67' title="bbox 1069 4803 1873 4880; baseline -0.002 -15"><span class='ocrx_word' id='word_1_476' title='bbox 1069 4804 1238 4866; x_wconf 89' lang='lat' dir='ltr'>memoriae</span> <span class='ocrx_word' id='word_1_477' title='bbox 1271 4803 1456 4866; x_wconf 85' lang='lat' dir='ltr'>innocentii</span> <span class='ocrx_word' id='word_1_478' title='bbox 1486 4805 1584 4880; x_wconf 84' lang='lat' dir='ltr'>Papae</span> <span class='ocrx_word' id='word_1_479' title='bbox 1612 4803 1873 4879; x_wconf 87' lang='lat' dir='ltr'>praedecessoris</span> 
     </span>
     <span class='ocr_line' id='line_1_68' title="bbox 1071 4899 1871 4979; baseline -0.005 -15"><span class='ocrx_word' id='word_1_480' title='bbox 1071 4903 1175 4964; x_wconf 91' lang='lat' dir='ltr'>nostri</span> <span class='ocrx_word' id='word_1_481' title='bbox 1200 4902 1407 4979; x_wconf 89' lang='lat' dir='ltr'>pervenisset</span> <span class='ocrx_word' id='word_1_482' title='bbox 1430 4917 1473 4962; x_wconf 85' lang='lat' dir='ltr'>ex</span> <span class='ocrx_word' id='word_1_483' title='bbox 1493 4899 1655 4961; x_wconf 89' lang='lat' dir='ltr'>relatione</span> <span class='ocrx_word' id='word_1_484' title='bbox 1678 4900 1871 4971; x_wconf 90' lang='lat' dir='ltr'>multorum,</span> 
     </span>
     <span class='ocr_line' id='line_1_69' title="bbox 1070 4997 1871 5077; baseline -0.002 -16"><span class='ocrx_word' id='word_1_485' title='bbox 1070 5001 1170 5062; x_wconf 90' lang='lat' dir='ltr'>immo</span> <span class='ocrx_word' id='word_1_486' title='bbox 1185 5016 1228 5061; x_wconf 86' lang='lat' dir='ltr'>ex</span> <span class='ocrx_word' id='word_1_487' title='bbox 1242 4998 1432 5061; x_wconf 89' lang='lat' dir='ltr'>testimonio</span> <span class='ocrx_word' id='word_1_488' title='bbox 1445 4997 1691 5077; x_wconf 87' lang='lat' dir='ltr'>quamplurium</span> <span class='ocrx_word' id='word_1_489' title='bbox 1708 4997 1871 5074; x_wconf 85' lang='lat' dir='ltr'>praelato·</span> 
     </span>
     <span class='ocr_line' id='line_1_70' title="bbox 1070 5093 1870 5172; baseline -0.006 -13"><span class='ocrx_word' id='word_1_490' title='bbox 1070 5114 1156 5170; x_wconf 88' lang='lat' dir='ltr'>rum,</span> <span class='ocrx_word' id='word_1_491' title='bbox 1173 5100 1205 5159; x_wconf 91' lang='lat' dir='ltr'>et</span> <span class='ocrx_word' id='word_1_492' title='bbox 1225 5097 1368 5161; x_wconf 89' lang='lat' dir='ltr'>aliorum</span> <span class='ocrx_word' id='word_1_493' title='bbox 1390 5096 1455 5158; x_wconf 85' lang='lat' dir='ltr'>tide</span> <span class='ocrx_word' id='word_1_494' title='bbox 1469 5094 1645 5172; x_wconf 90' lang='lat' dir='ltr'>dignorum</span> <span class='ocrx_word' id='word_1_495' title='bbox 1668 5093 1725 5171; x_wconf 90' lang='lat' dir='ltr'>qui</span> <span class='ocrx_word' id='word_1_496' title='bbox 1746 5093 1789 5155; x_wconf 91' lang='lat' dir='ltr'>ad</span> <span class='ocrx_word' id='word_1_497' title='bbox 1805 5110 1870 5172; x_wconf 91' lang='lat' dir='ltr'>ge-</span> 
     </span>
     <span class='ocr_line' id='line_1_71' title="bbox 1071 5191 1872 5268; baseline -0.006 -10"><span class='ocrx_word' id='word_1_498' title='bbox 1071 5195 1186 5258; x_wconf 89' lang='lat' dir='ltr'>nerale</span> <span class='ocrx_word' id='word_1_499' title='bbox 1219 5194 1403 5257; x_wconf 85' lang='lat' dir='ltr'>Concilium</span> <span class='ocrx_word' id='word_1_500' title='bbox 1437 5191 1680 5264; x_wconf 85' lang='lat' dir='ltr'>couvenerant,</span> <span class='ocrx_word' id='word_1_501' title='bbox 1717 5191 1872 5268; x_wconf 89' lang='lat' dir='ltr'>plenarie</span> 
     </span>
    </p>
   </div>
   <div class='ocr_carea' id='block_1_10' title="bbox 1072 5282 1964 5467">
    <p class='ocr_par' dir='ltr' id='par_1_22' title="bbox 1072 5282 1964 5467">
     <span class='ocr_line' id='line_1_72' title="bbox 1072 5282 1964 5369; baseline 0 -14"><span class='ocrx_word' id='word_1_502' title='bbox 1072 5293 1286 5365; x_wconf 88' lang='lat' dir='ltr'>constitisset,</span> <span class='ocrx_word' id='word_1_503' title='bbox 1319 5293 1353 5353; x_wconf 93' lang='lat' dir='ltr'>in</span> <span class='ocrx_word' id='word_1_504' title='bbox 1387 5290 1561 5369; x_wconf 85' lang='lat' dir='ltr'>praelatum</span> <span class='ocrx_word' id='word_1_505' title='bbox 1596 5288 1783 5366; x_wconf 86' lang='lat' dir='ltr'>apostatam</span> <span class='ocrx_word' id='word_1_506' title='bbox 1814 5306 1874 5353; x_wconf 87' lang='lat' dir='ltr'>ore</span> <span class='ocrx_word' id='word_1_507' title='bbox 1963 5282 1964 5355; x_wconf 74' lang='lat' dir='ltr'>s</span> 
     </span>
     <span class='ocr_line' id='line_1_73' title="bbox 1072 5385 1964 5467; baseline -0.006 -16"><span class='ocrx_word' id='word_1_508' title='bbox 1072 5390 1205 5467; x_wconf 90' lang='lat' dir='ltr'>proprio</span> <span class='ocrx_word' id='word_1_509' title='bbox 1220 5386 1574 5451; x_wconf 84' lang='lat' dir='ltr'>excommunicationis</span> <span class='ocrx_word' id='word_1_510' title='bbox 1586 5385 1787 5447; x_wconf 85' lang='lat' dir='ltr'>sententiam</span> <span class='ocrx_word' id='word_1_511' title='bbox 1801 5402 1875 5464; x_wconf 90' lang='lat' dir='ltr'>pro·</span> <span class='ocrx_word' id='word_1_512' title='bbox 1963 5408 1964 5411; x_wconf 41' lang='lat'>¹</span> 
     </span>
    </p>
   </div>
   <div class='ocr_carea' id='block_1_11' title="bbox 1077 5482 1875 5569">
    <p class='ocr_par' dir='ltr' id='par_1_23' title="bbox 1077 5482 1875 5569">
     <span class='ocr_line' id='line_1_74' title="bbox 1077 5482 1875 5569; baseline -0.004 -19"><span class='ocrx_word' id='word_1_513' title='bbox 1077 5488 1239 5564; x_wconf 88' lang='lat' dir='ltr'>mulgavit</span> <span class='ocrx_word' id='word_1_514' title='bbox 1249 5485 1308 5569; x_wconf 87' lang='lat'>(1),</span> <span class='ocrx_word' id='word_1_515' title='bbox 1319 5487 1402 5551; x_wconf 86' lang='lat' dir='ltr'>dans</span> <span class='ocrx_word' id='word_1_516' title='bbox 1416 5484 1509 5548; x_wconf 90' lang='lat' dir='ltr'>vohis</span> <span class='ocrx_word' id='word_1_517' title='bbox 1524 5484 1594 5545; x_wconf 89' lang='lat' dir='ltr'>suls</span> <span class='ocrx_word' id='word_1_518' title='bbox 1609 5482 1729 5546; x_wconf 88' lang='lat' dir='ltr'>litteris</span> <span class='ocrx_word' id='word_1_519' title='bbox 1742 5482 1777 5544; x_wconf 91' lang='lat' dir='ltr'>in</span> <span class='ocrx_word' id='word_1_520' title='bbox 1785 5500 1875 5565; x_wconf 72' lang='lat' dir='ltr'>prm·</span> 
     </span>
    </p>
   </div>
   <div class='ocr_carea' id='block_1_12' title="bbox 258 5658 1184 5765">
    <p class='ocr_par' dir='ltr' id='par_1_24' title="bbox 258 5658 1184 5765">
     <span class='ocr_line' id='line_1_75' title="bbox 258 5658 1184 5765; baseline 0.004 -21"><span class='ocrx_word' id='word_1_521' title='bbox 258 5691 299 5762; x_wconf 75' lang='lat' dir='ltr'>tl)</span> <span class='ocrx_word' id='word_1_522' title='bbox 314 5658 471 5747; x_wconf 81' lang='lat' dir='ltr'>innocentii</span> <span class='ocrx_word' id='word_1_523' title='bbox 487 5692 595 5748; x_wconf 84' lang='lat' dir='ltr'>litteras</span> <span class='ocrx_word' id='word_1_524' title='bbox 609 5691 684 5760; x_wconf 84' lang='lat' dir='ltr'>vide,</span> <span class='ocrx_word' id='word_1_525' title='bbox 702 5690 775 5747; x_wconf 84' lang='lat' dir='ltr'>inter</span> <span class='ocrx_word' id='word_1_526' title='bbox 794 5689 856 5762; x_wconf 81' lang='lat' dir='ltr'>ojus</span> <span class='ocrx_word' id='word_1_527' title='bbox 873 5691 1018 5749; x_wconf 79' lang='lat' dir='ltr'>Pontificis</span> <span class='ocrx_word' id='word_1_528' title='bbox 1037 5690 1184 5765; x_wconf 83' lang='lat' dir='ltr'>epistolas.</span> 
     </span>
    </p>
   </div>
   <div class='ocr_carea' id='block_1_13' title="bbox 0 0 1980 6196">
    <p class='ocr_par' dir='ltr' id='par_1_25' title="bbox 0 0 1980 6196">
     <span class='ocr_line' id='line_1_76' title="bbox 0 0 1980 6196; baseline 0 0"><span class='ocrx_word' id='word_1_529' title='bbox 0 0 1980 6196; x_wconf 95' lang='lat' dir='ltr'> </span> 
     </span>
    </p>
   </div>
  </div>
 </body>
</html>
