3980 6206
200 282 259 339 743

240 440 359 501 Datum
395 440 508 500 Romae
535 437 621 515 apud
653 438 809 501 Sanctum
844 440 994 511 Petrum,

199 536 310 599 idibus
337 536 429 603 maii,
452 535 663 613 pontificatus
688 536 796 598 nostri
822 551 911 598 anno
938 552 995 598 se-

200 634 319 697 cunno.

492 741 715 829 ccxxxix

365 888 418 946 Ad
437 888 633 960 episcopum
655 886 824 946 Pmtastoe.

490 1006 523 1063 15
538 1005 605 1063 mati
628 1005 706 1063 itta.

221 1120 315 1184 [Voigt
326 1120 411 1171 Codex
418 1119 599 1185 diplomaticus
609 1119 729 1177 Proteia,
739 1119 784 1177 tl.
797 1133 823 1183 p.
838 1117 876 1177 tt,
886 1131 912 1167 n.
924 1116 977 1183 th]

199 1231 241 1287 Nc
255 1229 407 1288 Christiani
417 1229 539 1302 paganis
553 1226 668 1297 terrum,
682 1241 760 1284 arma
774 1233 802 1283 et
812 1223 996 1283 salvendant.

241 1345 408 1409 Honorius
434 1347 479 1406 iil
483 1388 556 1416 ......
583 1346 660 1417 etc„
688 1341 873 1405 venerabili
902 1340 999 1403 tratri

199 1444 354 1521 episcopo
369 1443 529 1505 Prussiae.

240 1544 284 1604 Ut
308 1541 435 1618 Pagani
461 1540 578 1601 saltem
600 1540 635 1600 in
654 1537 867 1601 tribulatione
886 1534 999 1598 Domi-

198 1657 278 1701 num
303 1639 555 1715 recognoscant,
580 1638 613 1699 et
637 1635 864 1714 multiplicatis
884 1649 999 1696 eorum

200 1736 450 1801 infirmitatibus
473 1735 622 1798 converti
644 1732 830 1795 accelerent
848 1732 890 1793 ad
906 1747 1001 1792 eum·

201 1837 286 1904 dem,
296 1836 415 1897 merito
427 1836 504 1896 sunt
516 1833 565 1895 eis
575 1832 840 1894 Christianorum
851 1827 1001 1891 subsidia

200 1932 442 2003 subtrahenda,
469 1947 512 1992 ne
535 1930 716 1992 incrassati
742 1931 775 1991 et
800 1927 930 1989 dilatati
961 1925 1001 1987 de

200 2048 270 2093 suae
292 2029 523 2092 obstinationis
539 2027 723 2105 pertinacia
750 2025 946 2103 glorientur,
970 2024 1003 2086 et

201 2130 365 2191 exhausto
390 2128 425 2188 in
447 2128 497 2188 eis
511 2125 744 2203 temporalium
758 2124 856 2201 adipe
872 2122 1003 2184 desinat

202 2227 237 2288 in
254 2226 303 2288 eis
319 2225 477 2303 iniquitas
493 2223 674 2285 abundare.
691 2224 772 2283 Cum
786 2221 900 2298 igitur,
917 2220 1004 2281 sicut

203 2323 401 2393 audivimus,
419 2322 540 2399 pagani
562 2320 603 2382 de
627 2320 764 2382 Prussia
783 2334 844 2380 nec
865 2317 1001 2389 terrum,

203 2439 264 2483 nec
276 2436 380 2493 arma,
398 2436 459 2481 nec
474 2417 524 2480 sal
540 2418 695 2490 habeant,
709 2417 777 2478 nisi
792 2432 866 2494 qum
880 2430 900 2476 a
914 2414 1002 2477 vici-

205 2521 259 2581 nis
273 2517 468 2595 comparant
488 2516 697 2588 Christianis,
715 2513 866 2581 nolentes
885 2513 922 2574 ut
944 2527 1004 2573 ar·

204 2618 268 2679 mis
284 2616 407 2678 nostris
419 2616 535 2678 contra
556 2629 617 2675 nos
632 2613 785 2685 militent,
802 2608 1004 2673 fraternitati

204 2718 271 2780 tuae
286 2730 346 2793 per
363 2712 553 2791 apostolica
566 2712 689 2788 scripta
704 2710 910 2781 mandamus,
922 2722 1006 2785 que-

204 2816 302 2878 tenus
321 2811 521 2874 christianos
542 2809 713 2886 regionem
737 2806 1005 2885 circumpositam

205 2910 411 2982 habitantes,
438 2924 480 2970 ne
506 2907 663 2986 praedicta
694 2906 834 2984 paganis
862 2902 1008 2966 vendant

208 3008 345 3081 eisdem,
374 3021 510 3068 moneas
539 3008 572 3066 et
597 3004 735 3065 inducas
761 3019 819 3065 eos
841 3001 882 3063 ad
907 3001 953 3073 id,
978 3000 1007 3061 si

207 3118 344 3168 necesse
358 3103 470 3175 tuerit,
482 3118 542 3180 per
554 3117 730 3164 censuram
746 3099 1007 3164 ecclesiasticam

207 3203 430 3281 appellatione
442 3200 634 3277 postposita,
649 3197 887 3275 compellendo.

249 3302 367 3361 Datum
383 3299 497 3359 Romae
515 3294 603 3372 apud
618 3297 775 3359 Sanctum
790 3294 924 3356 Petrum
939 3292 1007 3353 idi-

208 3399 269 3460 bus
284 3396 376 3471 maii,
387 3410 475 3458 anno
491 3393 647 3456 sectando.

347 3703 400 3763 Ad
412 3703 595 3775 universos
608 3696 736 3760 Christi
749 3697 875 3770 fideles.

506 3831 541 3889 15
555 3830 623 3888 mail
637 3829 717 3887 tila.

263 3940 358 4007 [Voigt
369 3937 454 3992 Codex
466 3936 649 4003 diplomaticus
662 3935 779 3993 Prusciae,
793 3939 813 3986 t.
824 3934 844 3995 1,
854 3935 880 3993 d,
891 3946 917 3985 n.
927 3933 964 4000 8.]

216 4050 253 4108 bt
270 4047 306 4106 ad
320 4046 434 4106 scholas
448 4047 636 4103 Prutenorum
651 4040 840 4100 instituendas
859 4055 1012 4115 puerorum

285 4136 321 4194 de
338 4133 522 4193 facultatibus
541 4132 601 4190 suis
615 4131 767 4189 liberaliter
782 4131 940 4205 porrigant.

253 4252 421 4316 Honorius
436 4252 494 4322 ΙΙΙ,
511 4251 587 4321 etc„
604 4248 770 4310 universis
779 4247 904 4309 Christi
911 4246 1014 4308 fideli·

214 4352 289 4423 bus,
306 4350 347 4411 ad
359 4364 441 4426 quos
453 4347 572 4408 litterae
584 4346 659 4407 istae
674 4330 897 4422 pervenerint,
918 4344 1013 4405 salu-

215 4452 282 4513 tem
301 4449 333 4509 et
347 4444 564 4524 apostolicam
578 4441 853 4504 benedictionem.

256 4549 362 4619 Quum
382 4544 425 4605 sit
443 4541 581 4602 humani
600 4538 791 4603 colluctatio
813 4556 879 4601 non
907 4539 1015 4601 solum

809 278 983 341 HONORII
1006 279 1052 341 111
1073 281 1221 345 OPERA.

1790 283 1848 342 744

1050 454 1150 501 soror
1173 441 1288 502 nostra
1315 438 1470 511 ecclesia,
1492 454 1592 517 quam
1627 437 1664 499 in
1700 438 1853 515 partibus

1051 537 1196 599 Prassiae
1211 536 1274 597 sibi
1287 537 1446 598 Dominus
1467 535 1637 612 adoptavit
1650 535 1762 598 adhuc
1781 552 1856 614 par·

1052 634 1131 696 vula
1146 635 1200 706 sit,
1215 635 1247 696 et
1259 633 1363 695 ubera
1379 649 1445 694 non
1458 632 1590 705 haheat,
1607 648 1651 694 ne
1666 633 1718 695 lac
1733 634 1855 696 doctri·

1052 747 1104 793 nae
1134 731 1219 793 desit
1244 730 1404 809 parvulis,
1434 747 1509 809 quas
1534 729 1680 792 nondum
1713 733 1855 809 possunt

1051 829 1157 891 solido
1181 829 1255 891 cibo
1279 828 1339 901 uti,
1364 827 1566 891 venerabilis
1590 827 1696 889 trater
1726 830 1852 901 noster,

1052 926 1227 1004 episcopus
1242 926 1400 998 Prussiae,
1421 941 1462 987 ac
1482 925 1602 988 tratres
1626 928 1699 1003 ejus
1721 926 1856 987 statne-

1052 1024 1140 1095 rnnt,
1156 1024 1243 1086 sicut
1265 1024 1430 1096 asserunt,
1446 1023 1545 1101 prout
1568 1023 1667 1085 valde
1693 1038 1857 1085 necessa-

1052 1120 1139 1187 rium
1151 1136 1224 1183 esse
1239 1122 1378 1192 constat,
1396 1120 1529 1191 scholas
1542 1122 1768 1183 Prutenorum
1783 1121 1857 1182 ins·

1052 1219 1174 1281 tituere
1203 1234 1393 1296 puerorum,
1424 1219 1481 1297 qui
1514 1218 1555 1280 ad
1590 1218 1723 1295 gentem
1762 1234 1855 1279 suam

1053 1316 1194 1378 Domino
1205 1316 1461 1378 convertendam
1475 1315 1648 1378 addiscant
1667 1315 1849 1387 efficacius,

1053 1428 1151 1490 quam
1180 1412 1317 1475 advenae
1346 1413 1529 1490 predicare
1555 1427 1595 1474 ac
1619 1413 1854 1489 evangelizare

1054 1511 1228 1572 Dominum
1242 1514 1355 1575 lesum
1371 1510 1548 1573 Christum.
1563 1511 1727 1572 Caeterum
1750 1526 1850 1588 quum

1053 1607 1094 1669 ad
1106 1607 1240 1670 hocsibi
1251 1609 1385 1687 proprie
1396 1624 1463 1669 non
1473 1608 1650 1686 suppetant
1665 1607 1855 1681 facultates,

1055 1706 1305 1769 universitatem
1320 1707 1466 1768 vestram
1481 1705 1680 1768 monendam
1694 1705 1854 1767 duximus

1055 1804 1089 1866 et
1103 1804 1299 1866 hortandam
1314 1820 1374 1882 per
1393 1804 1584 1881 apostolica
1606 1804 1733 1881 scripta
1758 1819 1858 1865 man-

1055 1901 1183 1974 dantes,
1201 1918 1240 1964 ac
1254 1902 1290 1964 in
1313 1901 1544 1964 remissionem
1567 1901 1664 1964 robis
1688 1902 1860 1979 peccami-

1055 2016 1135 2061 num
1156 2000 1378 2078 injungentes,
1394 2000 1560 2077 quatenus
1578 1998 1620 2062 de
1643 1998 1860 2061 facultatibus

1056 2098 1151 2160 vobis
1165 2097 1285 2161 datisa
1307 2099 1448 2160 Domino
1470 2096 1700 2159 subventionis
1722 2113 1858 2159 manum

1057 2197 1107 2258 eis
1134 2196 1176 2258 ad
1205 2195 1268 2258 hoc
1293 2196 1348 2273 pie
1376 2211 1416 2257 ac
1451 2194 1637 2257 liberaliter
1659 2195 1858 2271 porrigatis,

1058 2294 1248 2371 centuplum
1274 2293 1309 2354 in
1336 2294 1403 2365 via,
1429 2295 1463 2355 et
1490 2292 1592 2355 vitant
1627 2293 1790 2354 aeternam
1823 2292 1857 2353 in

1058 2392 1166 2469 patria
1186 2391 1364 2469 recepturi.

1099 2491 1217 2551 Datum
1242 2491 1367 2560 Romae,
1397 2488 1484 2565 apud
1523 2489 1682 2551 Sanctum
1713 2487 1860 2559 Petrum,

1059 2586 1169 2648 idibus
1179 2586 1271 2658 mab,
1289 2601 1378 2648 anno
1393 2585 1550 2648 secundo.

1386 2765 1535 2854 GGXLI

1193 2910 1246 2970 Ad
1259 2910 1441 2970 atttinersos
1456 2908 1585 2971 Christi
1598 2908 1728 2980 ttdelca.

1357 3031 1391 3088 ili
1405 3031 1473 3088 maii
1485 3031 1564 3088 tate.

1126 3145 1221 3210 [Voigt.
1232 3144 1317 3196 Codex
1328 3143 1511 3210 diplomaticus
1522 3144 1641 3201 Pinaria,
1652 3143 1701 3201 tt,
1712 3157 1741 3195 n.
1755 3143 1804 3209 tn]

1062 3252 1178 3311 Mandat
1198 3252 1399 3326 eleemosynas
1419 3252 1515 3339 colligi
1539 3249 1575 3309 ad
1604 3249 1803 3309 redimendum
1829 3251 1856 3307 ia

1169 3341 1283 3399 Prussia
1298 3341 1407 3414 puellas
1427 3355 1499 3415 quas
1518 3341 1625 3414 pagani
1640 3347 1757 3398 necem.

1104 3468 1272 3530 Honorius
1288 3470 1344 3539 ΙΙΙ,
1366 3469 1442 3540 ete,
1457 3467 1622 3529 universis
1638 3467 1764 3529 Christi
1776 3465 1857 3528 ilde-

1066 3565 1152 3628 lihus
1168 3566 1209 3629 ad
1222 3582 1305 3643 quos
1319 3566 1438 3627 litterae
1453 3565 1526 3627 istae
1538 3565 1765 3643 pervenerint

1108 3664 1178 3726 Etsi
1193 3662 1313 3725 militia
1328 3663 1371 3725 sit
1380 3664 1448 3725 vita
1461 3662 1718 3739 hominissuper
1729 3664 1862 3732 terram,

1065 3763 1143 3824 dum
1158 3762 1190 3823 ei
1204 3777 1271 3822 non
1286 3760 1393 3823 solum
1409 3759 1551 3820 mundus
1561 3759 1732 3821 immunda
1744 3775 1867 3835 sugge-

1066 3876 1154 3931 rens,
1170 3861 1328 3937 tanquam
1344 3872 1464 3920 serena
1476 3856 1648 3919 blanditur
1660 3857 1697 3918 in
1714 3861 1864 3929 mortem,

1067 3958 1100 4019 et
1127 3972 1206 4019 caro
1236 3956 1397 4018 adversus
1436 3955 1590 4032 spiritum
1626 3956 1867 4033 concupiscens

1070 4054 1231 4130 exsurgit,
1246 4052 1337 4116 velut
1348 4052 1456 4114 Dalila
1470 4051 1506 4113 in
1527 4054 1735 4125 samsonem,
1754 4067 1867 4114 verum

1071 4153 1171 4216 etiam
1185 4150 1336 4213 diabolus
1351 4151 1509 4228 tanquam
1524 4150 1577 4211 leo
1591 4148 1729 4225 rugiens
1751 4148 1869 4212 circuit

1068 4264 1220 4329 quaerens
1244 4264 1342 4326 quem
1369 4247 1478 4309 valeat
1506 4246 1679 4319 devorare,
1707 4247 1757 4308 ita
1784 4245 1869 4325 quod

1069 4364 1169 4427 quum
1184 4362 1245 4408 nec
1257 4345 1415 4408 tortitudo
1430 4348 1502 4422 ejus
1522 4343 1681 4408 fortitudo
1705 4344 1796 4422 lapis
1816 4344 1868 4414 sit,

1069 4463 1130 4508 neo
1145 4460 1223 4507 caro
1238 4443 1343 4521 ipsius
1354 4459 1448 4505 aenea
1462 4442 1606 4521 nequeat
1620 4458 1664 4504 ex
1676 4458 1740 4504 sua
1747 4442 1869 4505 virtute

1069 4547 1118 4607 tot
1129 4542 1284 4605 resistere
1301 4541 1460 4611 inimicis,
1471 4540 1551 4618 quin
1562 4539 1761 4602 interduma
1771 4540 1870 4602 tribu·

217 4647 480 4707 contracarnem
499 4640 532 4700 et
546 4637 755 4715 sanguinem,
779 4637 1015 4700 verumetiam
1070 4642 1194 4704 latione
1219 4640 1383 4700 malornm
1408 4641 1440 4700 et
1467 4638 1618 4700 dolorum
1651 4638 1776 4700 taedeat
1800 4639 1869 4716 ejus

217 4742 379 4804 adversus
390 4736 580 4816 spiritualia
593 4736 749 4813 nequitiae
767 4735 802 4796 in
815 4733 1014 4807 coelestibus,
1071 4740 1218 4801 antalam
1233 4753 1303 4799 sum
1317 4737 1395 4798 vitae
1409 4739 1544 4814 propter
1555 4735 1751 4813 quodetiam
1767 4741 1870 4812 Apos-

218 4835 470 4916 inexpugnabili
496 4851 533 4896 se
568 4832 664 4896 dehet
691 4836 863 4895 armatura
885 4832 1016 4894 munire
1070 4836 1157 4899 tolus
1172 4834 1402 4896 exclamabatz
1420 4833 1870 4900 seminecessemineces-

218 4935 358 5015 quivult
371 4930 757 5009 ignitaetlhgeretacula
777 4930 916 5002 inimici,
933 4931 1018 4991 elee—
1069 4949 1155 5010 pore
1178 4933 1304 4995 mortis
1324 4933 1438 5004 nidus,
1452 4929 1615 4992 habemus
1637 4932 1751 4992 tamen
1769 4928 1870 4992 medi·

218 5047 390 5111 mosynam
405 5029 560 5091 videlicet
580 5028 819 5106 amplectendo,
832 5044 905 5105 quae
919 5030 1017 5105 juxta
1073 5047 1147 5093 cum
1177 5030 1336 5092 scientem
1359 5026 1611 5089 infirmitatibus
1636 5027 1762 5089 nostris
1784 5042 1871 5090 com-

219 5130 379 5210 eapientis
407 5127 551 5188 edictum
579 5141 679 5202 super
705 5128 834 5187 scutum
861 5126 1015 5203 potentis,
1072 5126 1151 5203 pati,
1160 5126 1324 5204 quiquam
1336 5125 1471 5200 peccata
1482 5122 1771 5195 nostratulerit,et
1785 5121 1870 5183 dolo

220 5234 254 5293 et
276 5243 377 5306 super
395 5225 546 5286 lanceam
569 5224 731 5285 adversus
762 5224 934 5286 inimicum
956 5240 1019 5301 pu·
1072 5218 1868 5298 resnostrosipseportarit,nontratrihulationes

221 5327 349 5404 gnabit,
371 5323 570 5398 extinguens
595 5322 783 5398 peccatum,
809 5321 913 5383 veluti
931 5337 1018 5398 aqua
1072 5319 1236 5398 quaslibet
1249 5317 1401 5381 etiloacia
1414 5317 1510 5379 nobis
1533 5316 1684 5379 remedia
1708 5331 1868 5395 procura-

220 5427 343 5501 ignem,
360 5421 418 5483 sed
433 5421 520 5483 iuter
533 5419 617 5481 alias
628 5419 871 5498 eleemosynas,
881 5419 1020 5480 illacre·
1072 5420 1131 5491 vit,
1142 5419 1175 5479 et
1182 5415 1307 5479 morbis
1319 5414 1462 5492 singulis
1473 5414 1625 5491 singulas
1635 5415 1801 5476 salutares
1812 5428 1869 5475 nos

222 5524 312 5582 ditur
326 5518 493 5595 acceptior
502 5518 642 5579 Domino
657 5532 756 5593 quam
770 5518 844 5595 quis
857 5516 899 5579 ad
911 5516 1018 5579 lucri·
1073 5515 1185 5579 docuit
1199 5514 1395 5586 medicinas,
1413 5512 1490 5574 dum
1506 5511 1547 5573 ad
1562 5512 1772 5589 profliganda
1790 5527 1871 5572 mor·

223 5616 410 5676 iaciendum
420 5615 453 5675 et
462 5615 591 5676 animas
606 5614 778 5691 elargitur.
796 5616 902 5686 Quum
917 5614 1021 5689 igitur
1073 5613 1171 5676 tilera
1186 5613 1270 5674 vitia
1290 5611 1436 5674 viviticis
1448 5609 1627 5672 virtutibus
1649 5625 1711 5671 nos
1734 5608 1870 5670 munivit
