3968 6204
149 262 208 329 tm
581 255 657 363 «xl.
673 284 715 300 -
731 253 776 316 IN
798 252 1020 315 muliebria
1041 252 1191 315 SANCTI
1212 254 1349 319 PETRI.
1741 263 1800 327 134

182 423 291 487 Deum
314 434 395 485 esse
422 433 500 485 eum
523 416 695 483 conressus
723 414 784 487 θεῖ,
815 412 948 501 quando
1002 413 1110 478 olivae.
1135 417 1234 494 Ergo,
1250 417 1382 481 Beatum
1403 420 1588 493 anatome
1609 423 1796 499 medone,

148 519 227 586 dixit
241 535 250 574 ε
267 521 321 581 Tu
331 516 544 581 nanetus
554 518 674 588 Filius,
683 518 748 578 Dei
759 517 842 577 vivi.
859 517 948 577 Duas
1002 518 1083 587 quta
1094 529 1179 579 ecre
1193 515 1227 578 et
1236 517 1379 594 suuputv
1393 532 1463 579 ueu
1477 520 1645 587 recensuit
1657 522 1727 595 tibi,
1739 527 1800 587 sed

148 616 324 681 confltetur
337 616 374 677 in
389 615 529 677 Christo
548 614 685 677 naturas
698 614 731 675 et
749 629 849 674 unam
865 628 947 689 per·
1002 614 1113 677 Pater
1143 630 1245 676 urceus
1278 617 1425 678 eoeleetts
1459 620 1519 690 qui
1552 620 1605 681 est
1636 624 1676 687 iu
1707 628 1800 688 emite

145 730 271 787 sonam,
288 714 447 777 naturam
461 713 643 777 humanam
662 713 696 773 et
716 712 871 773 naturam
891 710 948 771 di·
1003 708 1135 792 (Matth.
1162 729 1231 784 xvi,
1262 710 1326 791 17).
1357 714 1440 776 Caro
1468 715 1501 777 et
1527 717 1683 793 sanguis,
1713 720 1801 786 idest

146 813 255 875 vinam
274 813 458 879 :naturam
481 810 661 873 humanam
684 826 759 871 cum
775 808 876 891 dicit3
899 811 949 870 Pu
1003 808 1121 877 scribae
1146 811 1181 871 et
1210 810 1373 875 Pharisaei
1406 811 1446 873 de
1474 800 1615 891 quorum
1634 833 1739 886 carne
1767 822 1801 883 et

145 927 180 974 es
207 910 397 982 Christum
422 911 575 970 naturam
602 907 750 973 divinam
775 923 850 973 cum
873 905 945 969 ait:
1003 908 1210 984 sanguinein
1225 910 1346 985 existi,
1364 911 1638 988 quemadmodum
1653 916 1743 979 etde
1762 934 1798 981 se

144 1012 252 1073 ruas
264 1011 333 1070 Dei
344 1010 436 1071 atei..
449 1007 557 1069 Filius
572 1006 661 1073 enim
679 1005 740 1071 Dei
753 1021 821 1073 nou
841 1005 949 1083 petest
1002 1006 1083 1079 dicit
1097 1006 1283 1084 Apostolus.
1302 1008 1359 1075 vel
1377 1007 1680 1087 diciturBachna,
1698 1015 1796 1090 idest,

145 1122 215 1171 esse
228 1104 300 1167 nisi
315 1108 424 1176 Deus,
442 1104 528 1167 siem
547 1104 635 1167 illius
650 1104 795 1167 bominis
810 1120 878 1165 nou
891 1119 948 1183 pc-
1003 1104 1090 1171 tilius
1105 1105 1243 1171 ioannis
1268 1105 1323 1191 qui
1344 1106 1582 1191 interpretatur
1595 1112 1704 1188 gratia
1723 1116 1795 1176 Dei.

145 1206 206 1268 test
220 1219 298 1266 esse
313 1204 382 1267 nisi
405 1204 516 1267 homo.
537 1204 635 1275 Nam,
658 1203 745 1265 sicut
758 1202 871 1265 anime
890 1219 948 1267 vav
1001 1203 1141 1267 Beuum
1158 1204 1302 1281 gratiam
1318 1205 1478 1269 Dominus
1497 1207 1599 1271 Petro
1620 1214 1796 1286 concessit,

145 1302 280 1367 nonalis
296 1302 331 1365 et
342 1318 421 1365 carc
436 1318 523 1366 unus
542 1300 721 1373 esthemo,
740 1302 787 1363 ita
805 1303 893 1363 Deus
915 1301 949 1363 at
1003 1301 1038 1369 ut
1052 1301 1169 1367 umbra
1183 1305 1257 1383 epus
1271 1304 1470 1367 sanarentur
1483 1305 1619 1379 hidrmi,
1642 1308 1689 1370 ita
1705 1311 1741 1373 ut
1762 1312 1798 1373 in

145 1401 243 1463 bomo
254 1416 344 1463 unus
356 1401 407 1462 est
419 1400 581 1462 Christus.
593 1398 672 1463 vel:
685 1399 947 1465 macareus
1002 1400 1120 1476 plateis
1134 1400 1301 1478 ,eJicerent
1312 1400 1476 1475 infirmos
1494 1403 1532 1467 nt
1551 1405 1707 1469 veniente
1728 1411 1798 1470 Pe-

143 1503 252 1565 Fiiius
270 1502 340 1560 Dei
361 1501 443 1570 uiui,
466 1497 524 1577 qui
546 1498 663 1561 vivens
683 1497 717 1560 in
738 1514 775 1560 sa
799 1496 948 1561 viviticat
1001 1498 1064 1570 tro,
1082 1498 1199 1565 saltem
1219 1499 1335 1565 umbra
1359 1502 1432 1578 ejus
1454 1499 1665 1567 obumbraret
1679 1522 1798 1582 quem·-

145 1597 323 1672 universa3
339 1597 377 1658 iu
391 1612 457 1677 quc
471 1595 625 1669 vivimus,
642 1611 816 1661 movemur
835 1595 870 1657 et
889 1610 947 1656 su·
1001 1595 1090 1673 piam
1114 1611 1229 1661 eorum
1248 1599 1282 1659 et
1303 1599 1503 1661 sanarentur
1525 1600 1572 1669 ,ab
1594 1601 1800 1668 infirmitati-

147 1713 229 1757 mus.
248 1698 349 1757 Hanc
371 1695 498 1759 tautam
520 1694 618 1761 fldem
641 1694 734 1757 nulla
749 1709 872 1777 passus
895 1695 948 1755 est
1001 1693 1073 1763 bus.
1089 1696 1158 1757 Hoc
1169 1694 1348 1763 manifeste
1356 1697 1525 1765 testantur
1539 1699 1640 1763 Actus
1656 1705 1796 1779 Aposto-

146 1794 306 1859 Ilominus
336 1793 521 1857 tentatione
549 1791 702 1874 deficere,
730 1809 806 1857 cum
834 1792 944 1855 dixit:
1001 1792 1120 1855 lorum.
1136 1793 1229 1857 Uude
1242 1790 1367 1859 dictum
1379 1795 1430 1857 est
1439 1795 1558 1857 Petro:
1575 1799 1624 1857 Tu
1636 1814 1672 1859 θε
1685 1801 1800 1876 pastor

143 1896 274 1965 wacca,
301 1895 433 1961 Simon,
459 1892 609 1955 satanas
631 1892 800 1967 eupetteit
819 1906 881 1954 ecs
907 1892 947 1954 ut
1001 1889 1124 1963 ovium,
1148 1890 1303 1969 princeps
1322 1892 1565 1969 Apostolorum,
1582 1893 1642 1957 tibi
1661 1896 1799 1963 tradidit

144 1990 319 2053 cribraret
335 1990 425 2052 ment
437 1990 604 2062 triticum,
616 1992 677 2052 sed
692 2004 753 2067 epo
764 2004 832 2065 pro
846 1990 880 2052 te
893 2004 948 2052 re
1001 1992 1088 2053 neus
1103 1988 1214 2051 claves
1226 1989 1320 2066 regni
1336 1990 1505 2055 coelorum.

143 2092 235 2168 paui,
245 2088 370 2156 Petra,
385 2088 425 2149 ut
439 2088 656 2164 lmudefictut
670 2090 755 2162 tides
771 2089 842 2161 tuu,
860 2088 894 2150 et
909 2089 947 2150 tu
1040 2088 1161 2149 Nonne
1178 2087 1265 2165 qued
1280 2089 1404 2157 dictum
1418 2090 1474 2155 est
1485 2090 1595 2162 Petro,
1611 2091 1734 2155 dictum
1749 2094 1801 2161 est

15 2254 16 2263 χ
143 2189 328 2262 uinciendo
343 2201 533 2249 ccueersus
542 2187 947 2263 ecutirrnusrctrestucs
1002 2185 1155 2255 omuibus
1170 2186 1418 2255 successoribus
1433 2190 1529 2265 ejust
1545 2190 1706 2253 Omnibus
1722 2191 1799 2255 data

145 2283 237 2363 (Luc.
252 2300 340 2356 mi,
354 2283 421 2363 37).
893 2316 895 2320 ι
1001 2282 1052 2357 θεῖ
1066 2284 1213 2362 potestas
1235 2283 1365 2361 ¹ligandi
1382 2285 1480 2365 atque
1504 2287 1666 2349 solvendi.
1683 2291 1799 2352 Omni-

181 2385 278 2444 Hanc
293 2382 539 2445 contessionem
554 2381 817 2465 quadrupliciter
828 2398 945 2445 remu·
1000 2382 1063 2443 bus
1086 2381 1261 2445 commissa
1284 2384 1335 2445 est
1358 2398 1439 2444 cura
1452 2368 1494 2445 ¹et
1516 2385 1704 2449 sollicitudo
1726 2405 1799 2450 om·

144 2482 275 2545 neravit
285 2481 451 2544 Christus.
465 2480 577 2543 Pnimo
589 2480 677 2559 quod
689 2481 775 2545 dixit
782 2497 860 2547 eum
870 2496 946 2545 esse
1001 2480 1094 2545 nium
1106 2479 1335 2553 ecclesiarum,
1350 2482 1386 2542 ut
1400 2482 1557 2545 mandata
1571 2484 1630 2545 Dei
1641 2485 1798 2563 populum

146 2580 248 2641 illium
263 2578 450 2655 columbae3
475 2579 620 2643 secundo
643 2579 730 2661 quod
751 2580 849 2642 vocat
869 2595 945 2641 eum
1001 2578 1141 2644 doceant
1173 2576 1275 2638 verbo
1309 2577 1558 2654 praedicationis
1586 2581 1619 2643 et
1646 2584 1798 2661 exemplo

146 2679 299 2752 Petrum,
313 2677 415 2740 tertio
427 2677 559 2755 quando
571 2677 675 2739 dixit:
689 2677 762 2740 Tibi
777 2677 862 2739 dabo
875 2676 948 2740 cla·
1000 2676 1078 2739 boni
1092 2674 1251 2752 temperis
1271 2692 1347 2737 eum
1362 2678 1512 2753 pascant,
1526 2680 1561 2740 et
1574 2695 1633 2755 pro
1650 2683 1796 2756 peccatis

147 2792 202 2838 ves
220 2776 321 2853 regni
343 2775 521 2852 coelorum3
542 2778 663 2854 quarto
681 2775 813 2855 quando
835 2774 943 2837 dixit:
1000 2789 1116 2837 eorum
1129 2772 1168 2835 ad
1186 2775 1290 2840 Deum
1299 2773 1521 2839 intercedant.
1539 2776 1632 2839 Unde
1646 2793 1721 2839 cum
1731 2781 1800 2840 no„

15 2948 16 2951 Ἴ
148 2876 385 2951 &meumque
420 2877 585 2953 muueris
622 2889 731 2951 super
769 2876 943 2957 terrare...
999 2873 1110 2943 miuus
1126 2869 1318 2950 loqueretur
1332 2870 1485 2935 omnibus
1500 2875 1668 2952 apostolis
1684 2876 1795 2947 simul,

151 2973 281 3051 (blattb.
298 2990 369 3045 xvi,
389 2973 455 3054 19).
472 2973 584 3036 Primo
599 2971 731 3039 vocavit
745 2989 820 3037 eum
840 2972 945 3034 lilium
1000 2971 1074 3032 ait:
1101 2973 1256 3038 Quorum
1268 2971 1478 3033 remiseritis
1497 2973 1650 3048 peccota,
1675 2976 1799 3037 remit-

145 3071 307 3134 cclumbae
329 3069 463 3149 quando
484 3070 590 3133 dixit:
617 3072 811 3144 Bemuses,
826 3073 946 3134 Simon
1000 3069 1124 3131 tuetur
1137 3072 1224 3131 eis...
1244 3068 1324 3131 Cum
1340 3064 1452 3129 autem‘
1474 3069 1537 3131 soli
1552 3070 1651 3133 Petro
1667 3070 1797 3135 locutus

145 3166 632 3248 aachnc(1bid.xv1,17).
665 3169 789 3231 Beatus
824 3168 947 3231 dicitur
1000 3169 1098 3240 esset,
1117 3166 1221 3228 dixit:
1250 3168 1486 3242 Quodcumque
1508 3171 1673 3244 licaveris
1692 3186 1800 3247 super

146 3269 239 3346 quasi
253 3267 342 3329 bene
356 3267 486 3329 auctus.
499 3266 622 3329 Beatus
636 3268 754 3329 Petrus
771 3266 835 3329 luit
849 3267 945 3344 quasi
1001 3267 1148 3338 terram,
1165 3265 1235 3327 erit
1252 3265 1398 3341 tinctum
1415 3267 1450 3329 et
1463 3269 1501 3327 tu
1521 3271 1652 3330 ecelis...
1672 3270 1719 3330 Bt
1738 3271 1799 3332 tibi

146 3365 228 3430 bene
253 3368 374 3429 auctus
399 3381 460 3443 per
485 3365 702 3442 principalem
728 3365 884 3442 gratiam,
909 3366 945 3426 in
1000 3367 1085 3426 dabo
1106 3369 1217 3427 eluces
1231 3367 1332 3440 renui
1348 3361 1524 3426 scelerum.
1545 3364 1695 3429 Ostendit
1711 3368 1798 3446 quod

145 3465 207 3528 bac
218 3466 301 3538 vita,
313 3480 375 3542 per
384 3462 602 3526 excellentem
609 3463 750 3540 gloriam
760 3464 796 3525 in
805 3463 943 3526 coelesti.
999 3462 1115 3536 caeteri
1129 3460 1240 3525 vocati
1257 3460 1385 3523 suntin
1401 3462 1529 3539 partem
1549 3463 1796 3540 sollicitudinis,

147 3567 211 3627 Per
221 3562 444 3642 principalem
458 3562 611 3640 gratiam,
626 3561 705 3640 quia
718 3561 811 3625 dedit
822 3562 853 3625 ei
868 3578 945 3624 ma·
997 3560 1091 3633 solus
1102 3561 1215 3622 autem
1231 3559 1349 3625 Petrus
1363 3559 1552 3638 assumptus
1569 3562 1620 3624 est
1638 3562 1673 3624 in
1690 3563 1801 3642 pleni-

141 3663 319 3739 gisterium
342 3661 545 3722 universalis
564 3659 732 3735 Ecclesiae,
755 3660 789 3723 et
808 3661 946 3740 insuper
997 3659 1149 3731 tudinem
1159 3657 1354 3736 potestatis:
1371 3657 1449 3735 qnia
1464 3659 1554 3721 solus
1567 3661 1676 3737 potest
1693 3662 1799 3739 ligare

145 3760 235 3823 dedit
249 3759 283 3822 ei
296 3759 409 3821 claves
424 3758 519 3835 regni
534 3759 704 3823 coelorum.
1000 3757 1154 3830 caeteros„
1181 3755 1240 3819 sed
1263 3766 1342 3817 non·
1358 3754 1458 3831 ligari
1480 3758 1590 3833 potest
1613 3773 1632 3819 a
1655 3759 1796 3821 caeteris.

183 3864 259 3921 Per
272 3858 496 3921 escendentem
508 3861 668 3935 pierium,
687 3854 766 3935 quia
781 3856 868 3919 sicut
883 3856 946 3921 fuit
1000 3856 1083 3943 Quia
1118 3869 1294 3916 successor
1329 3852 1431 3924 Petri,
1458 3853 1614 3916 videlieet
1642 3857 1797 3921 Summus

147 3958 272 4036 primus
307 3957 343 4017 in
363 3955 545 4033 Apostolis,
573 3956 621 4017 ita
654 3955 783 4033 primus
817 3955 946 4018 assistit
999 3952 1177 4024 Pontifex,¹
1187 3949 1412 4031 principatum
1446 3949 1614 4014 cathedrae
1637 3955 1797 4018 Roma-nae

146 4056 278 4119 Christo
301 4055 339 4116 in
354 4054 458 4116 omlis.
474 4057 550 4117 Bar
562 4057 652 4115 qua
673 4069 795 4116 nomen
815 4054 867 4116 est
885 4053 946 4119 be-
998 4050 1157 4115 Ecclesiae
1176 4047 1326 4127 possidet
1338 4047 1370 4110 et
1390 4046 1563 4123 gubernat,
1581 4050 1638 4128 qui
1652 4050 1798 4137 plenitu-

15 4144 16 4149 ’
142 4152 293 4222 braeum,
318 4152 536 4229 compositum
560 4167 604 4213 ex
623 4150 756 4229 integro
781 4151 869 4231 quod
894 4154 946 4216 est
998 4151 1110 4212 dinem
1124 4146 1263 4213 honoris
1283 4146 1335 4211 sui
1350 4147 1383 4211 et
1397 4146 1636 4224 amplissimam
1649 4148 1798 4226 diguita-

144 4257 229 4327 Ber,
241 4252 330 4315 idest
340 4250 455 4323 Filius,
469 4250 503 4311 et
511 4250 688 4327 corruptus
698 4249 785 4328 quod
796 4252 847 4314 est
855 4254 945 4314 douc
998 4250 1066 4312 tem
1080 4245 1211 4310 caeteris
1230 4244 1382 4307 eeclesiis
1402 4260 1463 4323 per
1482 4245 1674 4310 universum
1698 4265 1797 4310 mun-

144 4367 202 4429 pro
224 4354 376 4422 Jeauua,
398 4348 484 4411 idest
502 4347 592 4408 illius
614 4348 765 4411 ioannis.
787 4349 849 4411 Vel
869 4353 945 4412 Bae
998 4347 1077 4408 dum
1101 4345 1138 4410 iu
1172 4343 1311 4407 Domino
1344 4342 1534 4407 constitutis
1570 4345 1739 4413 distribuit
1763 4349 1797 4410 et

143 4453 232 4513 lotia
242 4443 484 4524 interpretatur
497 4445 586 4507 illius
600 4445 773 4509 columnae.
785 4446 943 4509 Columba
998 4442 1178 4522 dispensat,
1193 4441 1354 4504 ordinans
1366 4441 1402 4502 in
1414 4441 1464 4502 eis
1478 4442 1704 4519 patriarches,
1723 4446 1797 4523 pri-

144 4549 194 4610 est
206 4546 351 4625 Spiritus
365 4545 517 4617 Sanctus,
534 4543 592 4622 qui
605 4544 698 4606 venit
711 4560 814 4622 super
826 4544 944 4606 Chris·
997 4545 1115 4615 mateS,
1130 4540 1316 4619 episcopos,
1331 4537 1477 4612 abbates,
1494 4541 1698 4618 caeterosque
1712 4559 1795 4620 prae·

142 4648 211 4708 tum
225 4645 263 4707 in
285 4643 432 4708 iordane
446 4642 593 4703 flumine.
610 4641 732 4705 Beatus
751 4644 871 4706 Petrus
893 4649 944 4706 est
993 4644 1093 4716 latos,
1121 4640 1208 4702 sicut
1233 4637 1314 4699 iecit
1345 4638 1491 4714 Moyses,
1514 4638 1570 4714 qui
1593 4654 1668 4699 cum
1694 4656 1793 4704 mane

146 4744 233 4806 tilium
257 4740 432 4813 columbae,
452 4740 531 4821 quia
552 4740 696 4817 Spiritus
712 4742 854 4804 Sanetus
875 4759 941 4804 un·
997 4738 1159 4819 usquead
1182 4750 1358 4813 vesperum
1375 4733 1515 4802 sederet,
1539 4735 1572 4797 et
1590 4750 1659 4799 non
1680 4741 1794 4816 posset

146 4842 233 4904 trivit
244 4841 394 4904 animam
409 4841 493 4917 ejus,
505 4837 592 4899 sicut
602 4838 698 4915 pater
708 4838 813 4903 nutrit
822 4839 938 4901 lilium.
991 4838 1162 4905 sustinere
1172 4832 1392 4911 frequentiam
1406 4831 1529 4909 populi,
1542 4831 1706 4910 judicium
1721 4854 1794 4916 pos·

146 4940 201 5002 vel
216 4939 342 5003 dicitur
357 4937 448 4999 illius
464 4934 630 5001 columbae
654 4952 713 5013 pro
735 4937 840 5000 multa
855 4938 940 5000 sim·
963 4950 964 4953 ’
991 4935 1144 5009 tuleritis,
1160 4931 1323 5002 ununos
1340 4929 1564 5005 Otnturt'Oneb
1580 4934 1615 4993 ei
1627 4934 1793 5016 quiuqua-

15 5048 16 5053 ’
142 5038 299 5116 plicitete,
320 5051 383 5114 pro
406 5035 510 5103 multe
535 5035 800 5109 mansuetudine,
824 5038 859 5099 et
876 5056 940 5118 pro
995 5034 1151 5117 serrarius
1164 5031 1200 5092 in
1212 5026 1334 5111 populo
1346 5027 1526 5102 ordinavit,
1539 5032 1575 5095 ut
1587 5029 1652 5109 ipsi
1662 5034 1792 5101 minora

144 5138 245 5203 multa
258 5135 450 5199 dilectione.
836 5176 839 5184 ι
995 5129 1200 5215 solummodo
1220 5126 1421 5205 judicarent,
1443 5127 1484 5189 ad
1508 5142 1544 5190 se
1562 5145 1643 5193 vero
1665 5135 1791 5209 majora

181 5236 258 5301 Tria
268 5235 386 5313 itaque
396 5231 542 5295 nonnde
557 5230 636 5317 sunt
645 5230 680 5297 iu
692 5228 937 5311 isiacolumba,
991 5224 1404 5309 neocaesariensem
1419 5224 1565 5303 quotidie
1580 5242 1640 5305 per
1654 5228 1789 5291 miseri-

144 5333 235 5405 idest,
251 5334 373 5397 devota
388 5332 422 5394 et
441 5329 578 5401 humitis
593 5330 718 5403 anima,
732 5329 832 5405 idest,
847 5335 939 5412 -qucd
992 5328 1143 5395 cordiam
1151 5324 1215 5391 nei
1229 5323 1380 5387 tacimus.
1411 5320 1415 5327 '

145 5431 326 5495 nidificavit
344 5431 383 5492 in
405 5426 631 5499 foraminibus
645 5429 759 5506 patra,
776 5429 863 5508 quod
883 5431 938 5494 ol·
1005 5487 1008 5495 .
1034 5425 1223 5500 Bicitergo
1247 5424 1334 5510 Deus
1356 5419 1457 5483 Pater
1482 5419 1542 5482 sub
1566 5435 1707 5497 persona
1729 5427 1792 5489 Za-

144 5529 307 5597 ierebatur
319 5528 358 5591 in
374 5526 539 5591 sacrificio
554 5526 677 5593 retorto
691 5526 734 5588 ad
749 5526 870 5593 collum
887 5546 940 5592 ca-
994 5523 1118 5606 cltariae
1137 5542 1145 5583 ε
1164 5522 1346 5595 assumpsi
1359 5522 1447 5605 duaa
1458 5521 1584 5595 -vtrpes
1603 5517 1715 5597 (zach.
1738 5524 1787 5600 n,

146 5628 219 5705 pite,
238 5627 327 5706 quod
351 5624 429 5687 tulit
452 5624 623 5686 adernam
647 5639 776 5687 ramum
796 5626 938 5692 viventis
991 5624 1037 5702 i),
1052 5620 1150 5696 idest,
1163 5618 1281 5683 vocavi
1298 5617 1381 5681 duos
1402 5616 1568 5693 apostolos
1590 5617 1660 5683 sive
1675 5623 1789 5699 pasto-
