3928 6200
83 318 138 377 373
211 311 339 372 xxxn.
354 311 454 371 -IN
477 293 820 371 FESTIVI'I'ATIBUS
842 309 1021 373 PASCHAE
1043 313 1182 384 USQUE
1201 312 1257 373 AD
1279 312 1589 373 PENTECOSTEN.
1665 312 1750 403 ata·

83 471 278 537 musacium
303 468 446 533 fructum
470 468 530 531 sed
553 484 620 531 non
640 468 775 541 bonurn,
792 470 871 546 quia
925 470 1060 544 mitate,
1103 470 1270 549 spirituali
1300 471 1502 534 visitatione.
1538 469 1727 547 'temporali

83 570 285 645 corrumpunt
322 567 405 628 illud
447 567 591 644 alicujus
632 567 781 628 criminis
816 568 871 629 ad·
925 570 1128 632 adversitate
1154 570 1233 646 quia
1259 570 1388 647 quoties
1419 567 1602 630 adversitas
1627 567 1727 644 hujus

81 668 241 738 mixtione,
268 666 316 727 ita
343 665 379 726 ut
407 668 474 726 Deo
496 680 562 726 nen
589 665 633 725 sit
654 663 868 741 acceptabile.
926 667 1040 728 saeculi
1062 667 1228 743 patienter
1256 667 1298 727 ab
1321 668 1427 728 electo
1447 666 1640 737 sustinetur,
1666 680 1726 742 pro

82 765 167 829 Unde
179 765 210 824 in
223 763 405 839 Evangelio
422 785 430 822 ε
447 765 566 825 Omnis
579 766 785 836 urbemque
802 778 871 824 non
926 764 1106 825 afflictione
1132 767 1266 840 peccata
1289 765 1511 832 dimittuntur,
1537 763 1631 825 Unde
1659 765 1726 824 lic·

82 864 158 939 sumt
164 862 316 937 inactum
325 864 464 931 donum,
476 861 660 922 ιωιιιιιιιν
668 861 702 921 et
713 864 871 934 tutonem
926 861 1133 923 clesiaeticus
1148 883 1155 920 :
1173 866 1261 923 Pius
1274 863 1307 923 et
1324 865 1525 923 misericors
1537 861 1589 922 est
1602 864 1726 923 Domi·

79 960 229 1021 mittetur
242 957 376 1036 (Matio.
393 973 442 1029 ιιι,
459 957 523 1036 10).
541 959 615 1019 Non
628 957 713 1020 dixit
730 978 736 1019 :
754 961 872 1019 Omnis
926 973 1002 1030 aas,
1026 960 1060 1020 et
1086 960 1242 1021 remittet
1264 964 1301 1021 in
1319 961 1472 1034 tempore
1497 959 1726 1019 tribulationis

79 1061 174 1119 erder-
185 1072 261 1129 eure
274 1071 346 1119 non
359 1057 444 1129 fucit
457 1054 621 1129 trucium,
637 1057 699 1116 sed
712 1070 789 1128 pure
802 1070 871 1116 nora
921 1057 1066 1129 peccato
1079 1054 1194 1135 (Eccli.
1211 1072 1247 1129 ιι,
1264 1056 1316 1135 15)
1329 1079 1337 1131 3
1353 1056 1519 1133 corporali
1534 1054 1727 1116 infirmitate

79 1155 154 1229 fecit
166 1154 469 1227 praetermeantem,
485 1152 601 1214 volens
622 1152 765 1228 intelligi
785 1152 871 1230 quod
927 1154 959 1214 et
983 1154 1151 1230 spirituali
1176 1155 1379 1222 visitatione,
1407 1154 1485 1230 quia
1506 1153 1635 1231 quoties
1663 1150 1728 1212 ali-

80 1252 193 1313 iaciunt
217 1250 354 1328 quidem
379 1249 537 1322 trucium,
567 1250 625 1311 sed
648 1266 715 1312 non
734 1250 868 1311 bonurn.
927 1250 1001 1327 quis
1024 1251 1149 1312 electus
1171 1252 1308 1329 punitur
1333 1251 1502 1328 corporali
1521 1249 1724 1319 infirmitate,

80 1348 169 1411 Verbi
179 1348 291 1423 gratia
306 1348 519 1425 eleemosyna
534 1346 661 1410 coctus
680 1350 746 1420 est,
763 1348 820 1409 sed
842 1347 872 1408 si
926 1347 979 1408 vel
990 1363 1010 1408 a
1022 1350 1090 1409 Deo
1103 1348 1304 1411 intrinsecus
1316 1349 1472 1410 visitatur
1484 1349 1521 1410 ut
1535 1346 1656 1409 habeat
1670 1360 1729 1407 cor

82 1446 146 1523 quis
159 1445 252 1507 daret
264 1433 511 1522 eleemosynam
520 1444 561 1506 de
571 1445 711 1521 rapinis,
723 1445 764 1506 de
775 1444 872 1507 iuriis
927 1445 1117 1517 contritum,
1142 1446 1241 1507 toties
1263 1449 1335 1523 ejus
1357 1448 1569 1522 peecatorum
1588 1443 1728 1505 maculae
1786 1466 1790 1473 ⁴

81 1542 128 1606 vel
148 1543 186 1603 de
212 1541 414 1618 sacrilegiis,
441 1542 494 1603 vel
516 1543 552 1603 ιιι
576 1542 741 1604 adulterio
762 1542 817 1605 vel
836 1542 871 1602 in
927 1542 1155 1617 deterguntur.
1180 1543 1274 1605 Unde
1288 1544 1371 1604 bene
1389 1545 1565 1621 utrumque
1578 1556 1730 1618 compre-

82 1641 180 1717 aliquo
208 1640 381 1701 criminali
411 1641 547 1717 peccato
576 1639 716 1710 defixus,
746 1641 780 1701 et
814 1654 873 1716 per
927 1639 1043 1701 hendit
1069 1634 1226 1701 Salomon
1255 1656 1322 1702 uno
1356 1641 1532 1711 versiculo,
1558 1655 1633 1700 cum
1657 1638 1727 1700 ait:

83 1738 313 1813 eleemosynas
332 1753 408 1827 cum
421 1737 465 1799 sit
489 1737 710 1814 impoenitens,
725 1752 762 1798 se
780 1738 873 1814 putet
927 1741 1033 1799 Livor
1045 1741 1201 1799 calceris
1210 1739 1383 1815 absterget
1396 1744 1499 1810 orcle,
1518 1738 1552 1798 ct
1563 1742 1676 1811 propre
1690 1739 1729 1796 ie

82 1837 175 1896 bourn
192 1835 390 1911 propitiare,
418 1834 544 1896 tructus
559 1835 779 1911 eleemosynae
805 1851 872 1895 non
926 1837 1171 1898 secretioribus
1191 1837 1326 1897 ventris
1347 1834 1459 1914 (Prov.
1472 1850 1529 1905 xx,
1543 1832 1609 1911 30).
1626 1831 1728 1893 Livor

82 1931 177 1993 boum
191 1932 348 2003 efficitur,
371 1933 449 2009 quie
464 1947 523 2009 per
544 1932 773 2009 eleemosynas
793 1947 873 1993 suas
926 1933 1075 1993 vulneris
1097 1934 1148 1994 est
1161 1933 1349 2005 infirmitas,
1368 1933 1421 1994 vel
1440 1930 1597 2009 quaelibet
1618 1929 1730 2006 passio

83 2030 167 2107 guasi
191 2029 264 2091 vuit
287 2044 400 2091 emere
425 2029 611 2102 Dominum,
636 2032 672 2091 ut
692 2029 790 2092 liceat
807 2028 873 2089 sibi
928 2031 1087 2106 corporis,
1115 2032 1193 2108 quia
1217 2032 1306 2092 livor
1324 2032 1485 2106 abstergit
1506 2029 1604 2101 mala,
1630 2027 1727 2099 idest,

81 2128 205 2204 impune
229 2143 381 2205 peccare.
412 2127 506 2189 Unde
533 2129 769 2204 Augustinus:
798 2128 874 2189 Vita
928 2130 1073 2205 peccata.
1103 2129 1216 2204 Plagae
1246 2129 1281 2188 in
1310 2127 1546 2189 secretioribus
1574 2126 1727 2196 ventris,

81 2228 220 2287 ιιιιιιιιι
231 2227 283 2287 est
292 2226 462 2287 mutando
475 2230 513 2286 in
523 2230 656 2298 metiris,
669 2227 703 2287 et
713 2242 779 2300 per
793 2231 875 2287 elee-
928 2226 1022 2299 idest,
1040 2225 1196 2288 contritio
1210 2227 1243 2288 et
1257 2226 1444 2287 humiliatio
1465 2224 1669 2302 penitentie
1692 2223 1728 2283 in

81 2338 235 2398 mesonca
253 2323 501 2398 propitiaretur
523 2324 577 2385 est
597 2326 701 2387 neus.
731 2324 806 2384 Non
831 2323 873 2384 ad
929 2323 1164 2385 secretioribus
1179 2325 1300 2386 animm
1310 2322 1505 2399 abstergunt
1518 2321 1617 2393 mala,
1632 2320 1728 2391 idest,

81 2419 136 2481 boc
156 2421 399 2497 quodammodo
423 2420 592 2493 emendus,
616 2424 652 2483 ut
675 2436 714 2482 ea
744 2436 874 2498 semper
928 2422 1075 2498 peccate.
1093 2421 1128 2482 Si
1144 2420 1550 2498 quisigiturchristianus
1565 2418 1629 2480 lert
1643 2417 1730 2479 fruc-

82 2517 174 2581 liceat
186 2519 325 2595 impune
338 2518 555 2580 committere.
927 2519 997 2580 tum
1007 2516 1139 2590 bonurn,
1158 2521 1191 2579 et
1202 2518 1327 2594 patitur
1341 2517 1488 2595 aliquam
1502 2514 1730 2577 infirmitatem

113 2615 178 2675 alii
203 2614 333 2677 iaciunt
360 2614 504 2677 fructum
538 2614 682 2686 bonum,
708 2616 767 2677 sed
795 2630 874 2677 caro
929 2616 1090 2692 corporis,
1106 2614 1160 2677 vel
1172 2615 1387 2693 temporalem
1402 2614 1647 2683 adversitatem,
1663 2626 1730 2672 non

81 2712 258 2783 marcescit,
275 2713 313 2774 ut
326 2716 404 2773 sunt
414 2712 475 2784 illi,
490 2714 547 2790 qui
563 2728 638 2774 cum
652 2713 721 2773 sint
734 2712 873 2774 serven-
929 2713 1152 2783 contristetur,
1167 2712 1245 2789 quia
1264 2712 1419 2790 purgatio
1433 2713 1494 2772 est.
1508 2712 1547 2771 ut
1558 2710 1635 2770 ideo
1650 2724 1732 2786 pur-

81 2810 124 2871 tes
142 2809 178 2869 ιιι
192 2809 369 2886 principio,
391 2811 579 2885 emergente
593 2809 706 2887 aliqua
720 2811 875 2872 adversi·
929 2811 986 2887 gat
998 2825 1075 2870 eum
1098 2809 1242 2871 caelestis
1257 2809 1417 2886 agricola,
1444 2811 1480 2869 ut
1493 2808 1635 2869 fructum
1655 2805 1730 2883 plus

81 2907 142 2967 tate
154 2906 253 2983 hujus
264 2907 393 2978 saeculi,
414 2907 470 2968 vel
486 2907 691 2979 difficultate,
713 2907 876 2969 desistunt
929 2908 1058 2979 afferat,
1076 2907 1153 2985 quia
1175 2908 1261 2968 sicut
1279 2896 1422 2983 legitur:
1436 2908 1507 2968 Nec
1524 2918 1684 2983 prospera
1698 2904 1731 2964 te

81 3019 97 3063 a
122 3003 209 3065 hono
222 3019 336 3082 opere,
358 3006 394 3067 et
412 3004 582 3067 declinant
603 3005 644 3069 ad
665 3004 801 3069 malum.
827 3007 875 3065 De
930 3006 1083 3077 allevent,
1107 3020 1169 3066 nec
1197 3005 1337 3068 adversa
1362 3006 1396 3067 te
1410 3003 1617 3073 conturbent,
1639 3001 1730 3079 quia,

6 3176 7 3179 Ἴ
81 3100 193 3177 quibus
219 3102 253 3162 in
283 3101 347 3164 Job
362 3123 370 3161 ι
386 3104 548 3163 Lcertetur
576 3106 676 3177 preest
707 3106 811 3165 oiocc
838 3105 876 3162 in
930 3103 1276 3166 sicutexaltatmalos
1291 3104 1326 3164 in
1344 3103 1407 3164 lroc
1431 3102 1553 3163 saeculo
1573 3098 1730 3187 titiniu-

6 3242 8 3299 ν
78 3200 289 3275 prinsottorc
302 3200 508 3272 tornuerre
521 3198 607 3278 (ioh.
623 3198 757 3280 ιι,33).
770 3200 875 3263 Vinea
929 3203 1005 3263 turo
1024 3201 1251 3272 humilientur,
1279 3200 1327 3262 ita
1351 3199 1505 3261 humiliat
1523 3199 1557 3260 ιι
1575 3196 1732 3274 opprimit

6 3336 8 3377 4
81 3295 254 3358 redituris
273 3297 381 3373 primo
396 3296 488 3369 tiore,
504 3298 679 3375 siquando
695 3299 798 3360 nimio
811 3298 876 3358 iri·
906 3360 907 3363 ,
929 3299 1034 3360 bonos
1046 3300 1078 3360 et
1090 3299 1196 3376 Justos
1212 3298 1450 3360 tentationibus
1465 3299 1500 3358 in
1511 3297 1574 3357 hoc
1595 3293 1730 3365 mundo,

6 3414 8 3455 t

6 3500 8 3543 Ι

81 3409 166 3468 gore,
180 3394 341 3471 tangitur.
352 3395 473 3456 Eodem
489 3397 586 3460 modo
608 3396 703 3457 multi
719 3396 876 3457 florentes
931 3397 1012 3459 utin
1028 3395 1140 3458 tuturo
1152 3396 1352 3457 exaltentur.

80 3490 171 3555 bonis
185 3492 352 3569 operibus,
370 3494 466 3570 qnasi
490 3495 588 3555 vinea
609 3496 792 3570 tanguntur
811 3494 875 3554 iri·
972 3494 1066 3555 Unde
1079 3494 1115 3553 in
1126 3493 1359 3555 Ecclesiastico
1377 3515 1384 3552 :
1404 3496 1493 3554 Vasa
1505 3494 1600 3567 epau
1610 3489 1734 3565 probat

6 3594 8 3679 j
82 3604 166 3665 gere,
189 3590 286 3660 idest,
315 3590 527 3663 adversitate,
543 3593 798 3655 etmarcescnnt
813 3606 875 3651 eo·
930 3594 1071 3665 fornum,
1097 3592 1131 3653 ct
1150 3594 1304 3653 aestues
1318 3591 1434 3664 justos
1455 3589 1599 3651 teutotto
1619 3588 1732 3648 tritu-

6 3702 7 3707 *
82 3687 360 3759 rambouillet
375 3688 485 3760 dores,
503 3689 588 3751 idest
599 3688 694 3751 bonae
709 3690 878 3767 operatio-
931 3690 1069 3750 lotionis
1081 3686 1196 3767 (tiocli.
1211 3686 1372 3766 xxviro).
1384 3686 1476 3748 Sicut
1486 3686 1579 3747 calor
1587 3683 1733 3746 fornacis

82 3800 147 3848 aes.
162 3785 224 3846 Sed
240 3785 320 3863 quid
330 3786 464 3862 prodest
478 3786 527 3847 eis
538 3786 624 3863 quod
637 3787 743 3862 primo
755 3784 878 3848 inerint
931 3785 1066 3846 indurat
1083 3801 1165 3845 vasa
1180 3785 1307 3856 ilotilia,
1324 3800 1397 3861 quae
1413 3785 1505 3860 prius
1525 3782 1621 3843 erant
1641 3780 1731 3841 moi-

82 3881 238 3944 ferventes
248 3884 285 3943 ιιι
300 3881 388 3944 bono
400 3899 511 3959 opere.
523 3884 552 3944 si
561 3883 705 3946 tamcito
713 3884 878 3946 desistunt
932 3883 998 3955 lia,
1033 3883 1081 3943 ita
1115 3884 1254 3944 tentatio
1292 3880 1517 3942 tribulationis
1557 3878 1733 3939 conurmat

83 3994 137 4057 pro
149 3980 291 4058 alicujus
314 3981 544 4056 malignitate?
565 3982 659 4043 Unde
671 3983 875 4058 Gregorius:
933 3981 1066 4041 sanctos
1085 3966 1234 4041 in'omni
1255 3978 1397 4040 veritate
1423 3978 1456 4039 et
1475 3975 1616 4054 Justitia,
1634 3975 1732 4052 juxta

84 4077 279 4139 «incassum
312 4075 437 4137 bonum
471 4078 600 4153 agitur,
638 4078 667 4138 si
695 4079 772 4139 ante
799 4079 878 4140 vitae
933 4078 1018 4155 quod
1045 4077 1126 4139 dicit
1143 4075 1245 4139 Jacob
1262 4093 1270 4136 ε
1288 4078 1394 4138 Omne
1414 4077 1580 4152 goudium
1602 4073 1731 4134 emisit-

84 4174 253 4235 terminum
287 4173 515 4235 deseratur.»
550 4178 591 4240 Et
614 4176 791 4252 Apostolus
817 4192 878 4238 nos
934 4176 1038 4247 ritate,
1055 4176 1198 4248 fretrus,
1214 4190 1294 4236 cum
1310 4174 1499 4235 incideritis
1513 4174 1550 4233 in
1567 4170 1733 4232 tentatio-

86 4269 237 4343 iortatur,
251 4270 525 4333 dicenszflooum
538 4273 880 4347 socieruesmondeli·
934 4288 1016 4335 uem
1044 4271 1129 4351 (iae.
1160 4287 1183 4344 1,
1212 4271 1258 4350 2).
1287 4274 1326 4333 nt
1358 4271 1517 4333 Dominus
1538 4291 1545 4330 ε
1566 4272 1646 4330 Jom
1674 4283 1735 4330 cos

6 4410 7 4439 ι
85 4370 208 4429 omanus
222 4368 310 4446 (Gal.
326 4384 371 4441 ιι,
388 4367 434 4449 9).
449 4368 533 4442 Quia
544 4370 668 4446 legitur
683 4371 716 4431 in
732 4374 879 4447 Evange-
932 4373 1053 4431 muudi
1065 4371 1151 4432 estis
1161 4371 1308 4447 propter
1320 4384 1517 4431 samsonem
1535 4383 1636 4442 parem
1649 4372 1738 4428 tocu-

86 4462 471 4540 liozNoneutcoepertt,
488 4470 548 4529 sed
562 4470 880 4542 putperseoerove-
909 4554 910 4557 Ἴ
934 4469 989 4529 tus
1016 4483 1095 4529 sum
1123 4471 1217 4529 eoois
1239 4466 1349 4546 (ioan.
1375 4483 1432 4538 xv,
1452 4464 1498 4544 3).
1522 4468 1628 4542 Super
1646 4464 1735 4524 hunc

86 4562 248 4636 utusque
265 4566 304 4624 in
321 4565 439 4635 linem,
457 4567 512 4626 bic
523 4570 641 4627 solorre
657 4566 727 4626 crtt
745 4564 877 4643 (Matth.
934 4565 1043 4626 locum
1071 4566 1152 4627 dicit
1175 4565 1392 4642 Augustinus,
1414 4565 1500 4641 quod
1522 4562 1672 4622 Christus
1693 4560 1735 4621 de

87 4672 116 4729 x,
129 4660 191 4735 22).
213 4661 318 4736 igitur
332 4675 463 4722 omnem
482 4661 650 4737 palmitem
677 4678 743 4727 non
768 4661 880 4724 ieren-
909 4660 910 4667 ’
934 4662 1098 4740 baptismo
1125 4664 1168 4724 sit
1188 4663 1318 4724 locutus
1340 4663 1413 4722 baec
1426 4660 1541 4723 verba.
1560 4658 1623 4719 Sed
1641 4673 1736 4733 quae-

88 4757 146 4815 tem
165 4758 320 4828 bustum,
337 4757 390 4818 vei
408 4756 568 4819 terentem
583 4758 717 4835 quidem
732 4760 790 4821 sed
812 4776 879 4820 ιιοιι
934 4759 1185 4822 rendumnobie
1200 4761 1260 4831 est,
1278 4773 1381 4835 quare
1392 4772 1457 4817 non
1473 4756 1558 4816 dixit
1569 4772 1588 4813 r
1601 4757 1736 4831 propter

89 4850 209 4926 bouum,
234 4855 290 4915 vel
315 4854 478 4919 terentem
501 4855 624 4917 bonum
644 4857 701 4918 sed
717 4856 782 4920 cito
797 4857 881 4918 deii-
934 4857 1133 4935 baptismum
1168 4855 1254 4933 quod
1289 4855 1365 4916 dedi
1399 4852 1504 4924 vobis
1539 4868 1614 4913 cum
1650 4851 1735 4913 dixit

89 4949 230 5020 cientem,
247 4952 343 5013 tollet
357 4951 501 5016 coelestis
518 4953 678 5029 agricola.
694 4953 735 5016 m
750 4970 880 5017 omnem
935 4956 1264 5032 proptersermonem
1278 4967 1375 5029 quem
1385 4949 1735 5011 locutussumvobis.»

91 5048 139 5124 qui
158 5050 390 5121 fortunatum,
409 5049 565 5126 purgabit
578 5066 666 5122 eum,
687 5053 723 5112 ut
736 5051 879 5114 [ructum
936 5053 982 5114 Ad
1000 5053 1063 5114 troc
1086 5049 1257 5112 sciendum
1277 5050 1363 5126 quod
1387 5063 1474 5125 aqua
1488 5047 1643 5125 baptismi
1660 5048 1733 5107 sine

91 5144 880 5226 plmalierat.Palmitesiaciuntiruotumquaudo
934 5149 1036 5211 verbo
1051 5165 1117 5210 non
1138 5148 1238 5209 lavat.
1273 5147 1336 5209 Sed
1361 5147 1447 5208 sieut
1471 5162 1559 5223 aqua
1586 5145 1734 5206 exterius

92 5241 194 5306 ideles
215 5244 342 5309 iaciunt
362 5261 446 5326 opus
470 5245 604 5318 bonum,
630 5246 688 5307 sed
702 5246 881 5308 tamenin-
934 5246 1026 5308 lavat
1048 5261 1184 5323 corpus,
1213 5246 1259 5307 ita
1281 5245 1390 5322 gratia
1411 5244 1508 5322 aquis
1537 5243 1648 5304 intusa
1676 5256 1736 5317 per

6 5422 7 5435 ἶ
93 5337 415 5419 impinguatione·
935 5343 1072 5406 vernum
1097 5344 1186 5406 ravat
1207 5344 1358 5406 rotenus.
1385 5342 1480 5405 unco
1505 5339 1732 5416 augustinus:

127 5440 213 5502 Unde
224 5441 400 5504 sciendum
416 5441 561 5518 emqnod
572 5440 679 5503 tribus
694 5442 800 5503 modis
813 5458 882 5504 coe-
935 5441 1104 5504 «Accedit
1117 5441 1254 5504 verbum
1274 5441 1315 5502 ad
1341 5440 1552 5508 elementum,
1569 5438 1601 5498 et
1621 5436 1657 5497 ιιι
1676 5452 1735 5496 sa-

94 5531 336 5618 lesiisagricoie
351 5539 473 5616 purgat
485 5539 639 5617 palmites
654 5554 742 5612 suos,
759 5540 882 5601 videli-
936 5541 1193 5614 crementum»
1215 5540 1301 5600 unde
1329 5538 1421 5601 ιιιιιι
1445 5536 1552 5597 virtus
1576 5550 1671 5612 aquae
1700 5537 1737 5597 ut

92 5636 144 5709 eet,
161 5637 337 5720 temporali
365 5637 578 5710 adversitate,
599 5638 766 5719 corporali
783 5638 881 5701 intir-
935 5636 1056 5717 corpus
1077 5639 1192 5715 tangat
1214 5639 1248 5699 et
1270 5653 1329 5700 cor
1351 5635 1475 5707 abluat,
1500 5632 1565 5694 nisi
1592 5631 1736 5695 iaciente
