3946 6196
206 285 274 347 ‚eil
834 278 1010 346 nouonn
1032 277 1077 344 111
1099 278 1247 347 ornan.
1807 282 1869 352 aia
1959 268 1960 275 ‘

217 441 571 506 excommunicationis
597 440 781 504 districtius
809 440 1008 516 inhibemus,
1065 441 1374 521 tioneincoepimus,
1389 442 1872 526 nolentesrelinquereimper·

216 542 350 620 nequis
376 557 450 603 cum
472 538 678 602 Fanensibus
704 539 890 612 antedictis,
905 538 1010 602 donec
1065 541 1197 614 lectum,
1221 540 1432 617 praebendam
1455 559 1554 620 quam
1577 543 1674 606 bonae
1698 547 1871 608 memoriae

216 655 317 717 super
329 638 509 716 praemissis
522 637 629 699 eidem
644 638 810 715 episcopa,
823 637 1010 699 etFanensi
1065 639 1223 715 magister
1235 639 1427 716 Raynaldus
1442 639 1665 703 subdiaconus
1680 646 1714 706 et
1725 645 1871 721 capella-

216 737 368 800 ecclesiae
409 751 555 815 congrue
595 735 836 807 satisfecerint,
875 735 1010 813 aliquod
1065 753 1127 797 nus
1142 738 1254 799 noster
1276 736 1309 797 in
1324 737 1466 799 ecclesia
1479 741 1592 801 vestra
1606 740 1763 813 obtinuit,
1780 759 1871 819 prae-

215 835 396 913 praesumat
422 833 656 896 commercium
678 848 848 895 exercere.
869 832 1010 910 ideoque
1065 835 1152 896 dicto
1164 833 1309 897 iohanni
1332 833 1373 896 de
1392 852 1495 897 manu
1509 839 1623 899 nostra
1649 840 1867 914 contulimus,

216 932 426 994 universitati
447 933 566 993 vestrae
593 947 653 1009 per
675 931 864 1008 apostolica
886 931 1010 1007 scripta
1065 931 1151 1009 quod
1165 947 1346 1008 gravamen
1357 933 1508 997 ecelesiae
1518 937 1638 997 vestrae
1649 952 1717 998 non
1726 937 1869 1014 potestis

216 1030 251 1092 in
261 1030 384 1092 virtute
398 1028 594 1092 obedientiae
609 1028 767 1090 districtae
787 1028 1010 1105 praecipiendo
1065 1029 1187 1103 dicere,
1204 1030 1261 1091 sed
1277 1030 1438 1103 levamen,
1453 1048 1529 1094 cum
1543 1048 1765 1110 personarum
1776 1038 1869 1111 ejus-

216 1127 423 1199 mandamus,
445 1128 607 1204 quatenus
633 1126 757 1202 singuli
779 1141 838 1203 per
859 1125 1010 1187 civitates
1065 1127 1139 1190 dem
1152 1127 1302 1189 ecclesiae
1312 1144 1487 1191 numerum
1500 1133 1793 1205 nonauxerimus3
1811 1133 1868 1193 sed

216 1227 249 1287 et
263 1225 422 1286 dioeceses
435 1230 563 1287 vestras
578 1224 718 1299 singulis
738 1222 854 1284 diebus
867 1223 1011 1284 domini-
1064 1226 1211 1287 restrum
1223 1241 1283 1303 pro
1298 1227 1469 1300 extraneo,
1486 1229 1519 1289 et
1532 1227 1646 1289 notum
1660 1228 1759 1290 vobis
1774 1230 1869 1291 dede

216 1324 264 1384 cis
288 1324 321 1384 et
348 1322 476 1384 lestinis
501 1338 561 1399 per
580 1337 639 1383 vos
661 1322 694 1383 et
713 1320 861 1384 subditos
880 1321 1009 1383 vestros
1064 1323 1169 1384 rimus
1197 1339 1257 1401 pro
1288 1324 1413 1400 ignoto.
1440 1325 1581 1403 ideoque
1598 1342 1659 1402 per
1676 1327 1868 1403 apostolica

216 1421 287 1481 haec
300 1420 492 1482 solemniter
506 1419 724 1496 publicantes,
736 1434 776 1480 ea
793 1418 1007 1496 praecipiatis,
1063 1420 1157 1481 vobis
1181 1420 1304 1499 scripta
1319 1423 1541 1500 praecipiendo
1556 1423 1767 1495 mandamus,
1786 1441 1868 1502 qua-

215 1519 249 1579 et
262 1517 405 1588 faciatis,
423 1519 581 1594 quantum
602 1516 744 1578 iuvabis
767 1515 877 1587 luerit,
899 1514 1008 1577 ilrmi-
1063 1520 1160 1580 tenus
1183 1519 1383 1596 recipientes
1408 1520 1558 1581 eumdem
1571 1521 1626 1581 rel
1640 1524 1715 1598 ejus
1732 1523 1866 1584 nomine

215 1615 268 1676 ter
296 1614 478 1692 observari.
508 1613 717 1676 Denuntietis
747 1614 847 1675 etiam
884 1613 1009 1675 eisdem
1064 1617 1312 1692 procuratorem
1333 1617 1369 1678 in
1390 1618 1587 1679 canonicum
1606 1618 1639 1680 et
1658 1618 1694 1679 in
1713 1617 1863 1691 fratrem,

216 1711 424 1773 Fanensibus
440 1711 525 1788 quod
540 1710 569 1772 si
581 1711 639 1771 ‘diu
658 1710 693 1771 in
715 1726 776 1772 sua
800 1710 1009 1772 contumacia
1064 1713 1159 1790 eique
1171 1713 1305 1775 stallum
1319 1715 1355 1776 ln
1367 1714 1481 1788 choro,
1496 1716 1530 1777 et
1543 1716 1653 1777 locum
1667 1715 1704 1776 in
1716 1716 1865 1793 capitulo

215 1809 480 1885 perduraverint,
496 1808 652 1885 poterunt
666 1823 732 1869 non
751 1807 916 1868 immerito
935 1806 1008 1868 ior·
1060 1812 1157 1887 juxta
1185 1812 1338 1874 ecclesian
1359 1813 1480 1875 vestra
1509 1813 1786 1875 consuetudinem
1805 1830 1863 1875 as-

215 1905 343 1966 midare
374 1920 416 1966 ne
444 1905 611 1967 civitatem
644 1905 794 1981 ipsorum
829 1904 1009 1982 episcopali
1064 1906 1244 1984 signantes,
1262 1908 1369 1986 ipsunt
1390 1908 1538 1971 fraterna
1557 1910 1707 1972 tractetis
1728 1911 1766 1970 in
1795 1913 1865 1971 Dod

216 2002 377 2077 dignitate
392 2002 571 2079 privemus,
598 2003 687 2064 utin
712 2016 777 2079 quo
798 2001 1010 2079 deliquerunt
1063 2004 1154 2066 mino
1170 2006 1319 2077 caritate,
1348 2005 1491 2068 scientes
1514 2022 1575 2067 nos
1594 2005 1725 2069 dilectis
1747 2006 1864 2068 liliis...

211 2098 439 2175 iustoiudicio
452 2099 645 2176 puniantur,
666 2114 705 2159 ac
728 2114 844 2161 eorum
859 2098 1008 2160 insolen-
1064 2102 1285 2176 cancellario,
1315 2102 1350 2166 et
1383 2104 1552 2181 magistris
1586 2105 1804 2177 Bonoamico,
1834 2106 1867 2167 et

214 2196 563 2274 tiamcomprimemus
587 2181 884 2273 potentia'bracbii
902 2211 1010 2258 saecu·
1064 2193 1254 2262 Girardode
1263 2200 1421 2262 Gentiaco
1432 2201 1602 2262 canonicis
1612 2202 1796 2264 bituricen.
1809 2212 1867 2279 per

216 2292 309 2354 laris.
1063 2298 1195 2358 nostros
1229 2297 1360 2359 dedisse
1385 2298 1514 2360 litteras
1539 2300 1577 2359 in
1599 2299 1787 2376 praeceptis,
1819 2302 1864 2371 ut,

253 2391 372 2451 Datum
386 2388 568 2462 Ferentini,
592 2390 731 2467 septimo
744 2389 906 2452 kalendas
917 2391 1011 2453 octo·
1064 2393 1157 2456 vobis
1172 2395 1207 2455 in
1227 2395 1373 2458 mandati
1389 2396 1494 2457 nostri
1515 2397 1713 2458 executione
1728 2412 1868 2458 cassan⁴

215 2486 297 2559 bris,
310 2486 521 2565 pontificatus
531 2487 638 2549 nostri
651 2503 739 2549 anno
754 2488 910 2550 secundo.
1063 2491 1161 2559 tibus,
1177 2486 1242 2569 ipsi
1256 2508 1315 2554 vos
1331 2487 1415 2554 adid
1428 2506 1672 2570 percensuram
1686 2494 1866 2555 ecclesias·

255 2583 736 2662 Datdie25septembris1217,
745 2584 1007 2662 pontitannoll.
1063 2589 1163 2651 ticam
1189 2588 1318 2652 sublato
1341 2589 1519 2667 cujuslibet
1540 2588 1816 2652 contradictionis
1835 2588 1867 2651 et

1064 2685 1297 2763 appellationis
1320 2685 1554 2763 impedimento
1569 2687 1782 2764 compellant
1802 2690 1867 2749 Da·

519 2760 704 2849 XXXVII
1064 2785 1133 2845 tum
1149 2782 1318 2845 Ferentini
1332 2786 1427 2845 sexto
1439 2783 1599 2845 kalendas
1615 2784 1763 2846 octobris
1778 2798 1864 2847 anno

252 2912 530 2987 coepiscopum,
552 2904 972 2987 accaatcmctccpttulum
1064 2880 1221 2942 ⁸⁰⁰⁰nd0·
1620 2973 1657 2992 ,.

470 3012 737 3071 mmm-cemes·
1104 2980 1141 3039 In
1156 2977 1306 3040 eumdem
1322 2978 1391 3040 iere
1415 2978 1548 3041 modum
1563 2979 1725 3057 scripturn
1741 2972 1793 3040 est
1811 2990 1866 3040 su-

1064 3088 1124 3150 per
1133 3074 1196 3136 hoa
1205 3074 1340 3148 eisdem,
1354 3074 1468 3138 verbis
1481 3078 1706 3153 competenter
1717 3077 1863 3138 mutatis.

500 3129 535 3186 ²⁶
547 3136 619 3202 ⁸⁸9³·
637 3122 717 3188 Μ·
1065 3172 1156 3243 Quod
1172 3171 1202 3232 si
1224 3187 1291 3233 non
1306 3185 1430 3246 omnes,
1448 3173 1523 3245 eta,
1540 3173 1605 3236 duo
1625 3175 1787 3247 restrum,
1802 3176 1862 3236 etc.

259 3233 368 3297 [liegest.
381 3232 427 3284 lib.
440 3230 472 3293 11,
485 3233 559 3297 epist.
570 3233 626 3284 aab.
639 3235 697 3285 llss
709 3235 978 3301 ceremonensem]

242 3338 359 3398 liendat
370 3347 401 3397 ut
411 3340 546 3398 clericum
556 3343 581 3398 J.
598 3340 627 3397 in
641 3341 812 3400 canonicum
823 3342 972 3416 recipient.
1147 3350 1152 3357 ’
1360 3359 1566 3448 XXXVIII

250 3466 430 3535 Honorius,
444 3469 519 3539 eta,
535 3467 720 3529 venerabili
741 3468 837 3530 fratri
855 3469 1009 3547 episcopo

210 3564 244 3625 et
277 3563 406 3625 dilectis
439 3564 576 3637 decano,
614 3564 647 3626 et
672 3565 817 3642 capitulo
856 3567 1011 3628 Lemovi-

211 3674 300 3721 cens.

1104 3511 1157 3571 Aa
1177 3510 1334 3572 abbatem
1355 3511 1579 3586 Lonptpoatts
1600 3512 1827 3597 Sarmatarum

1207 3609 1373 3669 decanum
1389 3607 1423 3668 at
1435 3610 1728 3670 archidiaconum.

251 3757 336 3818 Olim
350 3756 445 3820 uobis
459 3756 590 3819 dedisse
610 3758 789 3821 recolimus
813 3757 849 3821 in
870 3758 1011 3822 manda·
1348 3727 1383 3786 ²⁶
1395 3735 1469 3801 8θΡῑ·
1487 3728 1566 3787 ¹²¹⁷·

209 3853 265 3926 tis,
289 3854 326 3915 ut
350 3854 506 3917 dilectum
528 3854 633 3917 illium
660 3857 845 3919 iohannem
873 3856 1009 3919 fratrem
1111 3838 1274 3908 [¹¹⁸th-
1286 3841 1404 3907 11,epm.
1417 3840 1472 3891 ⁶³⁸·
1485 3842 1828 3907 manummerias]

210 3950 323 4013 dilecti
342 3951 403 4013 filil
429 3952 581 4029 magistri
604 3956 657 4015 W.
685 3953 809 4016 notarii
823 3955 928 4016 nostri
949 3971 1009 4032 pro
1064 3960 1155 4016 litem
1170 3958 1288 4015 remittit
1301 3956 1492 4016 dirimendam
1508 3958 1582 4017 inter
1594 3961 1753 4018 cononloos
1766 3962 1794 4019 s.
1808 3961 1863 4019 re-

210 4048 398 4110 reverentia
425 4051 550 4118 nostra,
577 4050 611 4111 at
629 4049 744 4112 obtutu
768 4049 916 4128 ejusdem
938 4067 1011 4111 ma·
1098 4046 1171 4105 dasii
1185 4054 1216 4105 et
1225 4045 1400 4105 abbatissam
1415 4047 1582 4105 monianum
1595 4048 1727 4106 ecclesiae
1743 4051 1866 4108 &Bene
1959 4088 1960 4095 κ

209 4144 306 4219 gistri
328 4145 525 4221 reciperetis
537 4145 572 4206 in
588 4148 785 4208 canonicum
800 4150 960 4217 vestrum,
977 4149 1010 4210 et
1100 4135 1178 4193 dicti.

210 4238 357 4308 fratrem,
368 4241 556 4303 nonobesse
568 4241 700 4319 quidem
708 4246 827 4305 vestrae
836 4244 1009 4306 credentes
1104 4239 1282 4315 Honorius,
1302 4244 1379 4317 etc,
1394 4244 1524 4306 dilectis
1545 4244 1623 4306 liliis
1642 4242 1756 4308 abbati
1773 4249 1864 4308 Lon-

210 4336 372 4409 ecclesiae,
386 4337 443 4398 sed
458 4337 626 4414 prodesse,
640 4355 741 4415 quum
761 4341 867 4402 eidem
881 4342 1010 4404 lohan—
1063 4341 1208 4417 gipontis
1238 4341 1452 4403 Suessionen.
1482 4342 1647 4416 dioecesis,
1669 4343 1810 4416 decano,
1834 4343 1865 4406 et

210 4434 263 4495 nis
292 4432 451 4495 honestas
479 4435 512 4496 et
539 4436 679 4497 scientia
707 4436 948 4514 suffragentur,
976 4440 1010 4501 et
1062 4436 1092 4501 i.
1109 4436 1346 4499 archidiacono
1363 4439 1577 4501 Suessionen.

208 4531 367 4609 praelatus
376 4532 544 4608 magister,
555 4533 612 4610 qui
627 4549 697 4595 suae
707 4536 823 4596 merito
834 4535 1008 4613 probitatis
1103 4535 1296 4598 constitutis
1322 4530 1358 4596 in
1386 4537 1566 4612 praesentia
1591 4537 1706 4600 nostra
1732 4537 1863 4600 dilectis

209 4629 316 4703 nobis,
340 4630 372 4691 et
391 4629 549 4692 iratribus
564 4630 689 4694 nostris
706 4634 820 4708 gratus
834 4634 885 4695 est
904 4635 937 4696 et
951 4650 1010 4696 ac·
1064 4630 1142 4694 liliis
1156 4636 1186 4695 J.
1203 4633 1364 4695 canonico
1383 4633 1534 4696 ecclesiae
1549 4634 1655 4695 sancti
1671 4633 1821 4707 vedasti,
1835 4638 1866 4696 et

209 4729 334 4804 ceptus,
361 4727 456 4790 vobis
475 4729 508 4790 et
525 4729 592 4806 ipsi
616 4730 767 4792 ecclesiae
787 4730 883 4807 grata
904 4732 1010 4809 possit
1063 4733 1107 4793 M.
1131 4730 1324 4808 presbytero
1351 4732 1609 4808 procuratori...
1633 4730 1814 4794 abbatissae
1829 4747 1866 4793 aa
1959 4742 1960 4829 ᾗ

210 4823 367 4902 obsequia
401 4825 571 4888 exhibere.
606 4829 673 4889 Vos
708 4830 818 4890 autem
853 4829 1008 4892 mandato
1063 4827 1258 4890 monialium
1282 4828 1434 4890 ecclesiae
1454 4828 1560 4891 sancti
1580 4830 1753 4892 Benedicti
1768 4830 1867 4891 Auri-

210 4924 324 4983 nostro
350 4923 383 4985 et
409 4924 648 4986 monitionibus
675 4941 806 5000 eorum,
834 4943 916 5003 quos
944 4927 1008 4988 sibi
1063 4925 1865 4998 niacen,Laudunen.dioecesis,dilectumfllium

140 5102 146 5108 ⁸
209 5019 391 5081 monitores
418 5022 646 5094 concedimus,
675 5066 834 5085 ........
858 5025 1008 5102 recipere
1063 5026 1102 5085 R.
1118 5022 1328 5100 capellanum
1354 5023 1503 5091 nostrum
1522 5025 1751 5087 concessimus
1766 5025 1865 5086 audi·

209 5133 276 5179 non
312 5117 455 5178 curastis
487 5120 660 5203 eumdem,
701 5120 825 5183 habere
859 5122 1007 5184 volentes
1062 5122 1179 5193 torem,
1206 5136 1318 5183 coram
1342 5136 1407 5197 quo
1430 5121 1518 5182 idem
1531 5123 1561 5184 J.
1578 5122 1764 5199 proposuit,
1781 5121 1866 5201 quod
1959 5188 1960 5195 χ

208 5217 328 5278 vestrae
341 5213 573 5277 inobedientiae
588 5218 809 5280 velamentum
825 5220 1007 5297 quodidem
1063 5218 1140 5279 olim
1167 5217 1258 5294 ipso,
1294 5218 1327 5280 et
1360 5217 1556 5295 quibusdam
1590 5218 1667 5279 aliis
1695 5218 1865 5281 canonicis

206 5312 369 5375 beneficia
393 5312 544 5391 quaedam
564 5315 713 5377 noscitur
734 5316 895 5390 obtinere,
912 5319 1008 5395 quasi
1062 5316 1169 5378 eidem
1184 5316 1290 5377 sancti
1300 5316 1441 5377 vedasti*
1450 5316 1613 5388 ecclesias,
1625 5314 1734 5377 felicis
1747 5331 1866 5379 mema-
1959 5334 1960 5341 ¹

209 5409 346 5472 cuilibet
357 5411 509 5472 assecuto
524 5411 636 5499 aliqua
649 5412 809 5475 beneficia
826 5415 1007 5491 praeclusus
1061 5415 1121 5475 riae
1148 5413 1341 5475 Innocentio
1365 5428 1460 5491 papae
1488 5413 1727 5491 praedecessori
1752 5414 1864 5475 nasim
1959 5452 1960 5463 κ

209 5507 253 5567 sit
278 5507 387 5569 aditus
413 5508 455 5569 ad
476 5512 616 5587 majora.
641 5511 710 5572 Nos
732 5514 843 5574 autem
865 5512 951 5589 quod
967 5513 1007 5575 de
1061 5510 1303 5584 intimantibus,
1322 5510 1408 5589 quod
1423 5527 1525 5588 quum
1540 5509 1656 5572 eadem
1670 5511 1816 5572 ecclesia
1831 5511 1863 5570 in

209 5601 268 5660 illa
283 5604 472 5677 specialiter
485 5606 636 5682 praedicti
655 5609 805 5684 magistri
821 5610 1008 5673 considera·
1062 5625 1127 5688 qua
1143 5611 1193 5673 est
1208 5608 1434 5673 duodenarius
1450 5609 1690 5673 canonicorum
1706 5622 1862 5671 numerus
