3900 6202
853 275 1029 337 HONORII
1049 274 1096 336 111
1117 276 1265 338 OPERA.

234 279 295 345 283
1823 281 1885 345 281

228 440 264 503 16
279 454 373 519 paee,
394 435 508 509 libere,
523 434 644 515 quiete,
668 436 702 501 et
720 434 905 497 honorilice
922 437 956 498 et
969 436 1026 497 in·
1081 435 1245 514 siquidem
1280 435 1430 499 dolentes
1464 435 1669 507 audivimus,
1702 438 1790 515 quod
1825 440 1886 503 ille

230 540 334 615 tegre,
351 537 437 598 sicut
459 533 685 613 supradictum
706 535 767 595 est.
794 533 945 595 Testibus
961 534 1024 596 do·
1081 534 1248 611 primaevae
1263 534 1478 596 dissentionis
1502 535 1669 597 auctorat
1686 537 1796 598 ruinae
1820 553 1887 601 an·

230 638 321 698 mino
336 638 389 695 W.
412 632 650 708 burdegalensi
674 632 935 709 archiepiscopo,
961 634 1024 695 do·
1080 634 1195 709 661166
1210 635 1416 712 procurator,
1440 634 1603 712 potestate
1622 635 1774 711 accepta,
1787 637 1884 699 tanta

230 735 320 796 mino
333 736 373 794 R.
387 730 653 806 Petragoricensi
674 729 937 808 archiepiscopo,
954 748 1026 792 ma·
1080 731 1236 793 intervos
1246 730 1624 809 peccatisexigentibus,
1636 730 1886 795 discordiarum

229 833 334 910 gistro
358 829 521 893 Riccardo
538 829 578 890 de
605 829 759 900 MariscO,
790 829 1026 892 archidiacono
1082 828 1885 908 scandalaseminavit,quodinplurespartesdi·

229 927 426 999 Norbumb.,
444 929 483 989 R.
511 926 631 989 comite
654 926 801 1000 cestriae,
830 929 884 988 W.
907 927 1026 990 comite
1080 927 1170 989 visos
1184 928 1226 989 ad
1241 928 1358 1005 praelia
1368 928 1526 990 intestina
1538 931 1571 989 et
1582 926 1671 989 bella
1689 928 1767 1006 plus
1782 946 1886 1007 quam

229 1026 270 1091 de
294 1025 474 1098 Ferrariis,
507 1024 650 1087 Roberto
690 1024 730 1085 de
764 1026 893 1088 mortuo
928 1025 1024 1095 mari,
1081 1025 1193 1088 civilia
1203 1042 1263 1088 vos
1277 1026 1425 1098 deduxit,
1439 1027 1487 1087 ita
1500 1026 1536 1088 ut
1550 1027 1675 1088 nonsit
1690 1027 1723 1088 ei
1737 1043 1827 1105 opus
1843 1029 1886 1090 ad

228 1128 358 1189 ,ioanne
376 1121 622 1186 constabulario
643 1122 792 1195 Cestriae,
807 1124 938 1185 Joaune
956 1123 1025 1185 lilio
1080 1123 1314 1187 exterminium
1328 1124 1486 1197 vestrum,
1508 1124 1595 1202 quod
1619 1124 1719 1197 absit,
1735 1124 1887 1188 forinse-

227 1223 374 1295 Roberti,
390 1221 552 1284 Riccardo
575 1220 616 1282 de
639 1221 834 1293 Mousiohet,
850 1221 1025 1299 Radnlpho
1080 1239 1194 1285 corum
1214 1222 1359 1285 bostium
1378 1237 1502 1284 cuneos
1523 1223 1699 1295 advocare,
1721 1240 1828 1301 quum
1849 1225 1887 1288 in

228 1323 268 1383 de
281 1324 385 1398 l'ony,
402 1320 518 1381 Fratre
533 1319 651 1391 Alauo,
672 1319 831 1381 Marcello
848 1320 972 1381 Brinno
985 1320 1026 1381 de
1079 1320 1174 1382 vobis
1188 1336 1247 1397 per
1258 1337 1319 1381 vos
1333 1320 1424 1397 ipsos
1439 1318 1562 1383 efficiat
1576 1320 1662 1399 quod
1675 1320 1837 1395 intendit,
1854 1326 1888 1385 et

227 1420 351 1483 Insula.
372 1420 455 1480 Data
477 1433 536 1495 per
557 1433 691 1478 manum
713 1417 880 1495 Radnlphi
899 1417 940 1479 de
961 1418 1025 1479 Ni·
1080 1434 1139 1480 vos
1149 1419 1340 1480 desiderare
1351 1417 1462 1491 faciat,
1475 1418 1562 1495 quod
1573 1420 1720 1495 exoptat,
1732 1420 1770 1481 ut
1780 1437 1886 1497 quum

227 1519 305 1581 vell.
330 1517 417 1593 apud
450 1517 627 1593 Partenay,
652 1516 813 1591 vigesimo
849 1518 943 1579 sexto
971 1516 1024 1577 die
1079 1515 1173 1578 vobis
1197 1516 1351 1590 illuserit,
1376 1532 1436 1578 vos
1458 1515 1618 1585 derideat,
1641 1516 1674 1578 et
1699 1515 1740 1578 de
1766 1522 1886 1580 vestra

228 1617 311 1679 Maii
332 1631 420 1677 anuo
442 1614 537 1691 regni
559 1614 663 1675 nostri
690 1616 784 1676 sexto
809 1614 936 1676 decimo
961 1612 1022 1695 (a).
1080 1613 1285 1686 confusione,
1312 1631 1412 1693 quum
1437 1630 1497 1675 vos
1520 1613 1661 1676 forsitan
1686 1615 1880 1689 dolueritis,

227 1714 321 1778 Nulli
334 1730 415 1790 ergo
425 1713 559 1774 omnino
570 1711 740 1773 homiuum
751 1712 851 1773 liceat
862 1713 950 1774 banc
964 1728 1023 1790 pa·
1079 1713 1250 1789 glorietur.
1275 1712 1317 1774 Ut
1339 1713 1462 1782 autem,
1478 1712 1565 1790 quod
1580 1713 1750 1789 cogitavit,
1767 1715 1884 1779 valeat

227 1814 339 1889 gisam
350 1812 472 1873 nostrae
483 1809 744 1871 confirmationis
759 1810 954 1887 infringere,
971 1810 1024 1872 vel
1079 1809 1216 1891 facilius}
1231 1811 1424 1889 adimplere,
1453 1810 1619 1873 instanter
1643 1813 1818 1888 procurat,
1848 1813 1884 1875 ut

227 1911 260 1972 ei
273 1927 358 1972 ausu
372 1909 550 1971 temerario
574 1908 750 1971 contraire.
769 1909 893 1986 Siquis
913 1910 1024 1972 autem
1079 1910 1229 1972 consueti
1254 1908 1429 1985 regiminis
1459 1908 1578 1971 solatio
1606 1911 1768 1982 careatis,
1799 1911 1885 1989 qnia

227 2008 292 2070 hoc
304 2009 466 2070 attentare
491 2007 739 2084 presumpserit,
760 2006 1024 2083 indignationem
1073 2009 1171 2087 iuxta
1207 2007 1345 2071 verbum
1378 2006 1545 2085 Sapientis
1580 2007 1693 2087 (Prov.
1720 2024 1775 2077 11,
1816 2008 1881 2089 14).

226 2104 462 2182 omnipotentis
490 2104 550 2166 Dei
588 2120 627 2166 ac
661 2104 832 2167 beatorum
869 2107 959 2168 Petri
992 2109 1025 2171 et

166 2242 169 2248 ,
226 2203 335 2276 Pauli,
351 2201 576 2280 apostolorum
590 2204 674 2280 ejus,
697 2218 733 2265 se
756 2202 888 2265 noverit
902 2204 1022 2268 iucur-

226 2317 352 2365 surum.
366 2301 484 2362 Datum
496 2300 663 2373 Laterani,
680 2302 742 2363 XII
751 2300 914 2364 kalendas
931 2319 1023 2368 mar-

226 2400 281 2473 tii,
298 2397 508 2477 pontificatus
522 2398 629 2459 nostri
647 2412 736 2460 anno
751 2398 869 2477 primo,

516 2612 747 2701 cdxxviii

362 2815 414 2875 Ad
426 2816 589 2888 popinam
598 2813 878 2873 Cremonensem.

513 2976 631 3037 181661.
649 2979 729 3037 litt.

222 3126 351 3192 [11661666
369 3124 433 3175 Acta
451 3120 554 3186 imperii
572 3120 765 3180 6616616611,
783 3136 809 3186 p.
828 3121 885 3185 610,
905 3133 933 3172 6·
950 3123 1018 3189 661]

220 3297 315 3369 Rogat
328 3301 358 3351 et
371 3293 510 3362 bortatur,
521 3300 553 3350 ut
565 3291 685 3350 redeant
706 3291 741 3350 ad
761 3307 908 3352 corsuum
924 3302 952 3353 et
971 3311 1016 3355 re·

254 3385 329 3443 lictis
349 3382 541 3441 simultatibus
556 3388 585 3439 et
599 3379 731 3439 fraternis
752 3381 835 3453 odiis,
852 3382 888 3441 de
901 3400 934 3442 se
946 3399 1016 3443 con·

253 3473 354 3532 6611166
370 3473 512 3547 negitent,
536 3486 591 3529 uec
609 3471 666 3528 sint
680 3471 803 3545 amplius
823 3473 853 3530 iu
877 3472 1016 3547 donnum,

254 3561 378 3620 fabulam
393 3569 423 3620 et
435 3562 578 3620 cauticum
602 3559 665 3618 aliis
689 3566 746 3617 tota
769 3560 825 3619 dic.
842 3562 940 3621 lionet
953 3578 1015 3631 eos,

253 3659 286 3709 ut
299 3651 354 3709 sibl
366 3652 429 3710 siue
441 3664 522 3708 mora
535 3647 693 3724 praessetsnt
705 3647 811 3706 adsue
823 3651 955 3725 regimen
973 3653 1014 3710 61-

253 3740 348 3799 vitatis
372 3747 552 3814 potestatem,
573 3737 706 3796 consules
727 3738 773 3797 vel
794 3747 945 3810 rectorem,
968 3742 1016 3814 qtri

253 3831 426 3905 questiones
440 3837 468 3887 et
483 3843 586 3887 causas
605 3827 678 3884 iuter
692 3827 771 3902 ipsos
785 3835 898 3887 6161166
911 3831 1016 3905 poterit

131 3942 137 3949 ·
253 3919 436 3994 postmodum
453 3920 620 3978 terminare.

256 4064 431 4128 {Honorius
464 4064 653 4141 episcopus,
690 4079 807 4125 servus
843 4080 1014 4127 servorum

215 4163 287 4236 Dei,
302 4162 433 4224 dilectis
453 4161 532 4222 tiliis
555 4161 677 4238 populo
692 4162 909 4223 Cremonensi
922 4164 1015 4224 salu-

214 4260 335 4322 temet
358 4258 581 4349 Apostolicam
607 4257 883 4320 benedictionem.
906 4262 1012 4333 Quum

214 4373 276 4420 vos
290 4358 458 4434 tamquam
481 4354 616 4417 devotos
638 4355 789 4417 ecclesiae
811 4355 1012 4420 1111666111-

215 4455 305 4518 deles
316 4455 447 4517 sincera
460 4454 497 4516 16
511 4453 651 4515 Domino
666 4453 843 4529 diligamns
859 4457 1009 4530 caritate,

215 4554 302 4617 sicut
316 4553 356 4615 de
372 4552 493 4616 vestris
511 4551 681 4630 prosperis
701 4551 909 4613 successibus
927 4569 1010 4630 gra·

212 4653 370 4726 tulamur,
387 4652 436 4713 sic
449 4650 523 4712 vice
541 4665 639 4712 versa
662 4647 845 4723 turbamur,
862 4667 937 4712 cum
951 4668 1011 4713 vos

213 4751 333 4830 perflat
354 4750 491 4829 spiritus
514 4748 731 4825 tempestatis,
748 4765 788 4809 eo
812 4749 908 4826 quod,
926 4750 1012 4812 sicut

213 4848 386 4928 paternam
396 4847 514 4910 faciem
526 4846 694 4908 exhilarat
710 4847 743 4908 ct
753 4847 1011 4926 serenatjucun·

214 4947 300 5008 ditas
313 4947 469 5020 liliorum,
484 4945 532 5006 sic
547 4961 566 5006 e
580 4945 695 5007 contra
709 4944 818 5022 ipsam
840 4944 1011 5009 obnubilat

214 5047 247 5108 et
265 5043 437 5122 perturbat
455 5043 639 5105 adversitas
668 5042 869 5104 eorumdem.
896 5045 1010 5123 Nuper

249 5209 293 5288 (o)
303 5215 371 5271 llaec
383 5225 525 5268 annorum
536 5209 698 5284 supputatio
712 5209 1009 5280 6666661661616116-

212 5300 258 5343 nn
273 5285 607 5343 lilbcommeusuratur.
625 5281 748 5339 Petenda
762 5290 837 5351 sunt,
853 5291 883 5340 ut
896 5298 1006 5356 prauo·

213 5358 348 5425 terimus,
360 5354 440 5411 initia
456 5355 538 5426 regni
551 5353 626 5410 adie
641 5353 756 5410 armati
777 5354 855 5410 1199.
872 5356 945 5411 11166
958 5356 1008 5428 igi·

212 5434 257 5485 tur
269 5441 362 5485 annos
374 5423 522 5482 sexdecim
537 5422 642 5494 ducas,
665 5432 751 5496 atque
763 5425 791 5481 in
804 5423 880 5481 diem
893 5426 928 5482 16
940 5426 1007 5483 maii

214 5498 293 5566 1116,
309 5511 366 5568 quo
376 5503 505 5568 ternpore
517 5497 636 5553 loannis
646 5494 770 5568 diploma
785 5509 937 5568 procusum
953 5504 1005 5567 cst,

213 5580 306 5622 anuos
324 5567 489 5624 numerabis
504 5565 647 5624 sexdecim
666 5565 841 5624 adamussim
868 5567 1005 5640 expletos.

212 5635 306 5702 Quum
320 5636 397 5692 enim
421 5651 437 5693 a
457 5636 503 5694 die
522 5637 590 5694 maii
608 5638 643 5695 27
661 5636 773 5697 initium
797 5651 937 5696 annorum
958 5637 1007 5698 du·

1086 2110 1144 2169 1161
1175 2122 1246 2170 non
1277 2106 1330 2169 est
1361 2106 1588 2183 accensator,
1617 2111 1766 2181 populus
1800 2123 1885 2169 cor-

1077 2206 1168 2278 ruet,
1189 2203 1366 2267 etsublato
1390 2203 1523 2281 pastore
1538 2219 1616 2265 ovas
1631 2203 1786 2283 protinus
1811 2205 1885 2266 dis-

1077 2303 1271 2380 perguntur.
1284 2302 1348 2365 Ubi
1358 2303 1408 2364 est
1418 2317 1497 2378 ergo
1510 2302 1687 2380 prudentia
1699 2303 1882 2376 secularis,

1077 2418 1151 2481 quae
1165 2416 1306 2478 regnare
1330 2401 1365 2461 in
1385 2400 1480 2463 vobis
1501 2400 1662 2462 hactenus
1681 2403 1883 2465 consuevit?

1077 2500 1156 2575 Quis
1174 2516 1233 2562 vos
1252 2499 1301 2560 sic
1322 2498 1500 2561 fascinavit
1520 2500 1553 2559 et
1574 2497 1763 2560 adtentum
1779 2500 1883 2563 insa-

1076 2602 1166 2665 niam
1180 2618 1239 2664 vos
1258 2600 1425 2679 perduxit,
1442 2601 1479 2663 ut
1496 2601 1569 2662 siue
1583 2616 1686 2662 causa
1702 2601 1824 2664 velitis
1844 2605 1884 2665 de

1075 2700 1169 2762 vobis
1188 2700 1307 2762 vestris
1321 2699 1480 2775 gaudium
1505 2697 1618 2760 facere
1643 2699 1806 2773 inimicis,
1837 2701 1885 2763 ita

1076 2800 1112 2861 ut
1126 2798 1250 2877 absque
1265 2814 1327 2860 suo
1349 2796 1463 2860 labore
1484 2797 1525 2858 de
1546 2796 1640 2859 vobis
1655 2798 1810 2874 optatum
1829 2815 1884 2860 re-

1075 2897 1208 2976 portent
1238 2896 1442 2974 triumphum
1475 2896 1508 2957 et
1534 2894 1676 2968 vestris,
1703 2897 1882 2974 tamquam

1074 2996 1176 3059 armis
1205 2993 1389 3064 hostilibus,
1418 3010 1478 3056 vos
1511 2992 1699 3066 devincant,
1734 2995 1770 3056 et
1804 2996 1882 3060 sine

1074 3094 1194 3156 sudore
1227 3093 1397 3155 obtineant
1425 3092 1511 3170 quod
1544 3090 1706 3154 hactenus
1741 3092 1883 3156 efficere

1074 3209 1149 3254 cum
1177 3192 1282 3253 multa
1310 3189 1474 3254 effusione
1504 3189 1679 3266 sanguinis
1712 3193 1884 3269 nequive-

1073 3290 1172 3352 rnntt
1203 3289 1298 3350 Certo
1332 3289 1367 3349 iu
1401 3286 1464 3349 hoc
1497 3303 1565 3349 non
1596 3286 1782 3360 dormiunt,
1819 3290 1882 3366 qni

1072 3387 1263 3449 desiderant
1293 3385 1417 3446 malum
1449 3386 1613 3454 vestrum,
1646 3384 1704 3446 sed
1734 3384 1779 3445 ad
1815 3403 1881 3448 vos

1072 3484 1302 3546 dilacerandos
1343 3484 1433 3545 vires
1474 3482 1616 3544 libenter
1651 3483 1775 3544 vestris
1803 3501 1883 3546 ma-

1071 3582 1169 3644 nibus
1188 3580 1434 3654 ministrabunt,
1451 3582 1484 3644 et
1500 3580 1655 3657 forsitan,
1670 3597 1775 3658 quum
1790 3598 1880 3660 ape-

1070 3682 1205 3745 rueritis
1238 3680 1374 3751 oculor,
1409 3695 1527 3741 manus
1559 3679 1708 3757 ipsorum
1749 3681 1879 3742 vestris

1070 3779 1223 3841 manibus
1248 3778 1445 3840 intersertas
1481 3793 1547 3839 non
1585 3776 1684 3841 facile
1718 3779 1876 3855 poteritis

1070 3878 1245 3939 extricare.
1279 3876 1343 3937 Sed
1374 3875 1487 3937 forsan
1514 3890 1575 3937 vos
1608 3874 1710 3938 taedet
1742 3877 1876 3941 tamdiu

1069 3976 1214 4052 gaudere
1234 3973 1454 4053 prosperitate
1476 3973 1600 4051 optate,
1622 3972 1798 4046 Ecclesiae,
1819 3976 1875 4040 cui

1069 4073 1259 4136 obedientes
1274 4071 1394 4143 fuistis,
1418 4070 1552 4133 obtenta
1576 4070 1745 4165 precibus,
1762 4074 1797 4134 et
1821 4074 1878 4134 fa·

1068 4187 1159 4244 vore,
1187 4186 1227 4234 ac
1249 4170 1352 4231 vultis
1377 4168 1498 4232 vestris
1527 4168 1733 4231 adversariis
1762 4171 1876 4235 vicem

1068 4271 1158 4341 dare,
1186 4269 1222 4329 ut
1247 4266 1423 4332 manifeste
1448 4267 1560 4344 pateat
1578 4265 1759 4340 universis,
1782 4269 1878 4347 quod

1067 4367 1126 4429 alii
1148 4365 1244 4428 debet
1265 4363 1413 4438 attribui,
1431 4364 1519 4442 qnod
1542 4364 1691 4436 stetistis,
1710 4367 1745 4426 et
1758 4368 1877 4431 vestra

1067 4464 1256 4537 declinatio,
1272 4463 1359 4541 qnod
1382 4465 1470 4523 lreus
1492 4462 1630 4534 avertat,
1645 4462 1719 4524 sine
1737 4464 1877 4527 meritis

1066 4562 1268 4626 adversariis
1299 4561 1520 4623 adscribetur.
1543 4561 1660 4623 Redite
1674 4576 1776 4638 ergo,
1809 4563 1876 4625 filii

1066 4660 1243 4733 carissimi,
1259 4659 1300 4721 ad
1315 4674 1373 4721 cor
1385 4658 1532 4720 vestrum
1547 4661 1591 4731 et,
1606 4658 1733 4720 relictis
1749 4661 1877 4726 simul-

1065 4759 1187 4822 tatibus
1202 4760 1235 4820 et
1248 4756 1405 4819 fraternis
1418 4756 1515 4829 odiis,
1530 4772 1603 4834 quaa
1618 4755 1774 4818 diabolus
1789 4775 1878 4836 pro-

1065 4856 1204 4930 curavit,
1228 4855 1306 4934 6616
1328 4855 1420 4917 salus
1442 4855 1493 4915 est
1507 4853 1564 4914 ubi
1579 4853 1683 4916 multa
1708 4856 1872 4930 consilia,

1065 4956 1105 5017 de
1121 4955 1215 5017 vobis
1231 4952 1414 5015 consultius
1435 4952 1603 5028 cogitetis,
1620 4967 1682 5014 nec
1697 4954 1775 5015 sitis
1790 4971 1874 5019 am-

1064 5054 1152 5131 plius
1167 5053 1202 5112 in
1217 5051 1375 5123 derisum,
1397 5049 1545 5113 fabulam
1560 5051 1593 5112 et
1605 5049 1776 5113 canticum
1790 5054 1874 5117 aliis

1063 5230 1154 5292 cetur,
1176 5220 1305 5279 11161616
1324 5216 1542 5293 praecedentem,
1561 5232 1702 5279 annorum
1722 5218 1814 5280 finem
1833 5239 1873 5282 ac

1065 5295 1218 5352 terminum
1231 5299 1261 5349 ut
1274 5298 1435 5349 statuamus
1457 5296 1576 5372 oportet⁴
1589 5291 1631 5374 'Si
1642 5304 1711 5348 vero
1733 5292 1772 5351 nd
1792 5293 1874 5353 benc

1063 5366 1200 5439 temporis
1220 5369 1316 5420 notam
1338 5364 1498 5420 1666666111
1515 5361 1661 5418 Pontificis
1680 5377 1777 5422 annos
1794 5367 1871 5425 velia

1062 5438 1190 5510 exigere,
1211 5451 1247 5493 ex
1264 5433 1346 5490 obvia
1370 5432 1569 5505 supputatione
1589 5432 1707 5505 patebit,
1724 5434 1871 5495 iunocen—

1063 5509 1132 5564 tium
1154 5522 1262 5564 aunum
1290 5503 1433 5562 decimum
1452 5510 1584 5560 octavum
1610 5505 1655 5560 eui
1674 5507 1870 5567 pontificatus

1064 5577 1228 5649 inchoasse,
1251 5592 1307 5650 quo
1331 5583 1459 5647 tempore
1484 5576 1610 5632 loannes
1634 5584 1750 5636 sertum
1784 5580 1864 5638 deci·

1062 5665 1141 5709 mum
1156 5648 1240 5723 regui
1254 5661 1361 5706 annum
1373 5646 1577 5719 compleverat.
