3980 6206
264 294 323 356 827
881 288 1057 349 HONORH
1079 287 1124 347 111
1147 286 1295 346 OPERA.
1849 289 1905 347 828

258 455 334 527 turi,
351 454 456 516 sessos
480 450 711 529 languidorum
734 450 828 511 artus
841 447 1056 511 lectisterniis
1111 446 1226 506 nostro
1240 446 1351 522 posset
1366 443 1503 521 emergi,
1515 444 1704 522 persolvere
1715 445 1903 517 teneantur,

258 554 428 629 variisque
443 550 591 613 ciborum
607 547 711 625 copiis
725 546 830 615 retici,
848 547 1055 608 monuerunt
1110 544 1144 605 et
1156 542 1198 604 ab
1206 542 1359 605 omnibus
1369 542 1611 620 supradictiset
1621 543 1753 605 cemus
1761 544 1906 606 servitiis

259 666 398 728 corpora
415 664 490 709 cnm
505 645 615 708 debita
629 644 846 706 veneratione
860 643 1008 721 sepeliri,
1022 644 1056 705 et
1111 640 1177 703 sint
1188 639 1287 702 liberi
1301 642 1335 703 et
1347 640 1522 701 immunes.
1532 641 1613 700 Cum
1629 640 1741 716 igitur,
1754 657 1830 718 quae
1843 643 1906 703 Deo

259 749 295 811 ut
320 748 354 808 in
377 760 500 823 genere
526 742 735 819 singulorum
754 741 956 813 referamus,
983 755 1056 818 quae
1111 739 1188 801 datu
1203 739 1290 810 sunt,
1318 738 1433 800 sancta
1462 736 1530 800 sint
1548 739 1581 799 et
1601 737 1855 811 inrevocabilis,
1873 740 1908 801 ut

258 860 319 924 per
347 844 478 919 singule
494 856 652 918 generum
667 855 826 901 enarrare
851 855 918 900 non
938 854 1058 915 pessu-
1111 835 1229 896 borum
1245 850 1264 897 a
1292 835 1388 897 nobis
1403 835 1526 897 divinae
1539 835 1673 912 pictatis
1687 836 1813 897 intuitu
1827 836 1908 897 deli·

259 958 345 1011 mus,
361 942 397 1002 ut
411 940 553 1001 Mariam
568 939 601 1000 et
614 938 779 999 Martbern
794 936 1057 998 sacratissimum
1111 932 1284 995 beratione
1316 933 1464 1010 legitima
1491 932 1579 995 iacta
1609 933 1747 995 donatio
1776 933 1906 1004 noem,

260 1038 447 1116 saepedictce
459 1036 574 1098 domus
590 1034 764 1113 hospitalis
778 1034 954 1112 collegium
969 1049 1057 1096 nunc
1111 1030 1907 1109 nostrorumquesuccessorumtemporibussclra

258 1136 363 1198 uariis
375 1136 515 1197 sincerae
530 1133 817 1211 contemplationis
826 1132 941 1193 usibus
953 1132 1059 1194 inten·
1112 1129 1489 1206 semperetinconcussa
1498 1130 1703 1205 permaneat,
1712 1131 1907 1205 praesentem

260 1230 348 1302 dere,
365 1246 453 1292 nunc
468 1230 582 1291 contra
598 1229 658 1290 Dei
674 1226 884 1289 adversarios
897 1229 930 1289 et
944 1226 1056 1288 hostes
1112 1228 1145 1288 et
1158 1225 1259 1288 aliam
1281 1226 1323 1287 ud
1345 1225 1581 1287 abundantiam
1606 1226 1745 1302 majoris
1773 1226 1907 1287 cautela

258 1327 368 1389 crucis
383 1326 516 1397 Christi,
531 1325 690 1387 adversus
713 1325 812 1387 etiam
828 1324 985 1387 Amalech
1005 1324 1059 1384 in·
1113 1322 1623 1402 paginarnsigilliunstrtuureae
1635 1320 1905 1395 videlicetbnlln,

259 1425 413 1487 cessabili
428 1424 582 1502 periectas
597 1423 724 1485 militiae
736 1422 943 1484 conflictude
957 1421 1011 1482 die
1023 1422 1057 1482 in
1112 1422 1282 1483 caractere
1297 1420 1435 1482 fecimus
1456 1420 1608 1482 roborari
1622 1441 1631 1480 ε
1647 1436 1790 1498 quarum
1814 1436 1908 1482 unam

259 1523 346 1585 diem
374 1523 544 1585 dimicare.
574 1523 644 1583 Nos
677 1521 779 1598 igitur
807 1519 1056 1582 deliberationis
1113 1518 1224 1580 domui
1248 1518 1423 1596 hospitalis
1451 1519 1636 1579 interram
1663 1518 1771 1595 Syriae
1803 1518 1907 1579 tradi-

259 1620 378 1683 debitae
404 1619 445 1681 ad
474 1620 608 1697 plenum
637 1618 879 1689 deliberantes,
908 1620 1059 1694 nutuque
1113 1616 1245 1692 dimus3
1276 1615 1438 1694 reliquam
1463 1631 1544 1677 vero
1567 1618 1766 1692 praeseutem
1787 1615 1909 1676 scilieet

259 1718 373 1780 divino
387 1716 643 1793 magnificentia
663 1716 787 1792 regalis
814 1716 1058 1792 eleemosynam
1113 1716 1235 1776 nostrae
1245 1714 1449 1792 posteritatis
1464 1713 1907 1789 ostensuruminiiuugaris:

260 1830 423 1893 nusquam
432 1815 634 1876 unctuosius
645 1829 741 1891 posse
752 1812 910 1875 collocari
923 1827 1059 1888 coguos·
1114 1815 1149 1874 ut
1163 1813 1245 1874 iides
1271 1811 1442 1873 donationi
1466 1812 1589 1873 nostrie
1603 1810 1833 1882 adhiberetur,
1855 1811 1910 1872 do-

260 1914 383 1985 centes,
400 1911 566 1990 praedictae
590 1913 713 1973 sanctas
743 1910 857 1972 domui
884 1909 1058 1987 hospitalis
1113 1912 1181 1971 mul
1199 1909 1380 1987 Hospitalis
1406 1909 1542 1985 dignum
1566 1909 1722 1969 dommus
1741 1910 1913 1970 transmit-

259 2011 366 2072 sancti
377 2010 541 2073 lobannis
556 2009 598 2071 de
608 2009 804 2081 Jerusalem,
822 2012 854 2070 et
864 2008 960 2071 tratri
976 2010 1061 2069 Gua-
1114 2009 1246 2070 tendam
1262 2009 1323 2069 etc.
1339 2006 1537 2084 (utsupra).

258 2108 333 2170 rino
348 2108 389 2169 de
397 2107 508 2169 Monte
517 2108 624 2179 acuto,
635 2109 715 2170 tunc
726 2107 885 2184 temporis
899 2106 1058 2183 magistro
1152 2105 1245 2166 Nulli
1260 2121 1352 2182 ergo,
1367 2106 1431 2166 etc.
1456 2106 1576 2166 Datum
1594 2104 1764 2178 Laterum,
1783 2106 1829 2165 Vl
1844 2104 1907 2165 kal.

259 2206 355 2269 dictae
373 2206 496 2266 sanctae
519 2205 647 2277 domus,
671 2206 704 2267 et
729 2203 887 2265 iratribus
910 2203 1058 2281 ejusdem
1109 2203 1198 2281 Julii,
1217 2203 1428 2279 pontificatus
1442 2202 1549 2264 nostri
1566 2217 1655 2264 anuo
1669 2201 1830 2263 secundo.

259 2303 387 2375 domus,
405 2302 624 2380 praesentibus
637 2305 671 2364 et
691 2301 822 2374 tuturis,
835 2301 875 2363 ad
889 2318 987 2363 omne
1001 2304 1058 2378 jus

258 2400 1056 2478 etproprietatem,etadomnemJurisdictionem,
1415 2352 1606 2440 CCCXIII

259 2500 294 2560 et
328 2499 488 2559 bonorem
515 2501 550 2559 et
586 2498 829 2574 possessionem
865 2498 1058 2575 perpetuam
1113 2491 1165 2550 Ad
1181 2488 1389 2565 magistrum
1402 2487 1437 2548 et
1450 2487 1583 2561 {batres
1600 2489 1722 2549 &nuce
1735 2488 1912 2563 magmis

258 2595 426 2674 praedictae
442 2594 568 2667 domus,
580 2595 740 2657 tributum
755 2597 855 2657 Ponte
865 2595 1056 2672 desupran‚
1349 2584 1670 2659 Hierffloetmilanb

260 2693 347 2771 qued
367 2694 557 2756 nominatur
585 2692 727 2766 Bobech,
744 2693 920 2771 quamdam
933 2694 1058 2756 terram
1416 2697 1523 2770 tljun.
1543 2698 1622 2755 itit.

258 2794 447 2853 nostrorum
485 2790 717 2860 subulcorum,
752 2791 848 2864 idest,
889 2792 1059 2868 pastorum
1238 2802 1632 2869 [museauonllungenut
1645 2800 1791 2866 inum]

257 2903 433 2966 porcorum
449 2895 734 2966 nostrorumque
748 2890 899 2951 estinter
914 2891 1060 2950 pravam
1112 2903 1249 2962 annuum
1262 2880 1376 2959 anum
1397 2914 1559 2959 marcarum
1574 2898 1687 2973 apuu
1699 2899 1858 2970 usuum,
1876 2900 1911 2958 u

258 2986 292 3048 et
317 2986 480 3062 charges,
510 2986 665 3048 videlicet
691 2987 965 3048 conterminatam
981 3002 1060 3064 pos-
1147 2990 1262 3050 Andron
1286 3004 1358 3063 rege
1385 2989 1540 3063 ilungerie
1564 2989 1609 3046 eis
1631 3002 1818 3060 muccosum,
1843 3004 1911 3047 eou-

259 3083 401 3144 sessioni
417 3082 739 3160 domussaepedictae,
754 3084 1056 3160 quaeestclrergou,
1149 3081 1252 3138 innuat.

258 3196 333 3241 cum
348 3180 418 3240 suis
432 3180 527 3240 metis
548 3181 581 3241 et
592 3180 744 3241 terminis
759 3181 794 3241 et
806 3180 1009 3251 nemoribus,
1026 3182 1059 3241 et
1154 3179 1322 3240 Honorius
1337 3176 1841 3255 episcopus,etc.,dileotisilliis
1848 3192 1911 3239 ura·

259 3292 335 3337 cum
361 3275 513 3337 omnibus
535 3275 605 3335 suis
629 3275 839 3351 pertinentiis
858 3276 1059 3338 contulimus
1114 3276 1266 3351 gistroet
1279 3274 1436 3337 iratribus
1453 3274 1571 3336 domus
1593 3274 1770 3352 hospitalis
1793 3276 1911 3337 Hiero-

258 3372 294 3434 in
300 3373 493 3451 perpetuum
502 3371 711 3449 possidenda.
722 3372 1057 3436 concessimusetiam
1114 3367 1333 3451 solymitanae,
1349 3372 1500 3444 salutem,
1515 3373 1579 3434 etc.

258 3470 461 3533 liberalitate
473 3470 578 3546 regia,
595 3470 758 3547 quatenus
773 3470 862 3532 sales
873 3487 962 3544 suos,
980 3470 1058 3532 ubi·
1153 3471 1257 3535 Justis
1273 3471 1464 3549 potentium,
1481 3470 1543 3532 etc.
1557 3471 1752 3546 Eapropter,
1766 3471 1841 3542 etc,
1852 3484 1913 3532 uc-

258 3584 399 3646 cumqne
436 3568 585 3630 locorum
620 3567 718 3644 regui
744 3569 851 3630 nostri
879 3568 1058 3642 voluerint,
1114 3583 1500 3644 uocassensu,annuum
1514 3568 1911 3653 consummas-cerumar-

257 3666 357 3728 etiam
391 3680 496 3743 usque
524 3668 687 3738 Dravam,
717 3667 867 3744 exceptis
892 3666 1057 3739 condniie,
1114 3667 1206 3743 genti
1229 3666 1396 3728 redditum
1424 3664 1519 3726 vobis
1546 3664 1589 3727 ad
1620 3680 1706 3742 opus
1736 3664 1909 3726 castellani

256 3763 362 3825 libere
376 3764 409 3825 et
423 3762 627 3835 absolute,et
640 3764 713 3824 sine
728 3765 818 3825 omni
833 3763 957 3827 tributo
971 3780 1058 3826 veru·
1114 3766 1148 3826 et
1170 3765 1313 3826 aliorum
1340 3762 1479 3826 fratrum
1503 3763 1692 3824 vestrorum
1719 3762 1910 3824 custodien-

258 3860 376 3923 ditioni
402 3856 531 3938 possint
556 3875 723 3937 exponere
744 3862 777 3923 et
792 3861 942 3924 alienare
962 3863 1059 3940 juxta
1114 3862 1197 3923 tium
1213 3862 1359 3924 castrum
1375 3860 1534 3933 vestrum,
1553 3858 1641 3937 quod
1661 3860 1754 3922 Grati
1776 3860 1909 3931 dicitm,

257 3972 372 4019 eorum
400 3958 568 4035 propriam
596 3958 811 4021 voluntatem.
841 3960 1059 4037 Pracipimus
1114 3960 1322 4021 auarissimo
1336 3958 1373 4018 iu
1395 3957 1527 4019 Christo
1550 3956 1620 4018 illio
1643 3958 1760 4019 nostro
1781 3957 1913 4020 mures

257 4056 395 4132 insuper
409 4055 502 4132 regia
517 4055 726 4129 auctoritate,
742 4068 784 4117 ne
796 4056 950 4133 cuiquam
962 4058 1058 4135 judi·
1113 4057 1237 4118 illustri
1251 4071 1330 4132 rege
1349 4055 1531 4131 Hungeriae
1552 4052 1596 4115 de
1612 4054 1832 4131 proventibus
1852 4070 1911 4116 sa-

258 4168 334 4213 eum
362 4152 462 4214 liceat
482 4152 634 4214 homines
658 4153 775 4214 domus
790 4154 956 4230 praedictse
966 4156 1060 4232 judi·
1113 4154 1195 4215 lium
1217 4168 1353 4216 suorum
1372 4153 1411 4214 in
1431 4152 1611 4214 Scoluscbe
1630 4152 1686 4230 pia
1712 4153 1914 4215 liberalitate

257 4264 346 4321 care,
363 4264 424 4310 nec
440 4250 474 4310 in
486 4249 599 4327 aliquo
610 4250 790 4323 offendere,
802 4251 854 4313 uel
868 4253 1056 4326 molestare,
1113 4267 1319 4321 concessum,
1335 4250 1421 4312 sicut
1435 4250 1529 4311 illum
1540 4250 1631 4326 juste
1645 4265 1686 4312 uc
1700 4250 1842 4327 pacifice
1860 4249 1913 4312 cb

257 4346 324 4408 nisi
339 4345 403 4407 soii
414 4346 531 4423 jndici,
544 4362 641 4423 quem
655 4349 749 4423 regia
761 4348 1059 4412 stabiliveritbeni·
1111 4350 1237 4421 tinetis,
1251 4350 1285 4411 et
1307 4349 1343 4409 in
1367 4347 1515 4426 eiusdem
1529 4349 1621 4424 regis
1637 4348 1760 4411 litteris
1780 4348 1910 4425 plenius

257 4443 367 4520 gnitas
390 4459 398 4504 :
422 4443 507 4521 quod
523 4443 552 4503 si
566 4442 651 4505 sorte
666 4444 818 4506 homines
832 4445 929 4508 dictae
941 4447 1058 4508 domus
1112 4447 1309 4518 continetur,
1334 4445 1430 4507 vobis
1445 4447 1478 4507 et
1498 4460 1558 4522 per
1576 4460 1636 4505 ros
1656 4444 1772 4506 domui
1793 4446 1912 4507 vestre

257 4541 426 4604 abeodem
441 4540 554 4618 jndice
570 4540 604 4601 in
627 4540 739 4618 aliquo
760 4545 989 4619 morarentur,
1015 4544 1057 4606 ad
1112 4546 1310 4607 auctoritate
1319 4542 1512 4620 apostoliea
1524 4542 1773 4615 confirmemus,
1790 4544 1912 4621 etpra-

257 4641 464 4718 majestatem
480 4639 581 4715 regiae
597 4639 804 4702 celsitudinis
831 4639 975 4703 babeant
997 4658 1056 4704 re·
1112 4642 1217 4704 sentis
1241 4641 1357 4718 scripti
1376 4640 1565 4718 patrocinio
1584 4639 1843 4702 commuuimus.
1865 4638 1911 4701 ed

257 4752 391 4798 cursum
406 4758 413 4798 ε
426 4738 459 4798 et
470 4736 500 4797 si
511 4736 623 4814 aliqua
634 4738 798 4799 amantia
811 4738 988 4802 lataiuerit
998 4756 1059 4817 per
1112 4742 1273 4816 majorem
1288 4741 1399 4800 autem
1413 4738 1464 4798 rei
1475 4736 1678 4799 euidentiam
1692 4738 1847 4799 mucram
1859 4737 1913 4798 lit-

258 4834 365 4911 ipsnm
390 4834 507 4895 contra
530 4835 803 4917 consuetudinem
823 4838 981 4912 regionis,
998 4837 1059 4899 de-
1112 4841 1258 4898 terarum
1270 4836 1421 4913 ipsarum
1435 4835 1477 4895 de
1490 4834 1594 4897 verbo
1604 4834 1797 4896 adverbum
1808 4834 1915 4913 jusd-

257 4930 1055 5009 cernimus,utnullameitlcaciampossitbabere.
1112 4951 1187 4997 mus
1202 4933 1423 5012 presentibus
1433 4932 1602 4994 amoturi.
1618 4931 1682 5004 Qui
1692 4933 1775 4994 talis
1789 4935 1867 4995 est:

256 5029 417 5091 Volumus
433 5029 533 5090 etiam
547 5029 581 5090 et
596 5029 793 5092 auctoritate
808 5032 915 5107 regali
929 5032 1056 5094 conflr-
1153 5034 1190 5094 ln
1205 5032 1340 5093 nomine
1352 5031 1484 5093 Sancte
1492 5030 1666 5091 Trinitatis
1679 5030 1715 5091 et
1728 5030 1915 5092 individua

256 5142 397 5197 mamus,
413 5127 449 5186 ut
464 5126 651 5203 saepedicta
671 5126 789 5188 domus
811 5128 988 5206 hospitalis
1002 5130 1059 5191 lio·
1112 5131 1260 5193 unitatis.
1293 5129 1444 5191 Andreas
1479 5128 1538 5189 Dei
1564 5128 1683 5204 gratie
1711 5128 1916 5204 ilungmtae.

257 5224 376 5296 mines,
401 5223 437 5284 in
461 5223 722 5301 quibuscumque
741 5226 891 5301 partibus
915 5230 950 5289 et
974 5242 1057 5290 con·
1111 5224 1914 5300 Dalmatia,cr0utiae,ltamae,servie,ua1uioe‚

257 5321 346 5383 iiniis
365 5321 547 5396 liuugariae
571 5322 825 5394 commorantes,
848 5339 911 5385 nec
934 5323 1057 5387 liberos
1112 5326 1381 5403 bodomirceeque
1393 5340 1456 5386 rex
1469 5324 1505 5384 in
1522 5322 1917 5401 perpetuum.utrumito

258 5420 414 5482 denarios
436 5418 489 5480 vel
511 5418 668 5495 pondera,
688 5435 749 5481 nec
775 5419 981 5495 descensum,
995 5439 1057 5484 nec
1112 5441 1178 5487 nou
1193 5422 1359 5486 exorbitat
1377 5421 1556 5499 equuus,
1572 5435 1635 5481 neo
1649 5419 1916 5489 obriatrationi‚

257 5517 357 5578 aliam
373 5508 584 5592 publicorum
601 5517 814 5593 vectigalium
833 5521 1055 5593 exactionem,
1112 5525 1149 5584 ut
1167 5522 1237 5584 illis
1259 5521 1315 5599 qui
1340 5520 1505 5597 largitatis
1525 5533 1597 5580 suae
1616 5531 1738 5579 manus
1760 5518 1919 5596 copiosus

257 5627 331 5685 quae
356 5613 470 5687 atiquo
497 5628 577 5673 casu
606 5614 866 5678 veloccasione
891 5617 926 5678 in
953 5634 1057 5693 regno
1112 5620 1242 5682 studeat
1260 5618 1453 5689 extendere,
1478 5615 1536 5693 uui
1554 5616 1590 5677 in
1615 5614 1733 5677 labore
1755 5627 1917 5677 manuum
