<?xml version="1.0" encoding="UTF-8"?>
<!DOCTYPE html PUBLIC "-//W3C//DTD XHTML 1.0 Transitional//EN"
    "http://www.w3.org/TR/xhtml1/DTD/xhtml1-transitional.dtd">
<html xmlns="http://www.w3.org/1999/xhtml" xml:lang="en" lang="en">
 <head>
  <title>
</title>
<meta http-equiv="Content-Type" content="text/html;charset=utf-8" />
  <meta name='ocr-system' content='tesseract 3.04.00' />
  <meta name='ocr-capabilities' content='ocr_page ocr_carea ocr_par ocr_line ocrx_word'/>
</head>
<body>
  <div class='ocr_page' id='page_1' title='image "./mediiaevibiblio00bottgoog_0660.png"; bbox 0 0 3980 6206; ppageno 0'>
   <div class='ocr_carea' id='block_1_1' title="bbox 133 383 1781 449">
    <p class='ocr_par' dir='ltr' id='par_1_1' title="bbox 133 383 1781 449">
     <span class='ocr_line' id='line_1_1' title="bbox 133 383 1781 449; baseline 0 -2"><span class='ocrx_word' id='word_1_1' title='bbox 133 386 194 447; x_wconf 78' lang='lat'>809</span> <span class='ocrx_word' id='word_1_2' title='bbox 757 383 986 448; x_wconf 79' lang='lat' dir='ltr'><strong>EPISTOLAE.</strong></span> <span class='ocrx_word' id='word_1_3' title='bbox 1010 385 1088 445; x_wconf 85' lang='lat' dir='ltr'><strong>LIB.</strong></span> <span class='ocrx_word' id='word_1_4' title='bbox 1113 384 1153 446; x_wconf 90' lang='lat'>11.</span> <span class='ocrx_word' id='word_1_5' title='bbox 1721 388 1781 449; x_wconf 79' lang='lat'>810</span> 
     </span>
    </p>
   </div>
   <div class='ocr_carea' id='block_1_2' title="bbox 112 543 1798 2582">
    <p class='ocr_par' dir='ltr' id='par_1_2' title="bbox 112 543 1798 2137">
     <span class='ocr_line' id='line_1_2' title="bbox 134 543 1780 622; baseline 0.001 -15"><span class='ocrx_word' id='word_1_6' title='bbox 134 544 275 622; x_wconf 84' lang='lat' dir='ltr'>paciflua</span> <span class='ocrx_word' id='word_1_7' title='bbox 296 543 484 622; x_wconf 87' lang='lat' dir='ltr'>possidetls,</span> <span class='ocrx_word' id='word_1_8' title='bbox 498 543 603 616; x_wconf 89' lang='lat' dir='ltr'>vobis,</span> <span class='ocrx_word' id='word_1_9' title='bbox 620 546 654 606; x_wconf 87' lang='lat' dir='ltr'>et</span> <span class='ocrx_word' id='word_1_10' title='bbox 674 559 734 621; x_wconf 89' lang='lat' dir='ltr'>per</span> <span class='ocrx_word' id='word_1_11' title='bbox 751 560 811 607; x_wconf 85' lang='lat' dir='ltr'>vos</span> <span class='ocrx_word' id='word_1_12' title='bbox 823 544 931 606; x_wconf 85' lang='lat' dir='ltr'>eidem</span> <span class='ocrx_word' id='word_1_13' title='bbox 984 543 1115 606; x_wconf 82' lang='lat' dir='ltr'>fidelem</span> <span class='ocrx_word' id='word_1_14' title='bbox 1126 544 1289 616; x_wconf 87' lang='lat' dir='ltr'>nuntium,</span> <span class='ocrx_word' id='word_1_15' title='bbox 1302 544 1330 605; x_wconf 88' lang='lat' dir='ltr'>si</span> <span class='ocrx_word' id='word_1_16' title='bbox 1343 543 1780 618; x_wconf 75' lang='lat' dir='ltr'>torteinllrmilatavelalia</span> 
     </span>
     <span class='ocr_line' id='line_1_3' title="bbox 133 641 1781 719; baseline 0.001 -15"><span class='ocrx_word' id='word_1_17' title='bbox 133 643 337 704; x_wconf 91' lang='lat' dir='ltr'>monasterio</span> <span class='ocrx_word' id='word_1_18' title='bbox 369 643 480 704; x_wconf 83' lang='lat' dir='ltr'>vestro</span> <span class='ocrx_word' id='word_1_19' title='bbox 516 643 715 705; x_wconf 88' lang='lat' dir='ltr'>auctoritate</span> <span class='ocrx_word' id='word_1_20' title='bbox 740 641 931 719; x_wconf 76' lang='lat' dir='ltr'>Apostolioa</span> <span class='ocrx_word' id='word_1_21' title='bbox 980 644 1072 718; x_wconf 72' lang='lat' dir='ltr'>lustu</span> <span class='ocrx_word' id='word_1_22' title='bbox 1094 656 1197 704; x_wconf 88' lang='lat' dir='ltr'>causa</span> <span class='ocrx_word' id='word_1_23' title='bbox 1221 642 1443 719; x_wconf 70' lang='lat' dir='ltr'>personaliter</span> <span class='ocrx_word' id='word_1_24' title='bbox 1465 643 1508 704; x_wconf 90' lang='lat' dir='ltr'>ad</span> <span class='ocrx_word' id='word_1_25' title='bbox 1535 659 1597 705; x_wconf 93' lang='lat' dir='ltr'>nos</span> <span class='ocrx_word' id='word_1_26' title='bbox 1622 644 1781 707; x_wconf 89' lang='lat' dir='ltr'>accedere</span> 
     </span>
     <span class='ocr_line' id='line_1_4' title="bbox 132 739 1780 820; baseline -0.001 -16"><span class='ocrx_word' id='word_1_27' title='bbox 132 743 381 815; x_wconf 82' lang='lat' dir='ltr'>confirmamus,</span> <span class='ocrx_word' id='word_1_28' title='bbox 397 744 430 804; x_wconf 92' lang='lat' dir='ltr'>et</span> <span class='ocrx_word' id='word_1_29' title='bbox 449 743 624 820; x_wconf 82' lang='lat' dir='ltr'>praesentis</span> <span class='ocrx_word' id='word_1_30' title='bbox 650 741 766 819; x_wconf 86' lang='lat' dir='ltr'>scripti</span> <span class='ocrx_word' id='word_1_31' title='bbox 785 741 932 819; x_wconf 89' lang='lat' dir='ltr'>patroci—</span> <span class='ocrx_word' id='word_1_32' title='bbox 984 754 1051 800; x_wconf 89' lang='grc'>111</span> <span class='ocrx_word' id='word_1_33' title='bbox 1074 739 1211 812; x_wconf 84' lang='lat' dir='ltr'>valeret,</span> <span class='ocrx_word' id='word_1_34' title='bbox 1237 742 1351 802; x_wconf 88' lang='lat' dir='ltr'>nostro</span> <span class='ocrx_word' id='word_1_35' title='bbox 1372 756 1408 802; x_wconf 89' lang='lat' dir='ltr'>se</span> <span class='ocrx_word' id='word_1_36' title='bbox 1430 742 1565 803; x_wconf 82' lang='lat' dir='ltr'><strong>curaret</strong></span> <span class='ocrx_word' id='word_1_37' title='bbox 1590 744 1780 820; x_wconf 86' lang='lat' dir='ltr'>conspectui</span> 
     </span>
     <span class='ocr_line' id='line_1_5' title="bbox 133 837 1781 915; baseline -0.001 -13"><span class='ocrx_word' id='word_1_38' title='bbox 133 842 189 903; x_wconf 87' lang='lat' dir='ltr'>nio</span> <span class='ocrx_word' id='word_1_39' title='bbox 218 840 471 913; x_wconf 84' lang='lat' dir='ltr'><strong>communimus,</strong></span> <span class='ocrx_word' id='word_1_40' title='bbox 500 839 690 902; x_wconf 71' lang='lat' dir='ltr'><strong>habitantes</strong></span> <span class='ocrx_word' id='word_1_41' title='bbox 711 839 930 900; x_wconf 88' lang='lat' dir='ltr'>nibilominus</span> <span class='ocrx_word' id='word_1_42' title='bbox 985 840 1199 914; x_wconf 78' lang='lat' dir='ltr'>presentare,</span> <span class='ocrx_word' id='word_1_43' title='bbox 1220 837 1418 914; x_wconf 82' lang='lat' dir='ltr'>Apostolicae</span> <span class='ocrx_word' id='word_1_44' title='bbox 1440 837 1655 915; x_wconf 71' lang='lat' dir='ltr'>benignitatis</span> <span class='ocrx_word' id='word_1_45' title='bbox 1677 840 1781 903; x_wconf 93' lang='lat' dir='ltr'>mise-</span> 
     </span>
     <span class='ocr_line' id='line_1_6' title="bbox 131 934 1783 1012; baseline -0.001 -12"><span class='ocrx_word' id='word_1_46' title='bbox 131 942 165 1001; x_wconf 89' lang='lat' dir='ltr'>et</span> <span class='ocrx_word' id='word_1_47' title='bbox 199 938 407 1000; x_wconf 88' lang='lat' dir='ltr'>habitaturos</span> <span class='ocrx_word' id='word_1_48' title='bbox 433 938 469 998; x_wconf 91' lang='lat' dir='ltr'>in</span> <span class='ocrx_word' id='word_1_49' title='bbox 496 937 545 999; x_wconf 89' lang='lat' dir='ltr'>eis</span> <span class='ocrx_word' id='word_1_50' title='bbox 572 938 633 999; x_wconf 91' lang='lat' dir='ltr'>sub</span> <span class='ocrx_word' id='word_1_51' title='bbox 667 937 755 999; x_wconf 88' lang='lat' dir='ltr'>beati</span> <span class='ocrx_word' id='word_1_52' title='bbox 778 938 869 999; x_wconf 87' lang='lat' dir='ltr'>Petri</span> <span class='ocrx_word' id='word_1_53' title='bbox 899 939 932 999; x_wconf 91' lang='lat' dir='ltr'>et</span> <span class='ocrx_word' id='word_1_54' title='bbox 984 934 1163 996; x_wconf 75' lang='lat' dir='ltr'>nicomiam</span> <span class='ocrx_word' id='word_1_55' title='bbox 1178 935 1353 1012; x_wconf 87' lang='lat' dir='ltr'>petiturus,</span> <span class='ocrx_word' id='word_1_56' title='bbox 1370 936 1427 1012; x_wconf 84' lang='lat' dir='ltr'>qui</span> <span class='ocrx_word' id='word_1_57' title='bbox 1448 936 1621 999; x_wconf 90' lang='lat' dir='ltr'>humiliter</span> <span class='ocrx_word' id='word_1_58' title='bbox 1641 937 1783 999; x_wconf 90' lang='lat' dir='ltr'>manda-</span> 
     </span>
     <span class='ocr_line' id='line_1_7' title="bbox 131 1031 1782 1112; baseline 0 -14"><span class='ocrx_word' id='word_1_59' title='bbox 131 1038 249 1098; x_wconf 90' lang='lat' dir='ltr'>nostra</span> <span class='ocrx_word' id='word_1_60' title='bbox 264 1035 471 1112; x_wconf 88' lang='lat' dir='ltr'>protectione</span> <span class='ocrx_word' id='word_1_61' title='bbox 494 1035 686 1112; x_wconf 82' lang='lat' dir='ltr'>specialiter</span> <span class='ocrx_word' id='word_1_62' title='bbox 707 1035 940 1097; x_wconf 72' lang='lat' dir='ltr'>admittentes.=</span> <span class='ocrx_word' id='word_1_63' title='bbox 983 1031 1027 1094; x_wconf 89' lang='lat' dir='ltr'>tis</span> <span class='ocrx_word' id='word_1_64' title='bbox 1057 1032 1124 1094; x_wconf 92' lang='lat' dir='ltr'>tuis</span> <span class='ocrx_word' id='word_1_65' title='bbox 1158 1032 1405 1109; x_wconf 87' lang='lat' dir='ltr'>obtemperans,</span> <span class='ocrx_word' id='word_1_66' title='bbox 1434 1032 1581 1096; x_wconf 90' lang='lat' dir='ltr'>laborem</span> <span class='ocrx_word' id='word_1_67' title='bbox 1616 1034 1717 1097; x_wconf 89' lang='lat' dir='ltr'>subiit</span> <span class='ocrx_word' id='word_1_68' title='bbox 1741 1037 1782 1097; x_wconf 92' lang='lat' dir='ltr'>ad</span> 
     </span>
     <span class='ocr_line' id='line_1_8' title="bbox 131 1129 1798 1215; baseline 0 -19"><span class='ocrx_word' id='word_1_69' title='bbox 131 1134 180 1196; x_wconf 81' lang='lat' dir='ltr'>Ad</span> <span class='ocrx_word' id='word_1_70' title='bbox 205 1133 366 1195; x_wconf 88' lang='lat' dir='ltr'>iudicium</span> <span class='ocrx_word' id='word_1_71' title='bbox 396 1135 508 1195; x_wconf 91' lang='lat' dir='ltr'>antem</span> <span class='ocrx_word' id='word_1_72' title='bbox 535 1132 636 1211; x_wconf 88' lang='lat' dir='ltr'>bujus</span> <span class='ocrx_word' id='word_1_73' title='bbox 668 1133 930 1196; x_wconf 85' lang='lat' dir='ltr'>confirmationis</span> <span class='ocrx_word' id='word_1_74' title='bbox 986 1129 1103 1191; x_wconf 80' lang='lat' dir='ltr'>sedem</span> <span class='ocrx_word' id='word_1_75' title='bbox 1117 1131 1594 1215; x_wconf 80' lang='lat' dir='ltr'>Apostolicamveniendi3sed</span> <span class='ocrx_word' id='word_1_76' title='bbox 1611 1134 1798 1211; x_wconf 82' lang='lat' dir='ltr'>tamprop·.</span> 
     </span>
     <span class='ocr_line' id='line_1_9' title="bbox 131 1228 1783 1308; baseline -0.002 -14"><span class='ocrx_word' id='word_1_77' title='bbox 131 1235 165 1294; x_wconf 92' lang='lat' dir='ltr'>et</span> <span class='ocrx_word' id='word_1_78' title='bbox 187 1231 405 1308; x_wconf 86' lang='lat' dir='ltr'>protectionis</span> <span class='ocrx_word' id='word_1_79' title='bbox 425 1230 559 1292; x_wconf 90' lang='lat' dir='ltr'>anobis</span> <span class='ocrx_word' id='word_1_80' title='bbox 588 1232 764 1308; x_wconf 81' lang='lat' dir='ltr'>perceptae,</span> <span class='ocrx_word' id='word_1_81' title='bbox 790 1231 929 1308; x_wconf 76' lang='lat' dir='ltr'>singulae</span> <span class='ocrx_word' id='word_1_82' title='bbox 983 1229 1035 1288; x_wconf 93' lang='lat' dir='ltr'>ter</span> <span class='ocrx_word' id='word_1_83' title='bbox 1048 1228 1179 1289; x_wconf 87' lang='lat' dir='ltr'>viarum</span> <span class='ocrx_word' id='word_1_84' title='bbox 1203 1229 1364 1306; x_wconf 90' lang='lat' dir='ltr'>pericula,</span> <span class='ocrx_word' id='word_1_85' title='bbox 1379 1244 1478 1307; x_wconf 90' lang='lat' dir='ltr'>quam</span> <span class='ocrx_word' id='word_1_86' title='bbox 1494 1232 1629 1306; x_wconf 90' lang='lat' dir='ltr'>propter</span> <span class='ocrx_word' id='word_1_87' title='bbox 1648 1231 1783 1292; x_wconf 90' lang='lat' dir='ltr'>invale-</span> 
     </span>
     <span class='ocr_line' id='line_1_10' title="bbox 131 1325 1782 1405; baseline -0.001 -15"><span class='ocrx_word' id='word_1_88' title='bbox 131 1328 358 1391; x_wconf 86' lang='lat' dir='ltr'>babitationes</span> <span class='ocrx_word' id='word_1_89' title='bbox 390 1328 539 1390; x_wconf 91' lang='lat' dir='ltr'>locorum</span> <span class='ocrx_word' id='word_1_90' title='bbox 572 1329 720 1405; x_wconf 88' lang='lat' dir='ltr'>ipsorum</span> <span class='ocrx_word' id='word_1_91' title='bbox 755 1329 930 1389; x_wconf 88' lang='lat' dir='ltr'>denarium</span> <span class='ocrx_word' id='word_1_92' title='bbox 983 1325 1130 1386; x_wconf 91' lang='lat' dir='ltr'>tudinem</span> <span class='ocrx_word' id='word_1_93' title='bbox 1142 1326 1292 1403; x_wconf 91' lang='lat' dir='ltr'>corporis</span> <span class='ocrx_word' id='word_1_94' title='bbox 1302 1326 1515 1404; x_wconf 70' lang='lat' dir='ltr'>praepeditus,</span> <span class='ocrx_word' id='word_1_95' title='bbox 1526 1328 1705 1404; x_wconf 91' lang='lat' dir='ltr'>procedere</span> <span class='ocrx_word' id='word_1_96' title='bbox 1716 1344 1782 1390; x_wconf 91' lang='lat' dir='ltr'>non</span> 
     </span>
     <span class='ocr_line' id='line_1_11' title="bbox 131 1423 1784 1502; baseline -0.001 -13"><span class='ocrx_word' id='word_1_97' title='bbox 131 1443 236 1489; x_wconf 89' lang='lat' dir='ltr'>unum</span> <span class='ocrx_word' id='word_1_98' title='bbox 255 1442 375 1487; x_wconf 87' lang='lat' dir='ltr'>census</span> <span class='ocrx_word' id='word_1_99' title='bbox 391 1426 536 1497; x_wconf 91' lang='lat' dir='ltr'>nomine,</span> <span class='ocrx_word' id='word_1_100' title='bbox 554 1429 652 1502; x_wconf 90' lang='lat' dir='ltr'>prout</span> <span class='ocrx_word' id='word_1_101' title='bbox 665 1442 725 1488; x_wconf 85' lang='lat' dir='ltr'>vos</span> <span class='ocrx_word' id='word_1_102' title='bbox 744 1426 932 1488; x_wconf 75' lang='lat' dir='ltr'>liberaliter</span> <span class='ocrx_word' id='word_1_103' title='bbox 985 1423 1091 1498; x_wconf 88' lang='lat' dir='ltr'>potuit</span> <span class='ocrx_word' id='word_1_104' title='bbox 1119 1424 1206 1485; x_wconf 92' lang='lat' dir='ltr'>ultra</span> <span class='ocrx_word' id='word_1_105' title='bbox 1235 1425 1354 1499; x_wconf 81' lang='lat' dir='ltr'>Pisas3</span> <span class='ocrx_word' id='word_1_106' title='bbox 1386 1427 1520 1502; x_wconf 87' lang='lat' dir='ltr'>propter</span> <span class='ocrx_word' id='word_1_107' title='bbox 1549 1425 1635 1502; x_wconf 83' lang='lat' dir='ltr'>quod</span> <span class='ocrx_word' id='word_1_108' title='bbox 1663 1426 1784 1487; x_wconf 84' lang='lat' dir='ltr'>exinde</span> 
     </span>
     <span class='ocr_line' id='line_1_12' title="bbox 131 1520 1782 1602; baseline -0.001 -16"><span class='ocrx_word' id='word_1_109' title='bbox 131 1524 312 1591; x_wconf 86' lang='lat' dir='ltr'>obtulistis,</span> <span class='ocrx_word' id='word_1_110' title='bbox 324 1524 497 1585; x_wconf 88' lang='lat' dir='ltr'>annuatim</span> <span class='ocrx_word' id='word_1_111' title='bbox 512 1524 670 1586; x_wconf 76' lang='lat' dir='ltr'>Ecclesiae</span> <span class='ocrx_word' id='word_1_112' title='bbox 685 1527 844 1586; x_wconf 79' lang='lat' dir='ltr'>Romanae</span> <span class='ocrx_word' id='word_1_113' title='bbox 859 1538 932 1601; x_wconf 90' lang='lat' dir='ltr'>per·</span> <span class='ocrx_word' id='word_1_114' title='bbox 985 1520 1122 1582; x_wconf 88' lang='lat' dir='ltr'>dilectos</span> <span class='ocrx_word' id='word_1_115' title='bbox 1137 1520 1224 1583; x_wconf 88' lang='lat' dir='ltr'>illios</span> <span class='ocrx_word' id='word_1_116' title='bbox 1239 1524 1276 1583; x_wconf 91' lang='grc' dir='ltr'>Ρ.</span> <span class='ocrx_word' id='word_1_117' title='bbox 1291 1522 1333 1584; x_wconf 83' lang='lat' dir='ltr'>de</span> <span class='ocrx_word' id='word_1_118' title='bbox 1353 1523 1564 1585; x_wconf 85' lang='lat' dir='ltr'>Moutalauro</span> <span class='ocrx_word' id='word_1_119' title='bbox 1577 1527 1705 1602; x_wconf 83' lang='lat' dir='ltr'>Aquen.</span> <span class='ocrx_word' id='word_1_120' title='bbox 1722 1540 1782 1585; x_wconf 90' lang='lat' dir='ltr'>ar-</span> 
     </span>
     <span class='ocr_line' id='line_1_13' title="bbox 129 1617 1784 1698; baseline -0.002 -14"><span class='ocrx_word' id='word_1_121' title='bbox 129 1622 275 1684; x_wconf 88' lang='lat' dir='ltr'>solvent.</span> <span class='ocrx_word' id='word_1_122' title='bbox 292 1621 385 1682; x_wconf 90' lang='lat' dir='ltr'>Nulli</span> <span class='ocrx_word' id='word_1_123' title='bbox 406 1636 497 1698; x_wconf 82' lang='lat' dir='ltr'>ergo,</span> <span class='ocrx_word' id='word_1_124' title='bbox 515 1624 590 1694; x_wconf 67' lang='lat' dir='ltr'>etc„</span> <span class='ocrx_word' id='word_1_125' title='bbox 616 1623 739 1683; x_wconf 87' lang='lat' dir='ltr'>nostrae</span> <span class='ocrx_word' id='word_1_126' title='bbox 753 1621 932 1683; x_wconf 71' lang='lat' dir='ltr'>conflrma-</span> <span class='ocrx_word' id='word_1_127' title='bbox 984 1617 1217 1680; x_wconf 88' lang='lat' dir='ltr'>cbidlaconum</span> <span class='ocrx_word' id='word_1_128' title='bbox 1228 1621 1260 1680; x_wconf 87' lang='lat' dir='ltr'>ei</span> <span class='ocrx_word' id='word_1_129' title='bbox 1275 1622 1313 1681; x_wconf 80' lang='lat' dir='ltr'>G.</span> <span class='ocrx_word' id='word_1_130' title='bbox 1329 1619 1568 1681; x_wconf 90' lang='lat' dir='ltr'>cancellarium</span> <span class='ocrx_word' id='word_1_131' title='bbox 1589 1622 1784 1685; x_wconf 88' lang='lat' dir='ltr'>monasterii</span> 
     </span>
     <span class='ocr_line' id='line_1_14' title="bbox 130 1715 1780 1798; baseline -0.001 -17"><span class='ocrx_word' id='word_1_132' title='bbox 130 1719 246 1791; x_wconf 88' lang='lat' dir='ltr'>tionis,</span> <span class='ocrx_word' id='word_1_133' title='bbox 260 1721 322 1781; x_wconf 87' lang='lat' dir='ltr'>etc.</span> <span class='ocrx_word' id='word_1_134' title='bbox 339 1720 374 1780; x_wconf 88' lang='lat' dir='ltr'>Si</span> <span class='ocrx_word' id='word_1_135' title='bbox 389 1718 595 1797; x_wconf 78' lang='lat' dir='ltr'>pulsantem,</span> <span class='ocrx_word' id='word_1_136' title='bbox 607 1720 670 1781; x_wconf 90' lang='lat' dir='ltr'>etc.</span> <span class='ocrx_word' id='word_1_137' title='bbox 683 1719 801 1781; x_wconf 87' lang='lat' dir='ltr'>Datum</span> <span class='ocrx_word' id='word_1_138' title='bbox 817 1722 931 1782; x_wconf 86' lang='lat' dir='ltr'>Romae</span> <span class='ocrx_word' id='word_1_139' title='bbox 984 1715 1092 1777; x_wconf 89' lang='lat' dir='ltr'>sancti</span> <span class='ocrx_word' id='word_1_140' title='bbox 1114 1715 1258 1779; x_wconf 85' lang='lat' dir='ltr'>Victoris</span> <span class='ocrx_word' id='word_1_141' title='bbox 1272 1717 1306 1779; x_wconf 93' lang='lat' dir='ltr'>et</span> <span class='ocrx_word' id='word_1_142' title='bbox 1319 1719 1372 1779; x_wconf 90' lang='lat' dir='ltr'>W.</span> <span class='ocrx_word' id='word_1_143' title='bbox 1386 1719 1583 1798; x_wconf 85' lang='lat' dir='ltr'>canonicum</span> <span class='ocrx_word' id='word_1_144' title='bbox 1596 1719 1780 1780; x_wconf 88' lang='lat' dir='ltr'>Massilien.</span> 
     </span>
     <span class='ocr_line' id='line_1_15' title="bbox 112 1815 1783 1895; baseline -0.001 -17"><span class='ocrx_word' id='word_1_145' title='bbox 112 1816 221 1894; x_wconf 85' lang='lat' dir='ltr'>&#39;apud</span> <span class='ocrx_word' id='word_1_146' title='bbox 243 1819 277 1879; x_wconf 84' lang='lat' dir='ltr'>S.</span> <span class='ocrx_word' id='word_1_147' title='bbox 294 1819 444 1890; x_wconf 86' lang='lat' dir='ltr'>Petrum,</span> <span class='ocrx_word' id='word_1_148' title='bbox 461 1819 537 1879; x_wconf 82' lang='lat' dir='ltr'>XIV</span> <span class='ocrx_word' id='word_1_149' title='bbox 552 1817 714 1879; x_wconf 87' lang='lat' dir='ltr'>kalendas</span> <span class='ocrx_word' id='word_1_150' title='bbox 728 1816 819 1895; x_wconf 74' lang='lat' dir='ltr'>iulii,</span> <span class='ocrx_word' id='word_1_151' title='bbox 841 1832 931 1879; x_wconf 91' lang='lat' dir='ltr'>anno</span> <span class='ocrx_word' id='word_1_152' title='bbox 981 1816 1218 1890; x_wconf 75' lang='lat' dir='ltr'>procuratores</span> <span class='ocrx_word' id='word_1_153' title='bbox 1235 1831 1314 1876; x_wconf 87' lang='lat' dir='ltr'>suos</span> <span class='ocrx_word' id='word_1_154' title='bbox 1333 1815 1375 1876; x_wconf 92' lang='lat' dir='ltr'>ad</span> <span class='ocrx_word' id='word_1_155' title='bbox 1401 1817 1550 1878; x_wconf 89' lang='lat' dir='ltr'>nostram</span> <span class='ocrx_word' id='word_1_156' title='bbox 1570 1817 1783 1894; x_wconf 88' lang='lat' dir='ltr'>praesentiam</span> 
     </span>
     <span class='ocr_line' id='line_1_16' title="bbox 129 1912 1783 1994; baseline -0.001 -17"><span class='ocrx_word' id='word_1_157' title='bbox 129 1914 290 1978; x_wconf 87' lang='lat' dir='ltr'>secundo.</span> <span class='ocrx_word' id='word_1_158' title='bbox 984 1912 1175 1985; x_wconf 81' lang='lat' dir='ltr'>destinavit,</span> <span class='ocrx_word' id='word_1_159' title='bbox 1183 1929 1244 1991; x_wconf 91' lang='lat' dir='ltr'>per</span> <span class='ocrx_word' id='word_1_160' title='bbox 1254 1929 1337 1991; x_wconf 89' lang='lat' dir='ltr'>quos</span> <span class='ocrx_word' id='word_1_161' title='bbox 1345 1914 1408 1975; x_wconf 84' lang='lat' dir='ltr'>luit</span> <span class='ocrx_word' id='word_1_162' title='bbox 1417 1914 1512 1976; x_wconf 89' lang='lat' dir='ltr'>uobis</span> <span class='ocrx_word' id='word_1_163' title='bbox 1521 1915 1692 1978; x_wconf 84' lang='lat' dir='ltr'>humiliter</span> <span class='ocrx_word' id='word_1_164' title='bbox 1702 1932 1783 1994; x_wconf 91' lang='lat' dir='ltr'>sup-</span> 
     </span>
     <span class='ocr_line' id='line_1_17' title="bbox 488 2009 1780 2137; baseline 0.008 -70"><span class='ocrx_word' id='word_1_165' title='bbox 488 2049 577 2137; x_wconf 57' lang='grc'>000</span> <span class='ocrx_word' id='word_1_166' title='bbox 984 2009 1780 2086; x_wconf 80' lang='lat' dir='ltr'>plicatum,utetabsolutionisbeneficiumdicto</span> 
     </span>
    </p>

    <p class='ocr_par' dir='ltr' id='par_1_3' title="bbox 985 2107 1782 2188">
     <span class='ocr_line' id='line_1_18' title="bbox 985 2107 1782 2188; baseline 0.003 -17"><span class='ocrx_word' id='word_1_167' title='bbox 985 2111 1024 2171; x_wconf 86' lang='lat' dir='ltr'>R.</span> <span class='ocrx_word' id='word_1_168' title='bbox 1039 2107 1225 2170; x_wconf 90' lang='lat' dir='ltr'>laceremus</span> <span class='ocrx_word' id='word_1_169' title='bbox 1240 2110 1398 2186; x_wconf 89' lang='lat' dir='ltr'>impendi,</span> <span class='ocrx_word' id='word_1_170' title='bbox 1411 2112 1444 2172; x_wconf 90' lang='lat' dir='ltr'>et</span> <span class='ocrx_word' id='word_1_171' title='bbox 1453 2111 1646 2188; x_wconf 84' lang='lat' dir='ltr'>patrimonii</span> <span class='ocrx_word' id='word_1_172' title='bbox 1657 2112 1710 2173; x_wconf 93' lang='lat' dir='ltr'>sui</span> <span class='ocrx_word' id='word_1_173' title='bbox 1721 2129 1782 2173; x_wconf 93' lang='lat' dir='ltr'>cu-</span> 
     </span>
    </p>

    <p class='ocr_par' dir='ltr' id='par_1_4' title="bbox 167 2182 1782 2382">
     <span class='ocr_line' id='line_1_19' title="bbox 167 2182 1781 2295; baseline 0.003 -29"><span class='ocrx_word' id='word_1_174' title='bbox 167 2183 390 2245; x_wconf 58' lang='lat' dir='ltr'>Adabb‘llssm</span> <span class='ocrx_word' id='word_1_175' title='bbox 407 2182 441 2245; x_wconf 64' lang='lat'>3²</span> <span class='ocrx_word' id='word_1_176' title='bbox 457 2183 663 2295; x_wconf 57' lang='lat' dir='ltr'>⁰⁰⁷{v072lum</span> <span class='ocrx_word' id='word_1_177' title='bbox 685 2185 720 2244; x_wconf 71' lang='lat' dir='ltr'>S·</span> <span class='ocrx_word' id='word_1_178' title='bbox 745 2182 892 2245; x_wconf 47' lang='grc' dir='ltr'><em>νωθής</em></span> <span class='ocrx_word' id='word_1_179' title='bbox 983 2205 1187 2268; x_wconf 91' lang='lat' dir='ltr'>rambabere</span> <span class='ocrx_word' id='word_1_180' title='bbox 1195 2207 1462 2283; x_wconf 87' lang='lat' dir='ltr'>permitteremus</span> <span class='ocrx_word' id='word_1_181' title='bbox 1473 2207 1623 2270; x_wconf 87' lang='lat' dir='ltr'>eumdem</span> <span class='ocrx_word' id='word_1_182' title='bbox 1633 2211 1702 2271; x_wconf 90' lang='lat' dir='ltr'>tam</span> <span class='ocrx_word' id='word_1_183' title='bbox 1714 2211 1781 2271; x_wconf 90' lang='lat' dir='ltr'>tuis</span> 
     </span>
     <span class='ocr_line' id='line_1_20' title="bbox 410 2282 1782 2382; baseline 0.002 -17"><span class='ocrx_word' id='word_1_184' title='bbox 410 2282 650 2342; x_wconf 56' lang='lat' dir='ltr'>mmmm·</span> <span class='ocrx_word' id='word_1_185' title='bbox 984 2303 1089 2365; x_wconf 88' lang='lat' dir='ltr'>irater</span> <span class='ocrx_word' id='word_1_186' title='bbox 1108 2304 1236 2366; x_wconf 86' lang='lat' dir='ltr'>Utican.</span> <span class='ocrx_word' id='word_1_187' title='bbox 1259 2307 1293 2366; x_wconf 88' lang='lat' dir='ltr'>et</span> <span class='ocrx_word' id='word_1_188' title='bbox 1320 2306 1565 2382; x_wconf 89' lang='lat' dir='ltr'>Metropolitan.</span> <span class='ocrx_word' id='word_1_189' title='bbox 1588 2322 1628 2368; x_wconf 88' lang='lat' dir='ltr'>ac</span> <span class='ocrx_word' id='word_1_190' title='bbox 1651 2306 1782 2370; x_wconf 90' lang='lat' dir='ltr'>abbatis</span> 
     </span>
    </p>

    <p class='ocr_par' dir='ltr' id='par_1_5' title="bbox 424 2401 1781 2482">
     <span class='ocr_line' id='line_1_21' title="bbox 424 2401 1781 2482; baseline 0.005 -22"><span class='ocrx_word' id='word_1_191' title='bbox 424 2403 458 2460; x_wconf 83' lang='lat'>19</span> <span class='ocrx_word' id='word_1_192' title='bbox 477 2402 539 2475; x_wconf 85' lang='lat' dir='ltr'>jun.</span> <span class='ocrx_word' id='word_1_193' title='bbox 561 2402 640 2459; x_wconf 74' lang='lat' dir='ltr'>lilii.</span> <span class='ocrx_word' id='word_1_194' title='bbox 984 2401 1049 2472; x_wconf 91' lang='lat' dir='ltr'>sui,</span> <span class='ocrx_word' id='word_1_195' title='bbox 1065 2417 1165 2479; x_wconf 88' lang='lat' dir='ltr'>quam</span> <span class='ocrx_word' id='word_1_196' title='bbox 1177 2402 1379 2467; x_wconf 83' lang='lat' dir='ltr'>venerabilis</span> <span class='ocrx_word' id='word_1_197' title='bbox 1394 2402 1507 2467; x_wconf 81' lang='lat' dir='ltr'>fratris</span> <span class='ocrx_word' id='word_1_198' title='bbox 1527 2405 1670 2467; x_wconf 87' lang='lat' dir='ltr'>nostri...</span> <span class='ocrx_word' id='word_1_199' title='bbox 1684 2406 1781 2482; x_wconf 90' lang='lat' dir='ltr'>epis-</span> 
     </span>
    </p>

    <p class='ocr_par' dir='ltr' id='par_1_6' title="bbox 149 2498 1782 2582">
     <span class='ocr_line' id='line_1_22' title="bbox 149 2498 1782 2582; baseline -0.001 -16"><span class='ocrx_word' id='word_1_200' title='bbox 149 2518 276 2582; x_wconf 58' lang='lat' dir='ltr'>teme,</span> <span class='ocrx_word' id='word_1_201' title='bbox 298 2515 622 2582; x_wconf 69' lang='grc'>111111111111.</span> <span class='ocrx_word' id='word_1_202' title='bbox 636 2514 910 2581; x_wconf 60' lang='lat' dir='ltr'>earnemcarnem]</span> <span class='ocrx_word' id='word_1_203' title='bbox 984 2498 1059 2576; x_wconf 89' lang='lat' dir='ltr'>copi</span> <span class='ocrx_word' id='word_1_204' title='bbox 1073 2498 1222 2576; x_wconf 87' lang='lat' dir='ltr'>capituli,</span> <span class='ocrx_word' id='word_1_205' title='bbox 1237 2515 1277 2562; x_wconf 91' lang='lat' dir='ltr'>ac</span> <span class='ocrx_word' id='word_1_206' title='bbox 1289 2501 1442 2571; x_wconf 91' lang='lat' dir='ltr'>militum,</span> <span class='ocrx_word' id='word_1_207' title='bbox 1459 2517 1499 2563; x_wconf 89' lang='lat' dir='ltr'>ac</span> <span class='ocrx_word' id='word_1_208' title='bbox 1510 2503 1659 2564; x_wconf 87' lang='lat' dir='ltr'>universi</span> <span class='ocrx_word' id='word_1_209' title='bbox 1668 2503 1782 2581; x_wconf 84' lang='lat' dir='ltr'>populi</span> 
     </span>
    </p>
   </div>
   <div class='ocr_carea' id='block_1_3' title="bbox 129 2596 1782 2875">
    <p class='ocr_par' dir='ltr' id='par_1_7' title="bbox 129 2596 1782 2875">
     <span class='ocr_line' id='line_1_23' title="bbox 129 2596 1782 2693; baseline -0.004 -9"><span class='ocrx_word' id='word_1_210' title='bbox 129 2626 254 2685; x_wconf 81' lang='lat' dir='ltr'>Litteras</span> <span class='ocrx_word' id='word_1_211' title='bbox 272 2625 432 2683; x_wconf 85' lang='lat' dir='ltr'>innocentii</span> <span class='ocrx_word' id='word_1_212' title='bbox 447 2626 497 2693; x_wconf 93' lang='lat' dir='ltr'>lll,</span> <span class='ocrx_word' id='word_1_213' title='bbox 523 2623 659 2682; x_wconf 83' lang='lat' dir='ltr'>llocelim</span> <span class='ocrx_word' id='word_1_214' title='bbox 674 2623 860 2681; x_wconf 85' lang='lat' dir='ltr'>absolutionis</span> <span class='ocrx_word' id='word_1_215' title='bbox 878 2622 927 2681; x_wconf 87' lang='lat' dir='ltr'>be·</span> <span class='ocrx_word' id='word_1_216' title='bbox 984 2596 1169 2658; x_wconf 61' lang='lat' dir='ltr'>M³⁸⁸i¹iffi</span> <span class='ocrx_word' id='word_1_217' title='bbox 1182 2613 1318 2660; x_wconf 86' lang='lat' dir='ltr'>necnon</span> <span class='ocrx_word' id='word_1_218' title='bbox 1330 2601 1364 2661; x_wconf 68' lang='grc' dir='ltr'>θῑ</span> <span class='ocrx_word' id='word_1_219' title='bbox 1373 2599 1518 2661; x_wconf 66' lang='grc' dir='ltr'>1111οῐ11111</span> <span class='ocrx_word' id='word_1_220' title='bbox 1535 2601 1782 2678; x_wconf 59' lang='lat' dir='ltr'>quamplurium</span> 
     </span>
     <span class='ocr_line' id='line_1_24' title="bbox 163 2693 1782 2786; baseline 0.001 -26"><span class='ocrx_word' id='word_1_221' title='bbox 163 2714 304 2772; x_wconf 81' lang='lat' dir='ltr'>palicium</span> <span class='ocrx_word' id='word_1_222' title='bbox 321 2711 516 2782; x_wconf 55' lang='grc'>1011111113,</span> <span class='ocrx_word' id='word_1_223' title='bbox 530 2714 642 2786; x_wconf 82' lang='lat' dir='ltr'>repetit,</span> <span class='ocrx_word' id='word_1_224' title='bbox 656 2713 758 2785; x_wconf 61' lang='lat' dir='ltr'>eisque</span> <span class='ocrx_word' id='word_1_225' title='bbox 772 2711 890 2769; x_wconf 52' lang='lat' dir='ltr'>mappa</span> <span class='ocrx_word' id='word_1_226' title='bbox 899 2720 931 2769; x_wconf 68' lang='lat' dir='ltr'>m</span> <span class='ocrx_word' id='word_1_227' title='bbox 984 2694 1197 2770; x_wconf 80' lang='lat' dir='ltr'>praelatorum</span> <span class='ocrx_word' id='word_1_228' title='bbox 1206 2693 1302 2757; x_wconf 88' lang='lat' dir='ltr'>nobis</span> <span class='ocrx_word' id='word_1_229' title='bbox 1314 2713 1415 2773; x_wconf 90' lang='lat' dir='ltr'>super</span> <span class='ocrx_word' id='word_1_230' title='bbox 1425 2697 1488 2759; x_wconf 87' lang='lat' dir='ltr'>boc</span> <span class='ocrx_word' id='word_1_231' title='bbox 1498 2697 1619 2759; x_wconf 87' lang='lat' dir='ltr'>littaris</span> <span class='ocrx_word' id='word_1_232' title='bbox 1631 2714 1782 2775; x_wconf 89' lang='lat' dir='ltr'>praesen-</span> 
     </span>
     <span class='ocr_line' id='line_1_25' title="bbox 163 2792 1781 2875; baseline -0.001 -14"><span class='ocrx_word' id='word_1_233' title='bbox 163 2817 203 2862; x_wconf 88' lang='lat' dir='ltr'>ea</span> <span class='ocrx_word' id='word_1_234' title='bbox 222 2817 286 2875; x_wconf 76' lang='lat' dir='ltr'>que</span> <span class='ocrx_word' id='word_1_235' title='bbox 310 2801 347 2859; x_wconf 89' lang='grc'>(11</span> <span class='ocrx_word' id='word_1_236' title='bbox 366 2802 538 2875; x_wconf 85' lang='lat' dir='ltr'>patrimonio</span> <span class='ocrx_word' id='word_1_237' title='bbox 559 2801 687 2860; x_wconf 85' lang='lat' dir='ltr'>Rooelinl</span> <span class='ocrx_word' id='word_1_238' title='bbox 708 2802 883 2858; x_wconf 82' lang='lat' dir='ltr'>monasterio</span> <span class='ocrx_word' id='word_1_239' title='bbox 899 2802 929 2859; x_wconf 82' lang='lat' dir='ltr'>S.</span> <span class='ocrx_word' id='word_1_240' title='bbox 983 2792 1072 2864; x_wconf 86' lang='lat' dir='ltr'>tatis,</span> <span class='ocrx_word' id='word_1_241' title='bbox 1087 2792 1143 2869; x_wconf 90' lang='lat' dir='ltr'>qui</span> <span class='ocrx_word' id='word_1_242' title='bbox 1159 2808 1219 2855; x_wconf 88' lang='lat' dir='ltr'>nos</span> <span class='ocrx_word' id='word_1_243' title='bbox 1232 2793 1274 2855; x_wconf 92' lang='lat' dir='ltr'>ad</span> <span class='ocrx_word' id='word_1_244' title='bbox 1287 2794 1320 2855; x_wconf 94' lang='lat' dir='ltr'>id</span> <span class='ocrx_word' id='word_1_245' title='bbox 1335 2794 1460 2872; x_wconf 91' lang='lat' dir='ltr'>triplici</span> <span class='ocrx_word' id='word_1_246' title='bbox 1469 2796 1598 2858; x_wconf 89' lang='lat' dir='ltr'>ratione</span> <span class='ocrx_word' id='word_1_247' title='bbox 1613 2797 1781 2875; x_wconf 82' lang='lat' dir='ltr'>praecipue</span> 
     </span>
    </p>
   </div>
   <div class='ocr_carea' id='block_1_4' title="bbox 125 2887 1783 3851">
    <p class='ocr_par' dir='ltr' id='par_1_8' title="bbox 125 2887 1783 3851">
     <span class='ocr_line' id='line_1_26' title="bbox 162 2887 1783 2973; baseline 0.003 -20"><span class='ocrx_word' id='word_1_248' title='bbox 162 2891 291 2953; x_wconf 76' lang='lat' dir='ltr'>Victoris</span> <span class='ocrx_word' id='word_1_249' title='bbox 299 2889 488 2949; x_wconf 78' lang='lat' dir='ltr'>Massiliensis</span> <span class='ocrx_word' id='word_1_250' title='bbox 502 2889 559 2947; x_wconf 87' lang='lat' dir='ltr'>sint</span> <span class='ocrx_word' id='word_1_251' title='bbox 568 2890 726 2962; x_wconf 74' lang='lat' dir='ltr'>assignata,</span> <span class='ocrx_word' id='word_1_252' title='bbox 734 2887 854 2962; x_wconf 85' lang='grc'>11111111</span> <span class='ocrx_word' id='word_1_253' title='bbox 861 2903 928 2962; x_wconf 85' lang='lat' dir='ltr'>pos·</span> <span class='ocrx_word' id='word_1_254' title='bbox 984 2889 1142 2952; x_wconf 89' lang='lat' dir='ltr'>inducere</span> <span class='ocrx_word' id='word_1_255' title='bbox 1152 2891 1358 2968; x_wconf 74' lang='lat' dir='ltr'>satagebant.</span> <span class='ocrx_word' id='word_1_256' title='bbox 1371 2894 1451 2954; x_wconf 77' lang='lat' dir='ltr'>Crrm</span> <span class='ocrx_word' id='word_1_257' title='bbox 1461 2893 1551 2955; x_wconf 89' lang='lat' dir='ltr'>enim</span> <span class='ocrx_word' id='word_1_258' title='bbox 1566 2894 1679 2957; x_wconf 92' lang='lat' dir='ltr'>nullus</span> <span class='ocrx_word' id='word_1_259' title='bbox 1694 2911 1783 2973; x_wconf 87' lang='lat' dir='ltr'>prae-</span> 
     </span>
     <span class='ocr_line' id='line_1_27' title="bbox 163 2980 1783 3071; baseline 0.009 -31"><span class='ocrx_word' id='word_1_260' title='bbox 163 2980 288 3040; x_wconf 81' lang='lat' dir='ltr'>sideant</span> <span class='ocrx_word' id='word_1_261' title='bbox 421 3022 424 3029; x_wconf 79' lang='lat'>,</span> <span class='ocrx_word' id='word_1_262' title='bbox 983 2989 1035 3049; x_wconf 90' lang='lat' dir='ltr'>ter</span> <span class='ocrx_word' id='word_1_263' title='bbox 1046 2988 1155 3066; x_wconf 91' lang='lat' dir='ltr'>ipsum</span> <span class='ocrx_word' id='word_1_264' title='bbox 1165 2988 1207 3050; x_wconf 90' lang='lat' dir='ltr'>de</span> <span class='ocrx_word' id='word_1_265' title='bbox 1221 2988 1319 3051; x_wconf 91' lang='lat' dir='ltr'>domo</span> <span class='ocrx_word' id='word_1_266' title='bbox 1330 3006 1390 3052; x_wconf 87' lang='lat' dir='ltr'>sua</span> <span class='ocrx_word' id='word_1_267' title='bbox 1401 2992 1569 3053; x_wconf 86' lang='lat' dir='ltr'>masculus</span> <span class='ocrx_word' id='word_1_268' title='bbox 1582 2992 1627 3055; x_wconf 90' lang='lat' dir='ltr'>sit</span> <span class='ocrx_word' id='word_1_269' title='bbox 1643 3010 1783 3071; x_wconf 87' lang='lat' dir='ltr'>supers-</span> 
     </span>
     <span class='ocr_line' id='line_1_28' title="bbox 168 3085 1781 3167; baseline 0.001 -15"><span class='ocrx_word' id='word_1_270' title='bbox 168 3091 352 3163; x_wconf 86' lang='lat' dir='ltr'>Honorius,</span> <span class='ocrx_word' id='word_1_271' title='bbox 369 3090 445 3162; x_wconf 70' lang='lat' dir='ltr'>etc„</span> <span class='ocrx_word' id='word_1_272' title='bbox 469 3088 600 3151; x_wconf 90' lang='lat' dir='ltr'>dilectis</span> <span class='ocrx_word' id='word_1_273' title='bbox 623 3088 740 3150; x_wconf 85' lang='lat' dir='ltr'>tiliis...</span> <span class='ocrx_word' id='word_1_274' title='bbox 763 3086 875 3150; x_wconf 85' lang='lat' dir='ltr'>abbati</span> <span class='ocrx_word' id='word_1_275' title='bbox 895 3090 930 3150; x_wconf 90' lang='lat' dir='ltr'>et</span> <span class='ocrx_word' id='word_1_276' title='bbox 983 3085 1045 3157; x_wconf 87' lang='lat' dir='ltr'>tes,</span> <span class='ocrx_word' id='word_1_277' title='bbox 1062 3085 1103 3147; x_wconf 91' lang='lat' dir='ltr'>de</span> <span class='ocrx_word' id='word_1_278' title='bbox 1117 3088 1217 3148; x_wconf 87' lang='lat' dir='ltr'>terrae</span> <span class='ocrx_word' id='word_1_279' title='bbox 1237 3102 1308 3148; x_wconf 77' lang='lat' dir='ltr'>suae</span> <span class='ocrx_word' id='word_1_280' title='bbox 1329 3087 1531 3162; x_wconf 89' lang='lat' dir='ltr'>bominibus,</span> <span class='ocrx_word' id='word_1_281' title='bbox 1548 3090 1605 3167; x_wconf 87' lang='lat' dir='ltr'>qui</span> <span class='ocrx_word' id='word_1_282' title='bbox 1629 3090 1781 3153; x_wconf 90' lang='lat' dir='ltr'>eumdem</span> 
     </span>
     <span class='ocr_line' id='line_1_29' title="bbox 126 3183 1781 3263; baseline -0.001 -12"><span class='ocrx_word' id='word_1_283' title='bbox 126 3188 311 3251; x_wconf 83' lang='lat' dir='ltr'>conventui</span> <span class='ocrx_word' id='word_1_284' title='bbox 329 3186 526 3249; x_wconf 87' lang='lat' dir='ltr'>monasterii</span> <span class='ocrx_word' id='word_1_285' title='bbox 547 3187 659 3248; x_wconf 87' lang='lat' dir='ltr'>Sancti</span> <span class='ocrx_word' id='word_1_286' title='bbox 680 3185 825 3248; x_wconf 81' lang='lat' dir='ltr'>Victoris</span> <span class='ocrx_word' id='word_1_287' title='bbox 839 3186 930 3247; x_wconf 86' lang='lat' dir='ltr'>Mas·</span> <span class='ocrx_word' id='word_1_288' title='bbox 983 3183 1781 3263; x_wconf 73' lang='lat' dir='ltr'>sincerissimediliguntnoupraessetecclesiis</span> 
     </span>
     <span class='ocr_line' id='line_1_30' title="bbox 128 3282 1781 3364; baseline 0.001 -16"><span class='ocrx_word' id='word_1_289' title='bbox 128 3285 294 3359; x_wconf 88' lang='lat' dir='ltr'>siliensis,</span> <span class='ocrx_word' id='word_1_290' title='bbox 318 3285 458 3346; x_wconf 89' lang='lat' dir='ltr'>salutem</span> <span class='ocrx_word' id='word_1_291' title='bbox 482 3284 515 3346; x_wconf 89' lang='lat' dir='ltr'>et</span> <span class='ocrx_word' id='word_1_292' title='bbox 537 3283 752 3361; x_wconf 88' lang='lat' dir='ltr'>apostolicam</span> <span class='ocrx_word' id='word_1_293' title='bbox 772 3283 930 3346; x_wconf 89' lang='lat' dir='ltr'>benedic·</span> <span class='ocrx_word' id='word_1_294' title='bbox 982 3282 1017 3343; x_wconf 90' lang='lat' dir='ltr'>et</span> <span class='ocrx_word' id='word_1_295' title='bbox 1037 3282 1114 3343; x_wconf 90' lang='lat' dir='ltr'>aliis</span> <span class='ocrx_word' id='word_1_296' title='bbox 1128 3283 1193 3359; x_wconf 92' lang='lat' dir='ltr'>piis</span> <span class='ocrx_word' id='word_1_297' title='bbox 1217 3282 1300 3344; x_wconf 86' lang='lat' dir='ltr'>locis</span> <span class='ocrx_word' id='word_1_298' title='bbox 1316 3284 1433 3360; x_wconf 79' lang='lat' dir='ltr'>gravia</span> <span class='ocrx_word' id='word_1_299' title='bbox 1448 3288 1584 3362; x_wconf 89' lang='lat' dir='ltr'>possent</span> <span class='ocrx_word' id='word_1_300' title='bbox 1607 3286 1781 3364; x_wconf 87' lang='lat' dir='ltr'>dispendia</span> 
     </span>
     <span class='ocr_line' id='line_1_31' title="bbox 126 3379 1781 3454; baseline -0.001 -8"><span class='ocrx_word' id='word_1_301' title='bbox 126 3384 268 3447; x_wconf 89' lang='lat' dir='ltr'>tionem.</span> <span class='ocrx_word' id='word_1_302' title='bbox 983 3379 1169 3454; x_wconf 89' lang='lat' dir='ltr'>provenire.</span> <span class='ocrx_word' id='word_1_303' title='bbox 1199 3381 1280 3440; x_wconf 84' lang='lat' dir='ltr'>Cum</span> <span class='ocrx_word' id='word_1_304' title='bbox 1308 3381 1409 3441; x_wconf 86' lang='lat' dir='ltr'>etiam</span> <span class='ocrx_word' id='word_1_305' title='bbox 1445 3383 1568 3444; x_wconf 85' lang='lat' dir='ltr'>multas</span> <span class='ocrx_word' id='word_1_306' title='bbox 1604 3383 1781 3447; x_wconf 83' lang='lat' dir='ltr'>violentias</span> 
     </span>
     <span class='ocr_line' id='line_1_32' title="bbox 169 3476 1781 3556; baseline 0 -13"><span class='ocrx_word' id='word_1_307' title='bbox 169 3483 266 3543; x_wconf 87' lang='lat' dir='ltr'>Siout</span> <span class='ocrx_word' id='word_1_308' title='bbox 285 3481 321 3541; x_wconf 91' lang='lat' dir='ltr'>in</span> <span class='ocrx_word' id='word_1_309' title='bbox 347 3479 478 3556; x_wconf 78' lang='lat' dir='ltr'>regesto</span> <span class='ocrx_word' id='word_1_310' title='bbox 504 3478 613 3541; x_wconf 85' lang='lat' dir='ltr'>ielicis</span> <span class='ocrx_word' id='word_1_311' title='bbox 635 3478 805 3539; x_wconf 88' lang='lat' dir='ltr'>memoriae</span> <span class='ocrx_word' id='word_1_312' title='bbox 827 3480 929 3539; x_wconf 89' lang='lat' dir='ltr'>luno-</span> <span class='ocrx_word' id='word_1_313' title='bbox 983 3476 1194 3537; x_wconf 89' lang='lat' dir='ltr'>commiserat</span> <span class='ocrx_word' id='word_1_314' title='bbox 1216 3477 1249 3537; x_wconf 89' lang='lat' dir='ltr'>et</span> <span class='ocrx_word' id='word_1_315' title='bbox 1271 3477 1419 3555; x_wconf 86' lang='lat' dir='ltr'>rapinas,</span> <span class='ocrx_word' id='word_1_316' title='bbox 1443 3479 1476 3538; x_wconf 92' lang='lat' dir='ltr'>et</span> <span class='ocrx_word' id='word_1_317' title='bbox 1495 3496 1616 3555; x_wconf 80' lang='lat' dir='ltr'>magna</span> <span class='ocrx_word' id='word_1_318' title='bbox 1640 3480 1781 3544; x_wconf 90' lang='lat' dir='ltr'>subierit</span> 
     </span>
     <span class='ocr_line' id='line_1_33' title="bbox 125 3572 1781 3656; baseline -0.002 -15"><span class='ocrx_word' id='word_1_319' title='bbox 125 3578 233 3642; x_wconf 90' lang='lat' dir='ltr'>centii</span> <span class='ocrx_word' id='word_1_320' title='bbox 248 3594 341 3656; x_wconf 84' lang='lat' dir='ltr'>papae</span> <span class='ocrx_word' id='word_1_321' title='bbox 358 3576 612 3654; x_wconf 84' lang='lat' dir='ltr'>praedecessoris</span> <span class='ocrx_word' id='word_1_322' title='bbox 627 3575 734 3637; x_wconf 89' lang='lat' dir='ltr'>nostri</span> <span class='ocrx_word' id='word_1_323' title='bbox 749 3575 928 3652; x_wconf 85' lang='lat' dir='ltr'>perspexi·</span> <span class='ocrx_word' id='word_1_324' title='bbox 983 3573 1143 3633; x_wconf 89' lang='lat' dir='ltr'>hactenus</span> <span class='ocrx_word' id='word_1_325' title='bbox 1156 3587 1260 3634; x_wconf 89' lang='lat' dir='ltr'>onera</span> <span class='ocrx_word' id='word_1_326' title='bbox 1281 3572 1478 3646; x_wconf 89' lang='lat' dir='ltr'>debitorum,</span> <span class='ocrx_word' id='word_1_327' title='bbox 1499 3577 1528 3635; x_wconf 92' lang='lat' dir='ltr'>si</span> <span class='ocrx_word' id='word_1_328' title='bbox 1548 3576 1781 3653; x_wconf 89' lang='lat' dir='ltr'>prohiberetur</span> 
     </span>
     <span class='ocr_line' id='line_1_34' title="bbox 126 3669 1779 3752; baseline -0.002 -13"><span class='ocrx_word' id='word_1_329' title='bbox 126 3693 205 3739; x_wconf 90' lang='lat' dir='ltr'>mus</span> <span class='ocrx_word' id='word_1_330' title='bbox 220 3674 395 3747; x_wconf 90' lang='lat' dir='ltr'>contineri,</span> <span class='ocrx_word' id='word_1_331' title='bbox 410 3674 490 3736; x_wconf 92' lang='lat' dir='ltr'>olim</span> <span class='ocrx_word' id='word_1_332' title='bbox 510 3673 718 3735; x_wconf 82' lang='lat' dir='ltr'>Ebredunen.</span> <span class='ocrx_word' id='word_1_333' title='bbox 741 3672 930 3749; x_wconf 89' lang='lat' dir='ltr'>archiepis-</span> <span class='ocrx_word' id='word_1_334' title='bbox 983 3670 1090 3731; x_wconf 90' lang='lat' dir='ltr'>eidem</span> <span class='ocrx_word' id='word_1_335' title='bbox 1100 3669 1247 3747; x_wconf 91' lang='lat' dir='ltr'>provisio</span> <span class='ocrx_word' id='word_1_336' title='bbox 1257 3671 1357 3732; x_wconf 86' lang='lat' dir='ltr'>terrae</span> <span class='ocrx_word' id='word_1_337' title='bbox 1373 3687 1454 3744; x_wconf 89' lang='lat' dir='ltr'>suae,</span> <span class='ocrx_word' id='word_1_338' title='bbox 1467 3672 1524 3735; x_wconf 80' lang='lat' dir='ltr'>vix</span> <span class='ocrx_word' id='word_1_339' title='bbox 1539 3672 1715 3752; x_wconf 84' lang='lat' dir='ltr'>quisquam</span> <span class='ocrx_word' id='word_1_340' title='bbox 1729 3675 1779 3736; x_wconf 93' lang='lat' dir='ltr'>in·</span> 
     </span>
     <span class='ocr_line' id='line_1_35' title="bbox 126 3768 1781 3851; baseline -0.001 -14"><span class='ocrx_word' id='word_1_341' title='bbox 126 3790 226 3851; x_wconf 84' lang='lat' dir='ltr'>cepe,</span> <span class='ocrx_word' id='word_1_342' title='bbox 234 3776 302 3836; x_wconf 83' lang='lat' dir='ltr'>et...</span> <span class='ocrx_word' id='word_1_343' title='bbox 313 3770 648 3847; x_wconf 78' lang='lat' dir='ltr'>uticen.apostolieae</span> <span class='ocrx_word' id='word_1_344' title='bbox 665 3769 760 3831; x_wconf 89' lang='lat' dir='ltr'>Sedis</span> <span class='ocrx_word' id='word_1_345' title='bbox 775 3769 885 3845; x_wconf 80' lang='lat' dir='ltr'>legato</span> <span class='ocrx_word' id='word_1_346' title='bbox 895 3773 929 3833; x_wconf 90' lang='lat' dir='ltr'>et</span> <span class='ocrx_word' id='word_1_347' title='bbox 981 3768 1163 3839; x_wconf 81' lang='lat' dir='ltr'>veniretur,</span> <span class='ocrx_word' id='word_1_348' title='bbox 1181 3769 1237 3845; x_wconf 89' lang='lat' dir='ltr'>qui</span> <span class='ocrx_word' id='word_1_349' title='bbox 1262 3768 1472 3832; x_wconf 76' lang='lat' dir='ltr'>satisfaceret</span> <span class='ocrx_word' id='word_1_350' title='bbox 1489 3770 1530 3833; x_wconf 91' lang='lat' dir='ltr'>de</span> <span class='ocrx_word' id='word_1_351' title='bbox 1552 3772 1731 3848; x_wconf 89' lang='lat' dir='ltr'>praedictis,</span> <span class='ocrx_word' id='word_1_352' title='bbox 1747 3776 1781 3836; x_wconf 86' lang='lat' dir='ltr'>ot</span> 
     </span>
    </p>
   </div>
   <div class='ocr_carea' id='block_1_5' title="bbox 9 3858 1930 3947">
    <p class='ocr_par' dir='ltr' id='par_1_9' title="bbox 9 3858 1930 3947">
     <span class='ocr_line' id='line_1_36' title="bbox 9 3858 1930 3947; baseline -0.003 -11"><span class='ocrx_word' id='word_1_353' title='bbox 9 3858 11 3861; x_wconf 35' lang='lat'>⁵</span> <span class='ocrx_word' id='word_1_354' title='bbox 127 3875 256 3947; x_wconf 80' lang='lat' dir='ltr'>Regem</span> <span class='ocrx_word' id='word_1_355' title='bbox 273 3869 439 3947; x_wconf 89' lang='lat' dir='ltr'>episcopis</span> <span class='ocrx_word' id='word_1_356' title='bbox 453 3884 514 3930; x_wconf 90' lang='lat' dir='ltr'>sua</span> <span class='ocrx_word' id='word_1_357' title='bbox 540 3867 664 3946; x_wconf 88' lang='lat' dir='ltr'>scripta</span> <span class='ocrx_word' id='word_1_358' title='bbox 684 3868 721 3928; x_wconf 95' lang='lat' dir='ltr'>in</span> <span class='ocrx_word' id='word_1_359' title='bbox 740 3867 812 3929; x_wconf 86' lang='lat' dir='ltr'>baec</span> <span class='ocrx_word' id='word_1_360' title='bbox 827 3867 927 3929; x_wconf 87' lang='lat' dir='ltr'>verba</span> <span class='ocrx_word' id='word_1_361' title='bbox 982 3865 1076 3926; x_wconf 89' lang='lat' dir='ltr'>multi</span> <span class='ocrx_word' id='word_1_362' title='bbox 1092 3866 1320 3943; x_wconf 89' lang='lat' dir='ltr'>multipliciter</span> <span class='ocrx_word' id='word_1_363' title='bbox 1338 3883 1406 3929; x_wconf 90' lang='lat' dir='ltr'>non</span> <span class='ocrx_word' id='word_1_364' title='bbox 1427 3866 1552 3945; x_wconf 84' lang='lat' dir='ltr'>absque</span> <span class='ocrx_word' id='word_1_365' title='bbox 1568 3870 1664 3946; x_wconf 81' lang='lat' dir='ltr'>gravi</span> <span class='ocrx_word' id='word_1_366' title='bbox 1681 3887 1781 3933; x_wconf 93' lang='lat' dir='ltr'>scan-</span> <span class='ocrx_word' id='word_1_367' title='bbox 1911 3880 1930 3899; x_wconf 76' lang='lat'><strong><em>⁴</em></strong></span> 
     </span>
    </p>
   </div>
   <div class='ocr_carea' id='block_1_6' title="bbox 117 3962 1783 5803">
    <p class='ocr_par' dir='ltr' id='par_1_10' title="bbox 124 3962 1546 4039">
     <span class='ocr_line' id='line_1_37' title="bbox 124 3962 1546 4039; baseline -0.004 -7"><span class='ocrx_word' id='word_1_368' title='bbox 124 3969 256 4032; x_wconf 83' lang='lat' dir='ltr'>direxit</span> <span class='ocrx_word' id='word_1_369' title='bbox 271 3990 279 4028; x_wconf 73' lang='grc' dir='ltr'><strong>ε</strong></span> <span class='ocrx_word' id='word_1_370' title='bbox 981 3963 1057 4024; x_wconf 89' lang='lat' dir='ltr'>dalo</span> <span class='ocrx_word' id='word_1_371' title='bbox 1066 3963 1135 4023; x_wconf 90' lang='lat' dir='ltr'>suis</span> <span class='ocrx_word' id='word_1_372' title='bbox 1145 3962 1287 4039; x_wconf 86' lang='lat' dir='ltr'>justitiis</span> <span class='ocrx_word' id='word_1_373' title='bbox 1300 3963 1546 4027; x_wconf 80' lang='lat' dir='ltr'>fraudarentur.</span> 
     </span>
    </p>

    <p class='ocr_par' dir='ltr' id='par_1_11' title="bbox 117 4060 1783 5803">
     <span class='ocr_line' id='line_1_38' title="bbox 168 4060 1783 4142; baseline 0 -14"><span class='ocrx_word' id='word_1_374' title='bbox 168 4084 189 4127; x_wconf 76' lang='grc'>1</span> <span class='ocrx_word' id='word_1_375' title='bbox 205 4068 285 4127; x_wconf 87' lang='lat' dir='ltr'>Cum</span> <span class='ocrx_word' id='word_1_376' title='bbox 301 4064 492 4137; x_wconf 89' lang='lat' dir='ltr'>Rocelinus,</span> <span class='ocrx_word' id='word_1_377' title='bbox 514 4063 571 4142; x_wconf 83' lang='lat' dir='ltr'>qui</span> <span class='ocrx_word' id='word_1_378' title='bbox 597 4063 714 4125; x_wconf 89' lang='lat' dir='ltr'>babitu</span> <span class='ocrx_word' id='word_1_379' title='bbox 737 4062 928 4124; x_wconf 84' lang='lat' dir='ltr'>monachali</span> <span class='ocrx_word' id='word_1_380' title='bbox 1021 4060 1184 4133; x_wconf 90' lang='lat' dir='ltr'>Quoniam</span> <span class='ocrx_word' id='word_1_381' title='bbox 1199 4061 1302 4136; x_wconf 76' lang='lat' dir='ltr'>igitur</span> <span class='ocrx_word' id='word_1_382' title='bbox 1316 4065 1531 4125; x_wconf 90' lang='lat' dir='ltr'>sacrosancta</span> <span class='ocrx_word' id='word_1_383' title='bbox 1548 4066 1698 4128; x_wconf 87' lang='lat' dir='ltr'>Romana</span> <span class='ocrx_word' id='word_1_384' title='bbox 1718 4068 1783 4129; x_wconf 80' lang='lat' dir='ltr'>Ec-</span> 
     </span>
     <span class='ocr_line' id='line_1_39' title="bbox 124 4158 1780 4243; baseline -0.002 -16"><span class='ocrx_word' id='word_1_385' title='bbox 124 4166 254 4243; x_wconf 75' lang='grc'>1111111</span> <span class='ocrx_word' id='word_1_386' title='bbox 278 4163 461 4225; x_wconf 88' lang='lat' dir='ltr'>Massilien.</span> <span class='ocrx_word' id='word_1_387' title='bbox 488 4162 632 4224; x_wconf 84' lang='lat' dir='ltr'>civitatis</span> <span class='ocrx_word' id='word_1_388' title='bbox 651 4161 834 4223; x_wconf 91' lang='lat' dir='ltr'>dominium</span> <span class='ocrx_word' id='word_1_389' title='bbox 863 4160 926 4222; x_wconf 90' lang='lat' dir='ltr'>sibi</span> <span class='ocrx_word' id='word_1_390' title='bbox 980 4158 1083 4219; x_wconf 87' lang='lat' dir='ltr'>clesia</span> <span class='ocrx_word' id='word_1_391' title='bbox 1117 4158 1201 4219; x_wconf 90' lang='lat' dir='ltr'>nulli</span> <span class='ocrx_word' id='word_1_392' title='bbox 1230 4159 1401 4221; x_wconf 88' lang='lat' dir='ltr'>humiliter</span> <span class='ocrx_word' id='word_1_393' title='bbox 1432 4160 1586 4224; x_wconf 91' lang='lat' dir='ltr'>redeunti</span> <span class='ocrx_word' id='word_1_394' title='bbox 1617 4164 1780 4240; x_wconf 76' lang='lat' dir='ltr'>gremium</span> 
     </span>
     <span class='ocr_line' id='line_1_40' title="bbox 124 4256 1780 4339; baseline -0.002 -13"><span class='ocrx_word' id='word_1_395' title='bbox 124 4267 255 4327; x_wconf 88' lang='lat' dir='ltr'>temere</span> <span class='ocrx_word' id='word_1_396' title='bbox 267 4261 455 4338; x_wconf 86' lang='lat' dir='ltr'>usurparet,</span> <span class='ocrx_word' id='word_1_397' title='bbox 471 4262 605 4338; x_wconf 89' lang='lat' dir='ltr'>propter</span> <span class='ocrx_word' id='word_1_398' title='bbox 623 4259 837 4337; x_wconf 87' lang='lat' dir='ltr'>apostasiam,</span> <span class='ocrx_word' id='word_1_399' title='bbox 849 4274 928 4336; x_wconf 90' lang='grc'>111-</span> <span class='ocrx_word' id='word_1_400' title='bbox 981 4273 1077 4317; x_wconf 89' lang='lat' dir='ltr'>suum</span> <span class='ocrx_word' id='word_1_401' title='bbox 1093 4256 1228 4329; x_wconf 91' lang='lat' dir='ltr'>claudit,</span> <span class='ocrx_word' id='word_1_402' title='bbox 1253 4274 1313 4318; x_wconf 93' lang='lat' dir='ltr'>nos</span> <span class='ocrx_word' id='word_1_403' title='bbox 1337 4258 1430 4320; x_wconf 88' lang='lat' dir='ltr'>illius</span> <span class='ocrx_word' id='word_1_404' title='bbox 1443 4261 1607 4338; x_wconf 78' lang='lat' dir='ltr'>exemplo,</span> <span class='ocrx_word' id='word_1_405' title='bbox 1630 4263 1687 4339; x_wconf 87' lang='lat' dir='ltr'>qui</span> <span class='ocrx_word' id='word_1_406' title='bbox 1713 4278 1780 4323; x_wconf 92' lang='lat' dir='ltr'>non</span> 
     </span>
     <span class='ocr_line' id='line_1_41' title="bbox 117 4356 1782 4440; baseline 0 -18"><span class='ocrx_word' id='word_1_407' title='bbox 117 4361 264 4440; x_wconf 73' lang='lat' dir='ltr'>jurium,</span> <span class='ocrx_word' id='word_1_408' title='bbox 291 4361 324 4422; x_wconf 91' lang='lat' dir='ltr'>et</span> <span class='ocrx_word' id='word_1_409' title='bbox 349 4359 525 4430; x_wconf 86' lang='lat' dir='ltr'>incestum,</span> <span class='ocrx_word' id='word_1_410' title='bbox 553 4372 615 4418; x_wconf 91' lang='grc'>111</span> <span class='ocrx_word' id='word_1_411' title='bbox 641 4373 708 4418; x_wconf 88' lang='grc'>111</span> <span class='ocrx_word' id='word_1_412' title='bbox 729 4357 878 4435; x_wconf 87' lang='lat' dir='ltr'>rapinas,</span> <span class='ocrx_word' id='word_1_413' title='bbox 894 4359 928 4418; x_wconf 87' lang='lat' dir='ltr'>at</span> <span class='ocrx_word' id='word_1_414' title='bbox 980 4356 1052 4418; x_wconf 83' lang='lat' dir='ltr'>vult</span> <span class='ocrx_word' id='word_1_415' title='bbox 1065 4357 1204 4418; x_wconf 89' lang='lat' dir='ltr'>mortem</span> <span class='ocrx_word' id='word_1_416' title='bbox 1219 4357 1416 4432; x_wconf 88' lang='lat' dir='ltr'>peccatoris,</span> <span class='ocrx_word' id='word_1_417' title='bbox 1440 4358 1497 4419; x_wconf 91' lang='lat' dir='ltr'>sed</span> <span class='ocrx_word' id='word_1_418' title='bbox 1514 4361 1623 4436; x_wconf 90' lang='lat' dir='ltr'>potius</span> <span class='ocrx_word' id='word_1_419' title='bbox 1643 4361 1679 4422; x_wconf 89' lang='lat' dir='ltr'>ut</span> <span class='ocrx_word' id='word_1_420' title='bbox 1700 4376 1782 4422; x_wconf 90' lang='lat' dir='ltr'>con-</span> 
     </span>
     <span class='ocr_line' id='line_1_42' title="bbox 121 4454 1781 4539; baseline 0.002 -20"><span class='ocrx_word' id='word_1_421' title='bbox 121 4457 278 4539; x_wconf 83' lang='lat' dir='ltr'>quaedam</span> <span class='ocrx_word' id='word_1_422' title='bbox 293 4456 361 4518; x_wconf 89' lang='lat' dir='ltr'>alia</span> <span class='ocrx_word' id='word_1_423' title='bbox 383 4455 506 4516; x_wconf 92' lang='lat' dir='ltr'>dudum</span> <span class='ocrx_word' id='word_1_424' title='bbox 522 4454 654 4516; x_wconf 90' lang='lat' dir='ltr'>anobis</span> <span class='ocrx_word' id='word_1_425' title='bbox 670 4457 703 4517; x_wconf 93' lang='lat' dir='ltr'>et</span> <span class='ocrx_word' id='word_1_426' title='bbox 718 4454 925 4532; x_wconf 89' lang='lat' dir='ltr'>postmodum</span> <span class='ocrx_word' id='word_1_427' title='bbox 979 4456 1130 4516; x_wconf 83' lang='lat' dir='ltr'>vertatur</span> <span class='ocrx_word' id='word_1_428' title='bbox 1143 4455 1177 4516; x_wconf 92' lang='lat' dir='ltr'>et</span> <span class='ocrx_word' id='word_1_429' title='bbox 1190 4455 1291 4525; x_wconf 81' lang='lat' dir='ltr'>vivat,</span> <span class='ocrx_word' id='word_1_430' title='bbox 1313 4471 1415 4533; x_wconf 89' lang='lat' dir='ltr'>quum</span> <span class='ocrx_word' id='word_1_431' title='bbox 1434 4460 1543 4534; x_wconf 88' lang='lat' dir='ltr'>majus</span> <span class='ocrx_word' id='word_1_432' title='bbox 1558 4458 1716 4533; x_wconf 80' lang='lat' dir='ltr'>gaudium</span> <span class='ocrx_word' id='word_1_433' title='bbox 1737 4461 1781 4522; x_wconf 91' lang='lat' dir='ltr'>sit</span> 
     </span>
     <span class='ocr_line' id='line_1_43' title="bbox 121 4552 1782 4632; baseline -0.001 -12"><span class='ocrx_word' id='word_1_434' title='bbox 121 4559 203 4628; x_wconf 88' lang='lat' dir='ltr'>ate,</span> <span class='ocrx_word' id='word_1_435' title='bbox 220 4555 323 4617; x_wconf 87' lang='lat' dir='ltr'>irater</span> <span class='ocrx_word' id='word_1_436' title='bbox 334 4557 474 4631; x_wconf 79' lang='lat' dir='ltr'>Regem,</span> <span class='ocrx_word' id='word_1_437' title='bbox 491 4554 524 4614; x_wconf 92' lang='lat' dir='ltr'>et</span> <span class='ocrx_word' id='word_1_438' title='bbox 546 4552 643 4614; x_wconf 90' lang='lat' dir='ltr'>bonae</span> <span class='ocrx_word' id='word_1_439' title='bbox 664 4552 834 4614; x_wconf 90' lang='lat' dir='ltr'>memoriae</span> <span class='ocrx_word' id='word_1_440' title='bbox 854 4568 927 4613; x_wconf 90' lang='lat' dir='ltr'>ma·</span> <span class='ocrx_word' id='word_1_441' title='bbox 980 4552 1110 4627; x_wconf 84' lang='lat' dir='ltr'>angelis</span> <span class='ocrx_word' id='word_1_442' title='bbox 1125 4553 1185 4614; x_wconf 89' lang='lat' dir='ltr'>Dei</span> <span class='ocrx_word' id='word_1_443' title='bbox 1210 4569 1311 4629; x_wconf 90' lang='lat' dir='ltr'>super</span> <span class='ocrx_word' id='word_1_444' title='bbox 1335 4570 1401 4614; x_wconf 92' lang='lat' dir='ltr'>uno</span> <span class='ocrx_word' id='word_1_445' title='bbox 1424 4557 1598 4630; x_wconf 91' lang='lat' dir='ltr'>peccatore</span> <span class='ocrx_word' id='word_1_446' title='bbox 1622 4556 1782 4632; x_wconf 88' lang='lat' dir='ltr'>poeniten·</span> 
     </span>
     <span class='ocr_line' id='line_1_44' title="bbox 122 4649 1779 4731; baseline 0.001 -17"><span class='ocrx_word' id='word_1_447' title='bbox 122 4654 236 4731; x_wconf 79' lang='lat' dir='ltr'>gistro.</span> <span class='ocrx_word' id='word_1_448' title='bbox 254 4652 377 4714; x_wconf 91' lang='lat' dir='ltr'>Milone</span> <span class='ocrx_word' id='word_1_449' title='bbox 401 4650 532 4712; x_wconf 91' lang='lat' dir='ltr'>notario</span> <span class='ocrx_word' id='word_1_450' title='bbox 548 4652 674 4719; x_wconf 91' lang='lat' dir='ltr'>nostro,</span> <span class='ocrx_word' id='word_1_451' title='bbox 690 4653 768 4711; x_wconf 89' lang='lat' dir='ltr'>tunc</span> <span class='ocrx_word' id='word_1_452' title='bbox 784 4650 927 4728; x_wconf 77' lang='lat' dir='ltr'>Aposto—</span> <span class='ocrx_word' id='word_1_453' title='bbox 979 4649 1061 4710; x_wconf 91' lang='lat' dir='ltr'>tiam</span> <span class='ocrx_word' id='word_1_454' title='bbox 1083 4651 1213 4726; x_wconf 81' lang='lat' dir='ltr'>agente,</span> <span class='ocrx_word' id='word_1_455' title='bbox 1228 4666 1328 4728; x_wconf 84' lang='lat' dir='ltr'>quam</span> <span class='ocrx_word' id='word_1_456' title='bbox 1349 4666 1450 4726; x_wconf 92' lang='lat' dir='ltr'>supra</span> <span class='ocrx_word' id='word_1_457' title='bbox 1464 4652 1646 4727; x_wconf 80' lang='lat' dir='ltr'>nonaginta</span> <span class='ocrx_word' id='word_1_458' title='bbox 1660 4668 1779 4715; x_wconf 91' lang='lat' dir='ltr'>novem</span> 
     </span>
     <span class='ocr_line' id='line_1_45' title="bbox 122 4746 1775 4826; baseline 0 -13"><span class='ocrx_word' id='word_1_459' title='bbox 122 4752 202 4813; x_wconf 88' lang='lat' dir='ltr'>licae</span> <span class='ocrx_word' id='word_1_460' title='bbox 219 4750 312 4811; x_wconf 89' lang='lat' dir='ltr'>Sedis</span> <span class='ocrx_word' id='word_1_461' title='bbox 328 4749 457 4825; x_wconf 81' lang='lat' dir='ltr'>legatis,</span> <span class='ocrx_word' id='word_1_462' title='bbox 477 4747 784 4809; x_wconf 81' lang='lat' dir='ltr'>excommunicatus</span> <span class='ocrx_word' id='word_1_463' title='bbox 799 4747 924 4809; x_wconf 81' lang='lat' dir='ltr'>extite-</span> <span class='ocrx_word' id='word_1_464' title='bbox 975 4747 1096 4824; x_wconf 87' lang='lat' dir='ltr'>justos,</span> <span class='ocrx_word' id='word_1_465' title='bbox 1108 4747 1210 4823; x_wconf 87' lang='lat' dir='ltr'>quise</span> <span class='ocrx_word' id='word_1_466' title='bbox 1220 4746 1360 4808; x_wconf 91' lang='lat' dir='ltr'>credunt</span> <span class='ocrx_word' id='word_1_467' title='bbox 1372 4748 1568 4823; x_wconf 79' lang='grc'>1111111111</span> <span class='ocrx_word' id='word_1_468' title='bbox 1582 4764 1649 4811; x_wconf 88' lang='grc'>111</span> <span class='ocrx_word' id='word_1_469' title='bbox 1664 4766 1775 4826; x_wconf 80' lang='lat' dir='ltr'>egere,</span> 
     </span>
     <span class='ocr_line' id='line_1_46' title="bbox 120 4843 1780 4927; baseline -0.001 -15"><span class='ocrx_word' id='word_1_470' title='bbox 120 4850 182 4921; x_wconf 90' lang='lat' dir='ltr'>rit,</span> <span class='ocrx_word' id='word_1_471' title='bbox 199 4849 269 4910; x_wconf 87' lang='lat' dir='ltr'>tam</span> <span class='ocrx_word' id='word_1_472' title='bbox 293 4847 429 4908; x_wconf 78' lang='lat' dir='ltr'>ciuitate</span> <span class='ocrx_word' id='word_1_473' title='bbox 450 4845 635 4907; x_wconf 88' lang='lat' dir='ltr'>Massilien.</span> <span class='ocrx_word' id='word_1_474' title='bbox 654 4861 752 4921; x_wconf 88' lang='lat' dir='ltr'>quam</span> <span class='ocrx_word' id='word_1_475' title='bbox 768 4846 924 4907; x_wconf 86' lang='lat' dir='ltr'>universa</span> <span class='ocrx_word' id='word_1_476' title='bbox 980 4844 1021 4905; x_wconf 94' lang='lat' dir='ltr'>de</span> <span class='ocrx_word' id='word_1_477' title='bbox 1031 4847 1102 4922; x_wconf 91' lang='lat' dir='ltr'>jam</span> <span class='ocrx_word' id='word_1_478' title='bbox 1124 4843 1205 4906; x_wconf 89' lang='lat' dir='ltr'>dicti</span> <span class='ocrx_word' id='word_1_479' title='bbox 1224 4847 1264 4906; x_wconf 89' lang='lat' dir='ltr'>R.</span> <span class='ocrx_word' id='word_1_480' title='bbox 1281 4844 1476 4920; x_wconf 73' lang='lat' dir='ltr'>poenitentia</span> <span class='ocrx_word' id='word_1_481' title='bbox 1497 4845 1697 4920; x_wconf 80' lang='lat' dir='ltr'>exultantes,</span> <span class='ocrx_word' id='word_1_482' title='bbox 1723 4851 1780 4927; x_wconf 86' lang='lat' dir='ltr'>qui</span> 
     </span>
     <span class='ocr_line' id='line_1_47' title="bbox 120 4941 1779 5022; baseline -0.001 -13"><span class='ocrx_word' id='word_1_483' title='bbox 120 4948 219 5011; x_wconf 88' lang='lat' dir='ltr'>terra</span> <span class='ocrx_word' id='word_1_484' title='bbox 243 4943 349 5022; x_wconf 87' lang='lat' dir='ltr'>ipsius</span> <span class='ocrx_word' id='word_1_485' title='bbox 373 4943 601 5004; x_wconf 87' lang='lat' dir='ltr'>ecclesiastico</span> <span class='ocrx_word' id='word_1_486' title='bbox 625 4943 796 5020; x_wconf 89' lang='lat' dir='ltr'>supposita</span> <span class='ocrx_word' id='word_1_487' title='bbox 817 4943 925 5004; x_wconf 89' lang='lat' dir='ltr'>inter·</span> <span class='ocrx_word' id='word_1_488' title='bbox 980 4941 1038 5002; x_wconf 92' lang='lat' dir='ltr'>diu</span> <span class='ocrx_word' id='word_1_489' title='bbox 1068 4941 1178 5003; x_wconf 87' lang='lat' dir='ltr'>iuerat</span> <span class='ocrx_word' id='word_1_490' title='bbox 1205 4941 1241 5002; x_wconf 88' lang='lat' dir='ltr'>in</span> <span class='ocrx_word' id='word_1_491' title='bbox 1276 4942 1480 5004; x_wconf 77' lang='lat' dir='ltr'>vanitatibus</span> <span class='ocrx_word' id='word_1_492' title='bbox 1508 4944 1624 5005; x_wconf 87' lang='lat' dir='ltr'>saeouli</span> <span class='ocrx_word' id='word_1_493' title='bbox 1651 4960 1779 5021; x_wconf 72' lang='lat' dir='ltr'>evaga-</span> 
     </span>
     <span class='ocr_line' id='line_1_48' title="bbox 121 5036 1781 5120; baseline -0.001 -14"><span class='ocrx_word' id='word_1_494' title='bbox 121 5045 228 5112; x_wconf 89' lang='lat' dir='ltr'>dicto,</span> <span class='ocrx_word' id='word_1_495' title='bbox 244 5058 327 5103; x_wconf 88' lang='lat' dir='ltr'>sano</span> <span class='ocrx_word' id='word_1_496' title='bbox 348 5040 483 5104; x_wconf 88' lang='lat' dir='ltr'>tandem</span> <span class='ocrx_word' id='word_1_497' title='bbox 507 5039 791 5113; x_wconf 89' lang='lat' dir='ltr'>ductusconsilio‚</span> <span class='ocrx_word' id='word_1_498' title='bbox 809 5044 926 5102; x_wconf 68' lang='grc'>111-</span> <span class='ocrx_word' id='word_1_499' title='bbox 979 5041 1051 5111; x_wconf 89' lang='lat' dir='ltr'>tus,</span> <span class='ocrx_word' id='word_1_500' title='bbox 1077 5036 1263 5100; x_wconf 83' lang='lat' dir='ltr'>venerabili</span> <span class='ocrx_word' id='word_1_501' title='bbox 1291 5038 1387 5100; x_wconf 81' lang='lat' dir='ltr'>tratri</span> <span class='ocrx_word' id='word_1_502' title='bbox 1413 5042 1563 5102; x_wconf 84' lang='lat' dir='ltr'>nostro...</span> <span class='ocrx_word' id='word_1_503' title='bbox 1593 5041 1781 5120; x_wconf 88' lang='lat' dir='ltr'>archiepis-</span> 
     </span>
     <span class='ocr_line' id='line_1_49' title="bbox 121 5135 1780 5218; baseline -0.001 -15"><span class='ocrx_word' id='word_1_504' title='bbox 121 5141 187 5204; x_wconf 91' lang='lat' dir='ltr'>bili</span> <span class='ocrx_word' id='word_1_505' title='bbox 215 5139 361 5202; x_wconf 85' lang='lat' dir='ltr'>muliere</span> <span class='ocrx_word' id='word_1_506' title='bbox 390 5138 551 5210; x_wconf 88' lang='lat' dir='ltr'>dimissa,</span> <span class='ocrx_word' id='word_1_507' title='bbox 587 5138 750 5215; x_wconf 89' lang='lat' dir='ltr'>rejectum</span> <span class='ocrx_word' id='word_1_508' title='bbox 775 5137 924 5200; x_wconf 87' lang='lat' dir='ltr'>habitum</span> <span class='ocrx_word' id='word_1_509' title='bbox 980 5152 1062 5213; x_wconf 90' lang='lat' dir='ltr'>copo</span> <span class='ocrx_word' id='word_1_510' title='bbox 1085 5136 1198 5197; x_wconf 88' lang='lat' dir='ltr'>Pisan.</span> <span class='ocrx_word' id='word_1_511' title='bbox 1219 5135 1370 5198; x_wconf 90' lang='lat' dir='ltr'>dedimus</span> <span class='ocrx_word' id='word_1_512' title='bbox 1392 5137 1427 5198; x_wconf 90' lang='lat' dir='ltr'>ln</span> <span class='ocrx_word' id='word_1_513' title='bbox 1451 5138 1627 5212; x_wconf 86' lang='lat' dir='ltr'>mandatis,</span> <span class='ocrx_word' id='word_1_514' title='bbox 1653 5141 1690 5201; x_wconf 91' lang='lat' dir='ltr'>ut</span> <span class='ocrx_word' id='word_1_515' title='bbox 1715 5140 1780 5218; x_wconf 87' lang='lat' dir='ltr'>ipsi</span> 
     </span>
     <span class='ocr_line' id='line_1_50' title="bbox 121 5233 1781 5312; baseline -0.001 -11"><span class='ocrx_word' id='word_1_516' title='bbox 121 5235 385 5312; x_wconf 87' lang='lat' dir='ltr'>reassumpserit</span> <span class='ocrx_word' id='word_1_517' title='bbox 398 5234 573 5297; x_wconf 81' lang='lat' dir='ltr'>humiliter</span> <span class='ocrx_word' id='word_1_518' title='bbox 586 5236 619 5296; x_wconf 86' lang='lat' dir='ltr'>et</span> <span class='ocrx_word' id='word_1_519' title='bbox 633 5234 762 5306; x_wconf 86' lang='lat' dir='ltr'>devote,</span> <span class='ocrx_word' id='word_1_520' title='bbox 783 5250 822 5295; x_wconf 96' lang='grc'>11</span> <span class='ocrx_word' id='word_1_521' title='bbox 846 5237 923 5308; x_wconf 86' lang='grc'>111,</span> <span class='ocrx_word' id='word_1_522' title='bbox 976 5235 1074 5310; x_wconf 81' lang='lat' dir='ltr'>juxta</span> <span class='ocrx_word' id='word_1_523' title='bbox 1088 5233 1229 5297; x_wconf 81' lang='lat' dir='ltr'>sormam</span> <span class='ocrx_word' id='word_1_524' title='bbox 1251 5234 1408 5296; x_wconf 76' lang='lat' dir='ltr'>Ecclesiae</span> <span class='ocrx_word' id='word_1_525' title='bbox 1428 5235 1625 5297; x_wconf 82' lang='lat' dir='ltr'>beneficium</span> <span class='ocrx_word' id='word_1_526' title='bbox 1644 5236 1781 5300; x_wconf 88' lang='lat' dir='ltr'>absolu-</span> 
     </span>
     <span class='ocr_line' id='line_1_51' title="bbox 122 5331 1779 5410; baseline 0.001 -13"><span class='ocrx_word' id='word_1_527' title='bbox 122 5336 234 5397; x_wconf 80' lang='lat' dir='ltr'>tbater</span> <span class='ocrx_word' id='word_1_528' title='bbox 248 5333 378 5395; x_wconf 88' lang='lat' dir='ltr'>Uticen.</span> <span class='ocrx_word' id='word_1_529' title='bbox 392 5331 758 5403; x_wconf 85' lang='lat' dir='ltr'>excommunicationis,</span> <span class='ocrx_word' id='word_1_530' title='bbox 772 5333 806 5393; x_wconf 88' lang='lat' dir='ltr'>et</span> <span class='ocrx_word' id='word_1_531' title='bbox 820 5331 926 5394; x_wconf 90' lang='lat' dir='ltr'>inter-</span> <span class='ocrx_word' id='word_1_532' title='bbox 979 5331 1082 5393; x_wconf 72' lang='lat' dir='ltr'>donis</span> <span class='ocrx_word' id='word_1_533' title='bbox 1095 5332 1266 5410; x_wconf 89' lang='lat' dir='ltr'>impendat</span> <span class='ocrx_word' id='word_1_534' title='bbox 1280 5333 1313 5394; x_wconf 89' lang='lat' dir='ltr'>et</span> <span class='ocrx_word' id='word_1_535' title='bbox 1327 5334 1479 5409; x_wconf 80' lang='lat' dir='ltr'>injungat</span> <span class='ocrx_word' id='word_1_536' title='bbox 1494 5333 1612 5406; x_wconf 88' lang='lat' dir='ltr'>eidem,</span> <span class='ocrx_word' id='word_1_537' title='bbox 1631 5337 1667 5396; x_wconf 93' lang='lat' dir='ltr'>ut</span> <span class='ocrx_word' id='word_1_538' title='bbox 1680 5350 1779 5398; x_wconf 90' lang='lat' dir='ltr'>man-</span> 
     </span>
     <span class='ocr_line' id='line_1_52' title="bbox 121 5428 1781 5513; baseline 0.001 -18"><span class='ocrx_word' id='word_1_539' title='bbox 121 5433 206 5495; x_wconf 90' lang='lat' dir='ltr'>dicti</span> <span class='ocrx_word' id='word_1_540' title='bbox 221 5429 405 5492; x_wconf 90' lang='lat' dir='ltr'>sententias</span> <span class='ocrx_word' id='word_1_541' title='bbox 420 5429 556 5508; x_wconf 88' lang='lat' dir='ltr'>petierit</span> <span class='ocrx_word' id='word_1_542' title='bbox 570 5429 728 5501; x_wconf 87' lang='lat' dir='ltr'>relaxari,</span> <span class='ocrx_word' id='word_1_543' title='bbox 739 5428 925 5492; x_wconf 81' lang='lat' dir='ltr'>sufficiente</span> <span class='ocrx_word' id='word_1_544' title='bbox 980 5429 1067 5491; x_wconf 90' lang='lat' dir='ltr'>datis</span> <span class='ocrx_word' id='word_1_545' title='bbox 1095 5429 1219 5492; x_wconf 88' lang='lat' dir='ltr'>nostris</span> <span class='ocrx_word' id='word_1_546' title='bbox 1241 5430 1414 5492; x_wconf 91' lang='lat' dir='ltr'>humiliter</span> <span class='ocrx_word' id='word_1_547' title='bbox 1427 5434 1554 5508; x_wconf 88' lang='lat' dir='ltr'>pareat,</span> <span class='ocrx_word' id='word_1_548' title='bbox 1580 5448 1654 5509; x_wconf 87' lang='lat' dir='ltr'>quae</span> <span class='ocrx_word' id='word_1_549' title='bbox 1680 5451 1781 5513; x_wconf 87' lang='lat' dir='ltr'>super</span> 
     </span>
     <span class='ocr_line' id='line_1_53' title="bbox 120 5526 1780 5608; baseline 0.002 -16"><span class='ocrx_word' id='word_1_550' title='bbox 120 5530 168 5593; x_wconf 90' lang='lat' dir='ltr'>ab</span> <span class='ocrx_word' id='word_1_551' title='bbox 181 5531 257 5608; x_wconf 88' lang='lat' dir='ltr'>ipso</span> <span class='ocrx_word' id='word_1_552' title='bbox 270 5528 424 5589; x_wconf 88' lang='lat' dir='ltr'>cautione</span> <span class='ocrx_word' id='word_1_553' title='bbox 434 5528 578 5605; x_wconf 90' lang='lat' dir='ltr'>recepta,</span> <span class='ocrx_word' id='word_1_554' title='bbox 595 5527 632 5589; x_wconf 89' lang='lat' dir='ltr'>in</span> <span class='ocrx_word' id='word_1_555' title='bbox 646 5526 780 5589; x_wconf 85' lang='lat' dir='ltr'>civitate</span> <span class='ocrx_word' id='word_1_556' title='bbox 799 5528 924 5589; x_wconf 88' lang='lat' dir='ltr'>Massi·</span> <span class='ocrx_word' id='word_1_557' title='bbox 980 5527 1148 5603; x_wconf 87' lang='lat' dir='ltr'>praedictis</span> <span class='ocrx_word' id='word_1_558' title='bbox 1172 5527 1242 5605; x_wconf 43' lang='lat' dir='ltr'>,ipsi</span> <span class='ocrx_word' id='word_1_559' title='bbox 1277 5527 1441 5589; x_wconf 81' lang='lat' dir='ltr'>duxeritis</span> <span class='ocrx_word' id='word_1_560' title='bbox 1475 5528 1639 5592; x_wconf 85' lang='lat' dir='ltr'>iacienda.</span> <span class='ocrx_word' id='word_1_561' title='bbox 1674 5533 1780 5595; x_wconf 90' lang='lat' dir='ltr'>Porro</span> 
     </span>
     <span class='ocr_line' id='line_1_54' title="bbox 119 5624 1780 5702; baseline 0.002 -12"><span class='ocrx_word' id='word_1_562' title='bbox 119 5629 206 5690; x_wconf 90' lang='lat' dir='ltr'>lien.</span> <span class='ocrx_word' id='word_1_563' title='bbox 233 5625 396 5687; x_wconf 80' lang='lat' dir='ltr'>relaxasti</span> <span class='ocrx_word' id='word_1_564' title='bbox 417 5625 615 5686; x_wconf 86' lang='lat' dir='ltr'>sententiam</span> <span class='ocrx_word' id='word_1_565' title='bbox 630 5624 799 5697; x_wconf 87' lang='lat' dir='ltr'>antedicti,</span> <span class='ocrx_word' id='word_1_566' title='bbox 814 5624 922 5687; x_wconf 88' lang='lat' dir='ltr'>eidem</span> <span class='ocrx_word' id='word_1_567' title='bbox 980 5640 1081 5702; x_wconf 91' lang='lat' dir='ltr'>super</span> <span class='ocrx_word' id='word_1_568' title='bbox 1108 5625 1301 5702; x_wconf 90' lang='lat' dir='ltr'>patrimonii</span> <span class='ocrx_word' id='word_1_569' title='bbox 1334 5625 1386 5687; x_wconf 92' lang='lat' dir='ltr'>sui</span> <span class='ocrx_word' id='word_1_570' title='bbox 1416 5639 1512 5699; x_wconf 88' lang='lat' dir='ltr'>cura,</span> <span class='ocrx_word' id='word_1_571' title='bbox 1545 5627 1593 5688; x_wconf 90' lang='lat' dir='ltr'>ita</span> <span class='ocrx_word' id='word_1_572' title='bbox 1623 5627 1780 5693; x_wconf 82' lang='lat' dir='ltr'>duximus</span> 
     </span>
     <span class='ocr_line' id='line_1_55' title="bbox 122 5721 1782 5803; baseline 0.001 -13"><span class='ocrx_word' id='word_1_573' title='bbox 122 5729 169 5790; x_wconf 78' lang='lat' dir='ltr'>R.</span> <span class='ocrx_word' id='word_1_574' title='bbox 181 5724 321 5788; x_wconf 88' lang='lat' dir='ltr'>ilrmiter</span> <span class='ocrx_word' id='word_1_575' title='bbox 341 5721 558 5800; x_wconf 80' lang='lat' dir='ltr'>injungendo,</span> <span class='ocrx_word' id='word_1_576' title='bbox 575 5723 611 5786; x_wconf 92' lang='lat' dir='ltr'>ut</span> <span class='ocrx_word' id='word_1_577' title='bbox 624 5737 660 5786; x_wconf 89' lang='lat' dir='ltr'>se</span> <span class='ocrx_word' id='word_1_578' title='bbox 673 5722 781 5802; x_wconf 87' lang='lat' dir='ltr'>ipsum</span> <span class='ocrx_word' id='word_1_579' title='bbox 796 5722 849 5787; x_wconf 83' lang='lat' dir='ltr'>vel</span> <span class='ocrx_word' id='word_1_580' title='bbox 863 5739 924 5803; x_wconf 88' lang='lat' dir='ltr'>per</span> <span class='ocrx_word' id='word_1_581' title='bbox 980 5738 1024 5786; x_wconf 85' lang='lat' dir='ltr'>ex</span> <span class='ocrx_word' id='word_1_582' title='bbox 1037 5721 1242 5800; x_wconf 78' lang='lat' dir='ltr'>benignitate</span> <span class='ocrx_word' id='word_1_583' title='bbox 1260 5722 1450 5801; x_wconf 76' lang='grc'>1111111111</span> <span class='ocrx_word' id='word_1_584' title='bbox 1471 5724 1728 5803; x_wconf 79' lang='lat' dir='ltr'>providendum,</span> <span class='ocrx_word' id='word_1_585' title='bbox 1747 5730 1782 5791; x_wconf 93' lang='lat' dir='ltr'>ut</span> 
     </span>
    </p>
   </div>
   <div class='ocr_carea' id='block_1_7' title="bbox 0 0 1994 6198">
    <p class='ocr_par' dir='ltr' id='par_1_12' title="bbox 0 0 1994 6198">
     <span class='ocr_line' id='line_1_56' title="bbox 0 0 1994 6198; baseline 0 0"><span class='ocrx_word' id='word_1_586' title='bbox 0 0 1994 6198; x_wconf 95' lang='lat' dir='ltr'> </span> 
     </span>
    </p>
   </div>
  </div>
 </body>
</html>
