<?xml version="1.0" encoding="UTF-8"?>
<!DOCTYPE html PUBLIC "-//W3C//DTD XHTML 1.0 Transitional//EN"
    "http://www.w3.org/TR/xhtml1/DTD/xhtml1-transitional.dtd">
<html xmlns="http://www.w3.org/1999/xhtml" xml:lang="en" lang="en">
 <head>
  <title>
</title>
<meta http-equiv="Content-Type" content="text/html;charset=utf-8" />
  <meta name='ocr-system' content='tesseract 3.04.00' />
  <meta name='ocr-capabilities' content='ocr_page ocr_carea ocr_par ocr_line ocrx_word'/>
</head>
<body>
  <div class='ocr_page' id='page_1' title='image "./mediiaevibiblio00bottgoog_0409.png"; bbox 0 0 3946 6196; ppageno 0'>
   <div class='ocr_carea' id='block_1_1' title="bbox 277 232 1913 314">
    <p class='ocr_par' dir='ltr' id='par_1_1' title="bbox 277 232 1913 314">
     <span class='ocr_line' id='line_1_1' title="bbox 277 232 1913 314; baseline -0.007 -10"><span class='ocrx_word' id='word_1_1' title='bbox 277 241 338 305; x_wconf 79' lang='lat'>319</span> <span class='ocrx_word' id='word_1_2' title='bbox 878 234 1056 298; x_wconf 84' lang='lat' dir='ltr'>nouonn</span> <span class='ocrx_word' id='word_1_3' title='bbox 1077 232 1123 295; x_wconf 87' lang='lat' dir='ltr'>m</span> <span class='ocrx_word' id='word_1_4' title='bbox 1144 234 1293 298; x_wconf 72' lang='lat' dir='ltr'>ornus.</span> <span class='ocrx_word' id='word_1_5' title='bbox 1860 252 1913 314; x_wconf 71' lang='lat'>320</span> 
     </span>
    </p>
   </div>
   <div class='ocr_carea' id='block_1_2' title="bbox 273 393 1953 872">
    <p class='ocr_par' dir='ltr' id='par_1_2' title="bbox 273 393 1953 872">
     <span class='ocr_line' id='line_1_2' title="bbox 273 393 1915 481; baseline 0.005 -16"><span class='ocrx_word' id='word_1_6' title='bbox 273 398 499 465; x_wconf 88' lang='lat' dir='ltr'>tuncSanctae</span> <span class='ocrx_word' id='word_1_7' title='bbox 513 400 629 467; x_wconf 85' lang='lat' dir='ltr'>Mariae</span> <span class='ocrx_word' id='word_1_8' title='bbox 648 397 689 460; x_wconf 91' lang='lat' dir='ltr'>de</span> <span class='ocrx_word' id='word_1_9' title='bbox 703 397 829 476; x_wconf 77' lang='lat' dir='ltr'>Aquiro</span> <span class='ocrx_word' id='word_1_10' title='bbox 842 394 982 459; x_wconf 89' lang='lat' dir='ltr'>diacono</span> <span class='ocrx_word' id='word_1_11' title='bbox 997 410 1073 459; x_wconf 89' lang='lat' dir='ltr'>ear·</span> <span class='ocrx_word' id='word_1_12' title='bbox 1126 394 1195 471; x_wconf 87' lang='lat' dir='ltr'>cia;</span> <span class='ocrx_word' id='word_1_13' title='bbox 1224 396 1297 474; x_wconf 92' lang='lat' dir='ltr'>ipse</span> <span class='ocrx_word' id='word_1_14' title='bbox 1329 393 1451 461; x_wconf 91' lang='lat' dir='ltr'>oblitus</span> <span class='ocrx_word' id='word_1_15' title='bbox 1471 396 1640 465; x_wconf 80' lang='lat' dir='ltr'>fidelitatis</span> <span class='ocrx_word' id='word_1_16' title='bbox 1666 403 1699 467; x_wconf 92' lang='lat' dir='ltr'>ei</span> <span class='ocrx_word' id='word_1_17' title='bbox 1726 404 1858 481; x_wconf 78' lang='lat' dir='ltr'>debitae,</span> <span class='ocrx_word' id='word_1_18' title='bbox 1880 427 1915 474; x_wconf 91' lang='lat' dir='ltr'>ac</span> 
     </span>
     <span class='ocr_line' id='line_1_3' title="bbox 276 495 1953 589; baseline 0.005 -26"><span class='ocrx_word' id='word_1_19' title='bbox 276 500 392 573; x_wconf 89' lang='lat' dir='ltr'>dinali,</span> <span class='ocrx_word' id='word_1_20' title='bbox 403 502 442 562; x_wconf 76' lang='lat' dir='ltr'>A.</span> <span class='ocrx_word' id='word_1_21' title='bbox 457 501 491 560; x_wconf 84' lang='lat' dir='ltr'>S.</span> <span class='ocrx_word' id='word_1_22' title='bbox 506 498 627 574; x_wconf 85' lang='lat' dir='ltr'>legato,</span> <span class='ocrx_word' id='word_1_23' title='bbox 646 496 763 559; x_wconf 86' lang='lat' dir='ltr'>Sedem</span> <span class='ocrx_word' id='word_1_24' title='bbox 775 495 999 574; x_wconf 78' lang='lat' dir='ltr'>Apostolicam</span> <span class='ocrx_word' id='word_1_25' title='bbox 1011 513 1073 574; x_wconf 90' lang='lat' dir='ltr'>ap-</span> <span class='ocrx_word' id='word_1_26' title='bbox 1125 495 1293 573; x_wconf 85' lang='lat' dir='ltr'>tamquam</span> <span class='ocrx_word' id='word_1_27' title='bbox 1308 495 1460 573; x_wconf 80' lang='lat' dir='ltr'>ingratus</span> <span class='ocrx_word' id='word_1_28' title='bbox 1474 498 1711 564; x_wconf 81' lang='lat' dir='ltr'>beneficiorum</span> <span class='ocrx_word' id='word_1_29' title='bbox 1721 508 1796 583; x_wconf 72' lang='lat' dir='ltr'>elus</span> <span class='ocrx_word' id='word_1_30' title='bbox 1810 507 1914 571; x_wconf 90' lang='lat' dir='ltr'>imme-</span> <span class='ocrx_word' id='word_1_31' title='bbox 1952 580 1953 589; x_wconf 8' lang='grc' dir='ltr'>ἵ</span> 
     </span>
     <span class='ocr_line' id='line_1_4' title="bbox 276 594 1914 677; baseline 0.004 -16"><span class='ocrx_word' id='word_1_32' title='bbox 276 598 443 677; x_wconf 88' lang='lat' dir='ltr'>pellasset,</span> <span class='ocrx_word' id='word_1_33' title='bbox 456 596 576 658; x_wconf 91' lang='lat' dir='ltr'>nobilis</span> <span class='ocrx_word' id='word_1_34' title='bbox 589 596 643 658; x_wconf 92' lang='lat' dir='ltr'>vir</span> <span class='ocrx_word' id='word_1_35' title='bbox 655 595 703 657; x_wconf 85' lang='lat' dir='ltr'>S.&#39;</span> <span class='ocrx_word' id='word_1_36' title='bbox 715 611 825 657; x_wconf 89' lang='lat' dir='ltr'>comes</span> <span class='ocrx_word' id='word_1_37' title='bbox 840 594 1070 666; x_wconf 84' lang='lat' dir='ltr'>Montislortis,</span> <span class='ocrx_word' id='word_1_38' title='bbox 1125 609 1209 666; x_wconf 92' lang='lat' dir='ltr'>mor,</span> <span class='ocrx_word' id='word_1_39' title='bbox 1232 596 1426 673; x_wconf 87' lang='lat' dir='ltr'>provocavit</span> <span class='ocrx_word' id='word_1_40' title='bbox 1453 597 1490 659; x_wconf 90' lang='lat' dir='ltr'>ut</span> <span class='ocrx_word' id='word_1_41' title='bbox 1513 598 1755 664; x_wconf 74' lang='lat' dir='ltr'><strong>demolirentur</strong></span> <span class='ocrx_word' id='word_1_42' title='bbox 1776 607 1864 666; x_wconf 91' lang='lat' dir='ltr'>muri</span> <span class='ocrx_word' id='word_1_43' title='bbox 1887 610 1914 671; x_wconf 88' lang='lat' dir='ltr'>et</span> 
     </span>
     <span class='ocr_line' id='line_1_5' title="bbox 275 691 1914 778; baseline 0.004 -18"><span class='ocrx_word' id='word_1_44' title='bbox 275 696 441 761; x_wconf 81' lang='lat' dir='ltr'>vassallus</span> <span class='ocrx_word' id='word_1_45' title='bbox 467 697 554 774; x_wconf 89' lang='lat' dir='ltr'>ejus,</span> <span class='ocrx_word' id='word_1_46' title='bbox 585 693 805 757; x_wconf 76' lang='lat' dir='ltr'><strong>existentibus</strong></span> <span class='ocrx_word' id='word_1_47' title='bbox 840 693 926 772; x_wconf 90' lang='lat' dir='ltr'>apud</span> <span class='ocrx_word' id='word_1_48' title='bbox 954 693 1072 756; x_wconf 86' lang='lat' dir='ltr'>Sedem</span> <span class='ocrx_word' id='word_1_49' title='bbox 1126 691 1235 753; x_wconf 88' lang='lat' dir='ltr'>turres</span> <span class='ocrx_word' id='word_1_50' title='bbox 1258 695 1331 771; x_wconf 90' lang='lat' dir='ltr'>ejus</span> <span class='ocrx_word' id='word_1_51' title='bbox 1350 693 1507 769; x_wconf 90' lang='lat' dir='ltr'>civitatis,</span> <span class='ocrx_word' id='word_1_52' title='bbox 1530 696 1658 761; x_wconf 89' lang='lat' dir='ltr'>scilicet</span> <span class='ocrx_word' id='word_1_53' title='bbox 1675 699 1773 778; x_wconf 79' lang='lat' dir='ltr'>burgi</span> <span class='ocrx_word' id='word_1_54' title='bbox 1788 703 1914 766; x_wconf 87' lang='lat' dir='ltr'>Narbo-</span> 
     </span>
     <span class='ocr_line' id='line_1_6' title="bbox 275 791 1914 872; baseline 0.004 -14"><span class='ocrx_word' id='word_1_55' title='bbox 275 793 499 872; x_wconf 82' lang='lat' dir='ltr'>Apostolicam</span> <span class='ocrx_word' id='word_1_56' title='bbox 518 793 652 856; x_wconf 90' lang='lat' dir='ltr'>nunciis</span> <span class='ocrx_word' id='word_1_57' title='bbox 665 793 837 872; x_wconf 89' lang='lat' dir='ltr'>utriusque</span> <span class='ocrx_word' id='word_1_58' title='bbox 855 793 970 871; x_wconf 87' lang='lat' dir='ltr'>partis,</span> <span class='ocrx_word' id='word_1_59' title='bbox 988 809 1072 854; x_wconf 87' lang='lat' dir='ltr'>con·</span> <span class='ocrx_word' id='word_1_60' title='bbox 1126 805 1189 863; x_wconf 89' lang='lat' dir='ltr'>nae,</span> <span class='ocrx_word' id='word_1_61' title='bbox 1206 806 1281 851; x_wconf 91' lang='lat' dir='ltr'>cum</span> <span class='ocrx_word' id='word_1_62' title='bbox 1293 791 1328 852; x_wconf 90' lang='lat' dir='ltr'>in</span> <span class='ocrx_word' id='word_1_63' title='bbox 1343 808 1425 871; x_wconf 89' lang='lat' dir='ltr'>pace</span> <span class='ocrx_word' id='word_1_64' title='bbox 1449 809 1488 855; x_wconf 90' lang='lat' dir='ltr'>ac</span> <span class='ocrx_word' id='word_1_65' title='bbox 1510 796 1619 871; x_wconf 78' lang='lat' dir='ltr'>gratia</span> <span class='ocrx_word' id='word_1_66' title='bbox 1636 798 1790 861; x_wconf 77' lang='lat' dir='ltr'>ecclesiae</span> <span class='ocrx_word' id='word_1_67' title='bbox 1806 801 1914 865; x_wconf 89' lang='lat' dir='ltr'>civitas</span> 
     </span>
    </p>
   </div>
   <div class='ocr_carea' id='block_1_3' title="bbox 273 987 1919 1863">
    <p class='ocr_par' dir='ltr' id='par_1_3' title="bbox 273 987 1919 1863">
     <span class='ocr_line' id='line_1_7' title="bbox 274 987 1916 1073; baseline 0.005 -21"><span class='ocrx_word' id='word_1_68' title='bbox 274 1006 318 1052; x_wconf 92' lang='lat' dir='ltr'>ne</span> <span class='ocrx_word' id='word_1_69' title='bbox 341 990 443 1052; x_wconf 91' lang='lat' dir='ltr'>alicui</span> <span class='ocrx_word' id='word_1_70' title='bbox 461 990 588 1053; x_wconf 88' lang='lat' dir='ltr'>volenti</span> <span class='ocrx_word' id='word_1_71' title='bbox 611 1005 729 1067; x_wconf 92' lang='lat' dir='ltr'>parere</span> <span class='ocrx_word' id='word_1_72' title='bbox 748 990 890 1068; x_wconf 89' lang='lat' dir='ltr'>justitiae</span> <span class='ocrx_word' id='word_1_73' title='bbox 912 989 1072 1052; x_wconf 87' lang='lat' dir='ltr'>violentia</span> <span class='ocrx_word' id='word_1_74' title='bbox 1127 1002 1234 1060; x_wconf 90' lang='lat' dir='ltr'>suum,</span> <span class='ocrx_word' id='word_1_75' title='bbox 1258 987 1384 1050; x_wconf 89' lang='lat' dir='ltr'>clerum</span> <span class='ocrx_word' id='word_1_76' title='bbox 1399 991 1432 1051; x_wconf 92' lang='lat' dir='ltr'>et</span> <span class='ocrx_word' id='word_1_77' title='bbox 1446 992 1604 1069; x_wconf 89' lang='lat' dir='ltr'>populum</span> <span class='ocrx_word' id='word_1_78' title='bbox 1626 996 1710 1073; x_wconf 87' lang='lat' dir='ltr'>ejus,</span> <span class='ocrx_word' id='word_1_79' title='bbox 1733 996 1916 1060; x_wconf 82' lang='lat' dir='ltr'>incursibus</span> 
     </span>
     <span class='ocr_line' id='line_1_8' title="bbox 274 1085 1915 1174; baseline 0.005 -25"><span class='ocrx_word' id='word_1_80' title='bbox 274 1087 467 1158; x_wconf 78' lang='lat' dir='ltr'>inferretur,</span> <span class='ocrx_word' id='word_1_81' title='bbox 493 1089 741 1151; x_wconf 70' lang='lat' dir='ltr'>contradicente</span> <span class='ocrx_word' id='word_1_82' title='bbox 768 1087 1018 1166; x_wconf 90' lang='lat' dir='ltr'>archiepiscopo</span> <span class='ocrx_word' id='word_1_83' title='bbox 1040 1088 1074 1150; x_wconf 91' lang='lat' dir='ltr'>et</span> <span class='ocrx_word' id='word_1_84' title='bbox 1126 1085 1272 1147; x_wconf 88' lang='lat' dir='ltr'>hostium</span> <span class='ocrx_word' id='word_1_85' title='bbox 1286 1086 1400 1149; x_wconf 85' lang='lat' dir='ltr'>taliter</span> <span class='ocrx_word' id='word_1_86' title='bbox 1415 1090 1623 1167; x_wconf 86' lang='lat' dir='ltr'>exponendo,</span> <span class='ocrx_word' id='word_1_87' title='bbox 1644 1090 1723 1155; x_wconf 88' lang='lat' dir='ltr'>licet</span> <span class='ocrx_word' id='word_1_88' title='bbox 1735 1093 1808 1171; x_wconf 88' lang='lat' dir='ltr'>ipse</span> <span class='ocrx_word' id='word_1_89' title='bbox 1821 1112 1915 1174; x_wconf 88' lang='lat' dir='ltr'>para-</span> 
     </span>
     <span class='ocr_line' id='line_1_9' title="bbox 274 1183 1917 1272; baseline 0.005 -24"><span class='ocrx_word' id='word_1_90' title='bbox 274 1185 438 1249; x_wconf 83' lang='lat' dir='ltr'>offerente</span> <span class='ocrx_word' id='word_1_91' title='bbox 453 1202 583 1248; x_wconf 90' lang='lat' dir='ltr'>omnem</span> <span class='ocrx_word' id='word_1_92' title='bbox 595 1186 772 1265; x_wconf 89' lang='lat' dir='ltr'>justitiam,</span> <span class='ocrx_word' id='word_1_93' title='bbox 787 1186 952 1248; x_wconf 90' lang='lat' dir='ltr'>violenter</span> <span class='ocrx_word' id='word_1_94' title='bbox 965 1186 1073 1249; x_wconf 88' lang='lat' dir='ltr'>intra-</span> <span class='ocrx_word' id='word_1_95' title='bbox 1126 1184 1181 1245; x_wconf 89' lang='lat' dir='ltr'>tus</span> <span class='ocrx_word' id='word_1_96' title='bbox 1205 1183 1293 1247; x_wconf 90' lang='lat' dir='ltr'>esset</span> <span class='ocrx_word' id='word_1_97' title='bbox 1314 1201 1428 1247; x_wconf 91' lang='lat' dir='ltr'>coram</span> <span class='ocrx_word' id='word_1_98' title='bbox 1452 1188 1616 1250; x_wconf 85' lang='lat' dir='ltr'>cardinali</span> <span class='ocrx_word' id='word_1_99' title='bbox 1638 1191 1799 1268; x_wconf 82' lang='lat' dir='ltr'>praedicto</span> <span class='ocrx_word' id='word_1_100' title='bbox 1828 1210 1917 1272; x_wconf 89' lang='lat' dir='ltr'>super</span> 
     </span>
     <span class='ocr_line' id='line_1_10' title="bbox 274 1280 1917 1369; baseline 0.004 -21"><span class='ocrx_word' id='word_1_101' title='bbox 274 1284 324 1348; x_wconf 89' lang='lat' dir='ltr'>vit</span> <span class='ocrx_word' id='word_1_102' title='bbox 335 1283 538 1358; x_wconf 85' lang='lat' dir='ltr'>Narbonem,</span> <span class='ocrx_word' id='word_1_103' title='bbox 553 1286 595 1357; x_wconf 87' lang='lat' dir='ltr'>et,</span> <span class='ocrx_word' id='word_1_104' title='bbox 608 1284 804 1362; x_wconf 89' lang='lat' dir='ltr'>accipiensa</span> <span class='ocrx_word' id='word_1_105' title='bbox 814 1283 919 1346; x_wconf 89' lang='lat' dir='ltr'>nobili</span> <span class='ocrx_word' id='word_1_106' title='bbox 932 1284 1006 1347; x_wconf 88' lang='lat' dir='ltr'>viro</span> <span class='ocrx_word' id='word_1_107' title='bbox 1019 1282 1072 1347; x_wconf 61' lang='lat' dir='ltr'>A!</span> <span class='ocrx_word' id='word_1_108' title='bbox 1127 1280 1268 1360; x_wconf 91' lang='lat' dir='ltr'>objectis</span> <span class='ocrx_word' id='word_1_109' title='bbox 1283 1283 1436 1346; x_wconf 89' lang='lat' dir='ltr'>omnibus</span> <span class='ocrx_word' id='word_1_110' title='bbox 1449 1286 1540 1347; x_wconf 89' lang='lat' dir='ltr'>stare</span> <span class='ocrx_word' id='word_1_111' title='bbox 1549 1287 1636 1364; x_wconf 82' lang='lat' dir='ltr'>juri3</span> <span class='ocrx_word' id='word_1_112' title='bbox 1660 1289 1704 1361; x_wconf 91' lang='lat' dir='ltr'>et,</span> <span class='ocrx_word' id='word_1_113' title='bbox 1720 1289 1775 1351; x_wconf 90' lang='lat' dir='ltr'>his</span> <span class='ocrx_word' id='word_1_114' title='bbox 1791 1292 1917 1369; x_wconf 85' lang='lat' dir='ltr'>inJ&#39;uriis</span> 
     </span>
     <span class='ocr_line' id='line_1_11' title="bbox 273 1380 1916 1468; baseline 0.004 -23"><span class='ocrx_word' id='word_1_115' title='bbox 273 1382 469 1445; x_wconf 76' lang='lat' dir='ltr'>vicecomite</span> <span class='ocrx_word' id='word_1_116' title='bbox 495 1383 532 1445; x_wconf 90' lang='lat' dir='ltr'>in</span> <span class='ocrx_word' id='word_1_117' title='bbox 558 1383 787 1461; x_wconf 82' lang='lat' dir='ltr'>praejudicium</span> <span class='ocrx_word' id='word_1_118' title='bbox 824 1383 973 1461; x_wconf 78' lang='lat' dir='ltr'>ejusdem</span> <span class='ocrx_word' id='word_1_119' title='bbox 1011 1399 1071 1444; x_wconf 87' lang='lat' dir='ltr'>ar·</span> <span class='ocrx_word' id='word_1_120' title='bbox 1126 1394 1193 1440; x_wconf 90' lang='lat' dir='ltr'>non</span> <span class='ocrx_word' id='word_1_121' title='bbox 1205 1380 1391 1454; x_wconf 90' lang='lat' dir='ltr'>contentus,</span> <span class='ocrx_word' id='word_1_122' title='bbox 1408 1399 1521 1445; x_wconf 89' lang='lat' dir='ltr'>muros</span> <span class='ocrx_word' id='word_1_123' title='bbox 1536 1384 1639 1446; x_wconf 87' lang='lat' dir='ltr'>castri</span> <span class='ocrx_word' id='word_1_124' title='bbox 1651 1389 1723 1464; x_wconf 88' lang='lat' dir='ltr'>ejus</span> <span class='ocrx_word' id='word_1_125' title='bbox 1740 1387 1782 1449; x_wconf 90' lang='lat' dir='ltr'>de</span> <span class='ocrx_word' id='word_1_126' title='bbox 1794 1391 1916 1468; x_wconf 83' lang='lat' dir='ltr'>Capra-</span> 
     </span>
     <span class='ocr_line' id='line_1_12' title="bbox 275 1477 1915 1562; baseline 0.004 -20"><span class='ocrx_word' id='word_1_127' title='bbox 275 1480 490 1560; x_wconf 90' lang='lat' dir='ltr'>chiepiscopi,</span> <span class='ocrx_word' id='word_1_128' title='bbox 516 1483 552 1544; x_wconf 91' lang='lat' dir='ltr'>ut</span> <span class='ocrx_word' id='word_1_129' title='bbox 571 1480 683 1543; x_wconf 91' lang='lat' dir='ltr'>verbis</span> <span class='ocrx_word' id='word_1_130' title='bbox 704 1484 778 1559; x_wconf 89' lang='lat' dir='ltr'>ejus</span> <span class='ocrx_word' id='word_1_131' title='bbox 798 1482 941 1554; x_wconf 90' lang='lat' dir='ltr'>utamur,</span> <span class='ocrx_word' id='word_1_132' title='bbox 961 1480 1074 1543; x_wconf 85' lang='lat' dir='ltr'>alber-</span> <span class='ocrx_word' id='word_1_133' title='bbox 1126 1477 1266 1543; x_wconf 86' lang='lat' dir='ltr'>riaiecit</span> <span class='ocrx_word' id='word_1_134' title='bbox 1278 1479 1377 1552; x_wconf 91' lang='lat' dir='ltr'>dirui,</span> <span class='ocrx_word' id='word_1_135' title='bbox 1390 1482 1423 1542; x_wconf 89' lang='lat' dir='ltr'>et</span> <span class='ocrx_word' id='word_1_136' title='bbox 1435 1481 1662 1545; x_wconf 82' lang='lat' dir='ltr'>vicecomitem</span> <span class='ocrx_word' id='word_1_137' title='bbox 1682 1486 1915 1562; x_wconf 91' lang='lat' dir='ltr'>supradictum,</span> 
     </span>
     <span class='ocr_line' id='line_1_13' title="bbox 275 1575 1919 1663; baseline 0.004 -23"><span class='ocrx_word' id='word_1_138' title='bbox 275 1596 362 1657; x_wconf 77' lang='lat' dir='ltr'>gam,</span> <span class='ocrx_word' id='word_1_139' title='bbox 379 1579 489 1641; x_wconf 87' lang='lat' dir='ltr'>levato</span> <span class='ocrx_word' id='word_1_140' title='bbox 506 1579 631 1641; x_wconf 89' lang='lat' dir='ltr'>vexillo</span> <span class='ocrx_word' id='word_1_141' title='bbox 646 1595 707 1640; x_wconf 92' lang='lat' dir='ltr'>suo</span> <span class='ocrx_word' id='word_1_142' title='bbox 724 1579 760 1640; x_wconf 90' lang='lat' dir='ltr'>in</span> <span class='ocrx_word' id='word_1_143' title='bbox 778 1579 874 1652; x_wconf 90' lang='lat' dir='ltr'>turri,</span> <span class='ocrx_word' id='word_1_144' title='bbox 888 1578 969 1641; x_wconf 88' lang='lat' dir='ltr'>iecit</span> <span class='ocrx_word' id='word_1_145' title='bbox 982 1594 1072 1657; x_wconf 89' lang='lat' dir='ltr'>prae·</span> <span class='ocrx_word' id='word_1_146' title='bbox 1126 1575 1311 1637; x_wconf 77' lang='lat' dir='ltr'>vassallum</span> <span class='ocrx_word' id='word_1_147' title='bbox 1323 1579 1407 1655; x_wconf 91' lang='lat' dir='ltr'>ejus,</span> <span class='ocrx_word' id='word_1_148' title='bbox 1424 1579 1515 1640; x_wconf 88' lang='lat' dir='ltr'>terra</span> <span class='ocrx_word' id='word_1_149' title='bbox 1527 1596 1589 1641; x_wconf 89' lang='lat' dir='ltr'>sua</span> <span class='ocrx_word' id='word_1_150' title='bbox 1603 1581 1638 1642; x_wconf 92' lang='lat' dir='ltr'>in</span> <span class='ocrx_word' id='word_1_151' title='bbox 1652 1597 1756 1657; x_wconf 79' lang='lat' dir='ltr'>grave</span> <span class='ocrx_word' id='word_1_152' title='bbox 1767 1586 1919 1663; x_wconf 85' lang='lat' dir='ltr'>praeJ&#39;udi-</span> 
     </span>
     <span class='ocr_line' id='line_1_14' title="bbox 275 1673 1917 1755; baseline 0.004 -16"><span class='ocrx_word' id='word_1_153' title='bbox 275 1677 422 1739; x_wconf 85' lang='lat' dir='ltr'>conizari</span> <span class='ocrx_word' id='word_1_154' title='bbox 447 1693 569 1739; x_wconf 90' lang='lat' dir='ltr'>nomen</span> <span class='ocrx_word' id='word_1_155' title='bbox 595 1694 692 1739; x_wconf 90' lang='lat' dir='ltr'>suum</span> <span class='ocrx_word' id='word_1_156' title='bbox 725 1677 820 1754; x_wconf 86' lang='lat' dir='ltr'>quasi</span> <span class='ocrx_word' id='word_1_157' title='bbox 851 1693 911 1755; x_wconf 92' lang='lat' dir='ltr'>pro</span> <span class='ocrx_word' id='word_1_158' title='bbox 937 1677 1069 1749; x_wconf 88' lang='lat' dir='ltr'>ducatu,</span> <span class='ocrx_word' id='word_1_159' title='bbox 1126 1673 1215 1734; x_wconf 88' lang='lat' dir='ltr'>cium</span> <span class='ocrx_word' id='word_1_160' title='bbox 1231 1674 1335 1751; x_wconf 90' lang='lat' dir='ltr'>ipsius</span> <span class='ocrx_word' id='word_1_161' title='bbox 1350 1676 1595 1754; x_wconf 90' lang='lat' dir='ltr'>archiepiscopi</span> <span class='ocrx_word' id='word_1_162' title='bbox 1612 1679 1780 1755; x_wconf 84' lang='lat' dir='ltr'>spoliavit,</span> <span class='ocrx_word' id='word_1_163' title='bbox 1803 1685 1841 1744; x_wconf 89' lang='lat' dir='ltr'>et</span> <span class='ocrx_word' id='word_1_164' title='bbox 1859 1686 1917 1745; x_wconf 88' lang='lat' dir='ltr'>tam</span> 
     </span>
     <span class='ocr_line' id='line_1_15' title="bbox 276 1770 1917 1863; baseline 0.004 -28"><span class='ocrx_word' id='word_1_165' title='bbox 276 1790 374 1852; x_wconf 86' lang='lat' dir='ltr'>quem</span> <span class='ocrx_word' id='word_1_166' title='bbox 399 1773 487 1834; x_wconf 91' lang='lat' dir='ltr'>idem</span> <span class='ocrx_word' id='word_1_167' title='bbox 500 1773 770 1863; x_wconf 82' lang='lat' dir='ltr'>archiepiscopus</span> <span class='ocrx_word' id='word_1_168' title='bbox 789 1773 989 1851; x_wconf 88' lang='lat' dir='ltr'>possidebat,</span> <span class='ocrx_word' id='word_1_169' title='bbox 1005 1788 1072 1834; x_wconf 90' lang='lat' dir='ltr'>non</span> <span class='ocrx_word' id='word_1_170' title='bbox 1127 1770 1252 1849; x_wconf 88' lang='lat' dir='ltr'>abipso</span> <span class='ocrx_word' id='word_1_171' title='bbox 1268 1772 1462 1836; x_wconf 78' lang='lat' dir='ltr'>vIcecomite</span> <span class='ocrx_word' id='word_1_172' title='bbox 1476 1790 1577 1852; x_wconf 82' lang='lat' dir='ltr'>quam</span> <span class='ocrx_word' id='word_1_173' title='bbox 1599 1777 1721 1839; x_wconf 89' lang='lat' dir='ltr'>etaliis</span> <span class='ocrx_word' id='word_1_174' title='bbox 1734 1778 1917 1842; x_wconf 89' lang='lat' dir='ltr'>hominibus</span> 
     </span>
    </p>
   </div>
   <div class='ocr_carea' id='block_1_4' title="bbox 266 1870 1084 5376">
    <p class='ocr_par' dir='ltr' id='par_1_4' title="bbox 272 1870 1074 2441">
     <span class='ocr_line' id='line_1_16' title="bbox 276 1870 1074 1949; baseline 0 -17"><span class='ocrx_word' id='word_1_175' title='bbox 276 1871 384 1933; x_wconf 86' lang='lat' dir='ltr'>solum</span> <span class='ocrx_word' id='word_1_176' title='bbox 399 1870 508 1944; x_wconf 90' lang='lat' dir='ltr'>ei,sed</span> <span class='ocrx_word' id='word_1_177' title='bbox 520 1872 553 1933; x_wconf 92' lang='lat' dir='ltr'>et</span> <span class='ocrx_word' id='word_1_178' title='bbox 562 1871 640 1933; x_wconf 86' lang='lat' dir='ltr'>Sedi</span> <span class='ocrx_word' id='word_1_179' title='bbox 653 1872 852 1949; x_wconf 70' lang='lat' dir='ltr'>apostolicae</span> <span class='ocrx_word' id='word_1_180' title='bbox 866 1872 901 1932; x_wconf 94' lang='lat' dir='ltr'>in</span> <span class='ocrx_word' id='word_1_181' title='bbox 917 1871 980 1933; x_wconf 91' lang='lat' dir='ltr'>hoc</span> <span class='ocrx_word' id='word_1_182' title='bbox 994 1886 1074 1947; x_wconf 76' lang='lat' dir='ltr'>gra-</span> 
     </span>
     <span class='ocr_line' id='line_1_17' title="bbox 274 1969 1071 2048; baseline 0 -17"><span class='ocrx_word' id='word_1_183' title='bbox 274 1984 350 2031; x_wconf 89' lang='lat' dir='ltr'>vem</span> <span class='ocrx_word' id='word_1_184' title='bbox 362 1969 520 2047; x_wconf 87' lang='lat' dir='ltr'>injuriam</span> <span class='ocrx_word' id='word_1_185' title='bbox 534 1969 725 2045; x_wconf 80' lang='lat' dir='ltr'>irrogando.</span> <span class='ocrx_word' id='word_1_186' title='bbox 746 1970 886 2047; x_wconf 89' lang='lat' dir='ltr'>Propter</span> <span class='ocrx_word' id='word_1_187' title='bbox 901 1970 986 2048; x_wconf 89' lang='lat' dir='ltr'>quod</span> <span class='ocrx_word' id='word_1_188' title='bbox 1002 1985 1071 2032; x_wconf 89' lang='lat' dir='ltr'>sae-</span> 
     </span>
     <span class='ocr_line' id='line_1_18' title="bbox 275 2065 1071 2145; baseline 0 -17"><span class='ocrx_word' id='word_1_189' title='bbox 275 2065 1071 2145; x_wconf 82' lang='lat' dir='ltr'>pedictusarchiepiscopusineumexcommuni-</span> 
     </span>
     <span class='ocr_line' id='line_1_19' title="bbox 274 2164 1071 2243; baseline 0 -16"><span class='ocrx_word' id='word_1_190' title='bbox 274 2164 416 2228; x_wconf 88' lang='lat' dir='ltr'>cationis</span> <span class='ocrx_word' id='word_1_191' title='bbox 431 2164 629 2227; x_wconf 89' lang='lat' dir='ltr'>sententiam</span> <span class='ocrx_word' id='word_1_192' title='bbox 652 2165 885 2243; x_wconf 82' lang='lat' dir='ltr'>promulgavit,</span> <span class='ocrx_word' id='word_1_193' title='bbox 911 2167 944 2227; x_wconf 90' lang='lat' dir='ltr'>et</span> <span class='ocrx_word' id='word_1_194' title='bbox 957 2166 1071 2228; x_wconf 91' lang='lat' dir='ltr'>villam</span> 
     </span>
     <span class='ocr_line' id='line_1_20' title="bbox 272 2263 1071 2342; baseline -0.001 -17"><span class='ocrx_word' id='word_1_195' title='bbox 272 2264 378 2325; x_wconf 87' lang='lat' dir='ltr'>totam</span> <span class='ocrx_word' id='word_1_196' title='bbox 409 2263 594 2340; x_wconf 91' lang='lat' dir='ltr'>supposuit,</span> <span class='ocrx_word' id='word_1_197' title='bbox 624 2264 782 2341; x_wconf 88' lang='lat' dir='ltr'>quamdiu</span> <span class='ocrx_word' id='word_1_198' title='bbox 815 2264 887 2342; x_wconf 91' lang='lat' dir='ltr'>ipse</span> <span class='ocrx_word' id='word_1_199' title='bbox 922 2279 1071 2342; x_wconf 86' lang='lat' dir='ltr'>praesens</span> 
     </span>
     <span class='ocr_line' id='line_1_21' title="bbox 274 2360 880 2441; baseline 0.003 -20"><span class='ocrx_word' id='word_1_200' title='bbox 274 2361 373 2433; x_wconf 92' lang='lat' dir='ltr'>esset,</span> <span class='ocrx_word' id='word_1_201' title='bbox 388 2360 614 2422; x_wconf 89' lang='lat' dir='ltr'>ecclesiastico</span> <span class='ocrx_word' id='word_1_202' title='bbox 629 2360 805 2423; x_wconf 90' lang='lat' dir='ltr'>interdicto</span> <span class='ocrx_word' id='word_1_203' title='bbox 819 2360 880 2441; x_wconf 85' lang='grc' dir='ltr'>(α).</span> 
     </span>
    </p>

    <p class='ocr_par' dir='ltr' id='par_1_5' title="bbox 266 2457 1084 5062">
     <span class='ocr_line' id='line_1_22' title="bbox 315 2457 1070 2531; baseline 0.004 -11"><span class='ocrx_word' id='word_1_204' title='bbox 315 2457 405 2520; x_wconf 91' lang='lat' dir='ltr'>Idem</span> <span class='ocrx_word' id='word_1_205' title='bbox 424 2457 535 2519; x_wconf 89' lang='lat' dir='ltr'>autem</span> <span class='ocrx_word' id='word_1_206' title='bbox 550 2473 671 2531; x_wconf 92' lang='lat' dir='ltr'>comes,</span> <span class='ocrx_word' id='word_1_207' title='bbox 687 2459 755 2520; x_wconf 88' lang='lat' dir='ltr'>lata</span> <span class='ocrx_word' id='word_1_208' title='bbox 768 2459 803 2519; x_wconf 89' lang='lat' dir='ltr'>in</span> <span class='ocrx_word' id='word_1_209' title='bbox 818 2475 893 2520; x_wconf 91' lang='lat' dir='ltr'>eum</span> <span class='ocrx_word' id='word_1_210' title='bbox 906 2460 1070 2523; x_wconf 89' lang='lat' dir='ltr'>sententia</span> 
     </span>
     <span class='ocr_line' id='line_1_23' title="bbox 273 2555 1072 2635; baseline 0.004 -16"><span class='ocrx_word' id='word_1_211' title='bbox 273 2556 440 2634; x_wconf 87' lang='lat' dir='ltr'>vilipensa</span> <span class='ocrx_word' id='word_1_212' title='bbox 454 2555 630 2618; x_wconf 91' lang='lat' dir='ltr'>occasione</span> <span class='ocrx_word' id='word_1_213' title='bbox 643 2556 680 2619; x_wconf 88' lang='lat' dir='ltr'>ut</span> <span class='ocrx_word' id='word_1_214' title='bbox 693 2556 868 2620; x_wconf 89' lang='lat' dir='ltr'>videbatur</span> <span class='ocrx_word' id='word_1_215' title='bbox 880 2558 1072 2635; x_wconf 88' lang='lat' dir='ltr'>appellatio·</span> 
     </span>
     <span class='ocr_line' id='line_1_24' title="bbox 273 2651 1071 2732; baseline 0.004 -16"><span class='ocrx_word' id='word_1_216' title='bbox 273 2654 338 2728; x_wconf 89' lang='lat' dir='ltr'>nis,</span> <span class='ocrx_word' id='word_1_217' title='bbox 369 2669 467 2732; x_wconf 88' lang='lat' dir='ltr'>quam</span> <span class='ocrx_word' id='word_1_218' title='bbox 494 2651 565 2730; x_wconf 91' lang='lat' dir='ltr'>ipse</span> <span class='ocrx_word' id='word_1_219' title='bbox 588 2653 629 2714; x_wconf 91' lang='lat' dir='ltr'>ad</span> <span class='ocrx_word' id='word_1_220' title='bbox 657 2653 773 2716; x_wconf 80' lang='lat' dir='ltr'>sedem</span> <span class='ocrx_word' id='word_1_221' title='bbox 788 2656 1011 2732; x_wconf 73' lang='lat' dir='ltr'>apostolicam</span> <span class='ocrx_word' id='word_1_222' title='bbox 1035 2673 1071 2719; x_wconf 91' lang='lat' dir='ltr'>se</span> 
     </span>
     <span class='ocr_line' id='line_1_25' title="bbox 273 2750 1070 2830; baseline 0.004 -16"><span class='ocrx_word' id='word_1_223' title='bbox 273 2750 513 2830; x_wconf 89' lang='lat' dir='ltr'>interposuisse</span> <span class='ocrx_word' id='word_1_224' title='bbox 553 2751 697 2824; x_wconf 90' lang='lat' dir='ltr'>dicebat,</span> <span class='ocrx_word' id='word_1_225' title='bbox 744 2751 822 2815; x_wconf 89' lang='lat' dir='ltr'>licet</span> <span class='ocrx_word' id='word_1_226' title='bbox 859 2753 1070 2817; x_wconf 80' lang='lat' dir='ltr'>hustratoria</span> 
     </span>
     <span class='ocr_line' id='line_1_26' title="bbox 274 2849 1069 2931; baseline 0.005 -19"><span class='ocrx_word' id='word_1_227' title='bbox 274 2850 478 2920; x_wconf 90' lang='lat' dir='ltr'>crederetur,</span> <span class='ocrx_word' id='word_1_228' title='bbox 511 2849 546 2911; x_wconf 89' lang='lat' dir='ltr'>ut</span> <span class='ocrx_word' id='word_1_229' title='bbox 572 2850 667 2927; x_wconf 84' lang='lat' dir='ltr'>quasi</span> <span class='ocrx_word' id='word_1_230' title='bbox 689 2849 824 2928; x_wconf 92' lang='lat' dir='ltr'>impune</span> <span class='ocrx_word' id='word_1_231' title='bbox 850 2851 1069 2931; x_wconf 84' lang='lat' dir='ltr'>delinqueret,</span> 
     </span>
     <span class='ocr_line' id='line_1_27' title="bbox 273 2947 1071 3027; baseline 0.004 -17"><span class='ocrx_word' id='word_1_232' title='bbox 273 2964 349 3010; x_wconf 91' lang='lat' dir='ltr'>cum</span> <span class='ocrx_word' id='word_1_233' title='bbox 364 2947 542 3026; x_wconf 89' lang='lat' dir='ltr'>appellatio</span> <span class='ocrx_word' id='word_1_234' title='bbox 557 2947 666 3024; x_wconf 90' lang='lat' dir='ltr'>potius</span> <span class='ocrx_word' id='word_1_235' title='bbox 683 2948 727 3010; x_wconf 87' lang='lat' dir='ltr'>sit</span> <span class='ocrx_word' id='word_1_236' title='bbox 744 2951 893 3025; x_wconf 89' lang='lat' dir='ltr'>oppressi</span> <span class='ocrx_word' id='word_1_237' title='bbox 905 2950 1071 3027; x_wconf 79' lang='lat' dir='ltr'>retugium</span> 
     </span>
     <span class='ocr_line' id='line_1_28' title="bbox 273 3044 1070 3125; baseline 0.005 -18"><span class='ocrx_word' id='word_1_238' title='bbox 273 3062 372 3125; x_wconf 86' lang='lat' dir='ltr'>quam</span> <span class='ocrx_word' id='word_1_239' title='bbox 386 3045 548 3124; x_wconf 90' lang='lat' dir='ltr'>protectio</span> <span class='ocrx_word' id='word_1_240' title='bbox 563 3044 804 3122; x_wconf 80' lang='lat' dir='ltr'>delinquentis3</span> <span class='ocrx_word' id='word_1_241' title='bbox 826 3063 893 3109; x_wconf 90' lang='lat' dir='ltr'>non</span> <span class='ocrx_word' id='word_1_242' title='bbox 913 3047 1020 3110; x_wconf 92' lang='lat' dir='ltr'>solum</span> <span class='ocrx_word' id='word_1_243' title='bbox 1034 3050 1070 3111; x_wconf 91' lang='lat' dir='ltr'>in</span> 
     </span>
     <span class='ocr_line' id='line_1_29' title="bbox 272 3142 1066 3221; baseline 0.005 -16"><span class='ocrx_word' id='word_1_244' title='bbox 272 3144 415 3206; x_wconf 88' lang='lat' dir='ltr'>eeclesia</span> <span class='ocrx_word' id='word_1_245' title='bbox 435 3142 611 3205; x_wconf 89' lang='lat' dir='ltr'>interdicta</span> <span class='ocrx_word' id='word_1_246' title='bbox 629 3143 744 3205; x_wconf 85' lang='lat' dir='ltr'>divina</span> <span class='ocrx_word' id='word_1_247' title='bbox 765 3143 829 3205; x_wconf 89' lang='lat' dir='ltr'>sibi</span> <span class='ocrx_word' id='word_1_248' title='bbox 848 3144 927 3207; x_wconf 86' lang='lat' dir='ltr'>fecit</span> <span class='ocrx_word' id='word_1_249' title='bbox 948 3147 1066 3221; x_wconf 85' lang='lat' dir='ltr'>officia,</span> 
     </span>
     <span class='ocr_line' id='line_1_30' title="bbox 272 3239 1069 3320; baseline 0.011 -20"><span class='ocrx_word' id='word_1_250' title='bbox 272 3240 360 3302; x_wconf 90' lang='lat' dir='ltr'>dioto</span> <span class='ocrx_word' id='word_1_251' title='bbox 384 3239 632 3302; x_wconf 89' lang='lat' dir='ltr'>contradicente</span> <span class='ocrx_word' id='word_1_252' title='bbox 656 3240 917 3320; x_wconf 91' lang='lat' dir='ltr'>archiepiscopo,</span> <span class='ocrx_word' id='word_1_253' title='bbox 944 3244 1069 3309; x_wconf 92' lang='lat' dir='ltr'>temere</span> 
     </span>
     <span class='ocr_line' id='line_1_31' title="bbox 272 3336 1069 3420; baseline 0.009 -21"><span class='ocrx_word' id='word_1_254' title='bbox 272 3336 446 3406; x_wconf 86' lang='lat' dir='ltr'>celebrari,</span> <span class='ocrx_word' id='word_1_255' title='bbox 466 3338 601 3415; x_wconf 91' lang='lat' dir='ltr'>propter</span> <span class='ocrx_word' id='word_1_256' title='bbox 626 3337 712 3414; x_wconf 88' lang='lat' dir='ltr'>quod</span> <span class='ocrx_word' id='word_1_257' title='bbox 732 3338 820 3400; x_wconf 90' lang='lat' dir='ltr'>idem</span> <span class='ocrx_word' id='word_1_258' title='bbox 838 3339 1069 3420; x_wconf 89' lang='lat' dir='ltr'>archiepisco-</span> 
     </span>
     <span class='ocr_line' id='line_1_32' title="bbox 272 3434 1071 3516; baseline 0.011 -21"><span class='ocrx_word' id='word_1_259' title='bbox 272 3451 335 3512; x_wconf 92' lang='lat' dir='ltr'>pus</span> <span class='ocrx_word' id='word_1_260' title='bbox 356 3434 478 3497; x_wconf 91' lang='lat' dir='ltr'>iterum</span> <span class='ocrx_word' id='word_1_261' title='bbox 501 3437 802 3500; x_wconf 81' lang='lat' dir='ltr'>excommunicavit</span> <span class='ocrx_word' id='word_1_262' title='bbox 823 3438 989 3516; x_wconf 90' lang='lat' dir='ltr'>eumdem;</span> <span class='ocrx_word' id='word_1_263' title='bbox 1011 3458 1071 3504; x_wconf 92' lang='lat' dir='ltr'>ve-</span> 
     </span>
     <span class='ocr_line' id='line_1_33' title="bbox 271 3533 1067 3613; baseline 0.009 -19"><span class='ocrx_word' id='word_1_264' title='bbox 271 3549 346 3594; x_wconf 90' lang='lat' dir='ltr'>rum</span> <span class='ocrx_word' id='word_1_265' title='bbox 369 3534 480 3606; x_wconf 77' lang='lat' dir='ltr'>eham,</span> <span class='ocrx_word' id='word_1_266' title='bbox 511 3533 622 3596; x_wconf 89' lang='lat' dir='ltr'>claves</span> <span class='ocrx_word' id='word_1_267' title='bbox 657 3536 873 3598; x_wconf 90' lang='lat' dir='ltr'>contemnens</span> <span class='ocrx_word' id='word_1_268' title='bbox 904 3539 1067 3613; x_wconf 89' lang='lat' dir='ltr'>ecclesiae,</span> 
     </span>
     <span class='ocr_line' id='line_1_34' title="bbox 271 3630 1070 3714; baseline 0.009 -23"><span class='ocrx_word' id='word_1_269' title='bbox 271 3630 498 3692; x_wconf 89' lang='lat' dir='ltr'>communioni</span> <span class='ocrx_word' id='word_1_270' title='bbox 512 3631 660 3692; x_wconf 86' lang='lat' dir='ltr'>fidelium</span> <span class='ocrx_word' id='word_1_271' title='bbox 670 3631 706 3693; x_wconf 91' lang='lat' dir='ltr'>in</span> <span class='ocrx_word' id='word_1_272' title='bbox 717 3649 788 3695; x_wconf 83' lang='lat' dir='ltr'>suae</span> <span class='ocrx_word' id='word_1_273' title='bbox 802 3634 919 3697; x_wconf 88' lang='lat' dir='ltr'>salutis</span> <span class='ocrx_word' id='word_1_274' title='bbox 934 3636 1070 3714; x_wconf 87' lang='lat' dir='ltr'>dispen-</span> 
     </span>
     <span class='ocr_line' id='line_1_35' title="bbox 270 3728 1070 3807; baseline 0.006 -16"><span class='ocrx_word' id='word_1_275' title='bbox 270 3728 362 3791; x_wconf 90' lang='lat' dir='ltr'>dium</span> <span class='ocrx_word' id='word_1_276' title='bbox 376 3729 410 3790; x_wconf 91' lang='lat' dir='ltr'>et</span> <span class='ocrx_word' id='word_1_277' title='bbox 418 3728 639 3807; x_wconf 89' lang='lat' dir='ltr'>plurimorum</span> <span class='ocrx_word' id='word_1_278' title='bbox 654 3730 848 3792; x_wconf 86' lang='lat' dir='ltr'>scandalum</span> <span class='ocrx_word' id='word_1_279' title='bbox 862 3749 898 3795; x_wconf 89' lang='lat' dir='ltr'>se</span> <span class='ocrx_word' id='word_1_280' title='bbox 913 3735 1070 3796; x_wconf 88' lang='lat' dir='ltr'>commis-</span> 
     </span>
     <span class='ocr_line' id='line_1_36' title="bbox 270 3826 1070 3909; baseline 0.006 -20"><span class='ocrx_word' id='word_1_281' title='bbox 270 3826 332 3901; x_wconf 92' lang='lat' dir='ltr'>cet,</span> <span class='ocrx_word' id='word_1_282' title='bbox 349 3842 412 3889; x_wconf 89' lang='lat' dir='ltr'>nec</span> <span class='ocrx_word' id='word_1_283' title='bbox 433 3826 543 3889; x_wconf 89' lang='lat' dir='ltr'>cessat</span> <span class='ocrx_word' id='word_1_284' title='bbox 563 3826 688 3889; x_wconf 89' lang='lat' dir='ltr'>dictum</span> <span class='ocrx_word' id='word_1_285' title='bbox 706 3829 993 3909; x_wconf 87' lang='lat' dir='ltr'>archiepiscopum</span> <span class='ocrx_word' id='word_1_286' title='bbox 1010 3849 1070 3894; x_wconf 91' lang='lat' dir='ltr'>su-</span> 
     </span>
     <span class='ocr_line' id='line_1_37' title="bbox 268 3924 1067 4004; baseline 0.009 -18"><span class='ocrx_word' id='word_1_287' title='bbox 268 3942 329 4004; x_wconf 91' lang='lat' dir='ltr'>per</span> <span class='ocrx_word' id='word_1_288' title='bbox 353 3924 511 4004; x_wconf 91' lang='lat' dir='ltr'>praedicto</span> <span class='ocrx_word' id='word_1_289' title='bbox 544 3924 666 3987; x_wconf 90' lang='lat' dir='ltr'>ducatu</span> <span class='ocrx_word' id='word_1_290' title='bbox 697 3928 844 4002; x_wconf 79' lang='lat' dir='ltr'>graviter</span> <span class='ocrx_word' id='word_1_291' title='bbox 878 3929 1067 3993; x_wconf 74' lang='lat' dir='ltr'>molestare.</span> 
     </span>
     <span class='ocr_line' id='line_1_38' title="bbox 269 4022 1084 4100; baseline 0.012 -17"><span class='ocrx_word' id='word_1_292' title='bbox 269 4022 427 4097; x_wconf 85' lang='lat' dir='ltr'>Quaedam</span> <span class='ocrx_word' id='word_1_293' title='bbox 446 4023 548 4085; x_wconf 87' lang='lat' dir='ltr'>etiam</span> <span class='ocrx_word' id='word_1_294' title='bbox 580 4026 690 4085; x_wconf 91' lang='lat' dir='ltr'>castra</span> <span class='ocrx_word' id='word_1_295' title='bbox 720 4024 882 4100; x_wconf 88' lang='lat' dir='ltr'>ecclesiae,</span> <span class='ocrx_word' id='word_1_296' title='bbox 913 4028 1084 4093; x_wconf 87' lang='lat' dir='ltr'>videlicet-</span> 
     </span>
     <span class='ocr_line' id='line_1_39' title="bbox 268 4119 1068 4198; baseline 0.01 -17"><span class='ocrx_word' id='word_1_297' title='bbox 268 4124 415 4198; x_wconf 75' lang='lat' dir='ltr'>Arpeos,</span> <span class='ocrx_word' id='word_1_298' title='bbox 431 4119 544 4181; x_wconf 87' lang='lat' dir='ltr'>Sancti</span> <span class='ocrx_word' id='word_1_299' title='bbox 554 4120 753 4194; x_wconf 89' lang='lat' dir='ltr'>Marcellini,</span> <span class='ocrx_word' id='word_1_300' title='bbox 770 4123 972 4198; x_wconf 87' lang='lat' dir='ltr'>Quillanum,</span> <span class='ocrx_word' id='word_1_301' title='bbox 985 4128 1068 4189; x_wconf 85' lang='lat' dir='ltr'>Fon-</span> 
     </span>
     <span class='ocr_line' id='line_1_40' title="bbox 268 4216 1069 4301; baseline 0.01 -21"><span class='ocrx_word' id='word_1_302' title='bbox 268 4218 401 4290; x_wconf 86' lang='lat' dir='ltr'>testum,</span> <span class='ocrx_word' id='word_1_303' title='bbox 417 4216 450 4277; x_wconf 91' lang='lat' dir='ltr'>et</span> <span class='ocrx_word' id='word_1_304' title='bbox 464 4216 675 4279; x_wconf 89' lang='lat' dir='ltr'>medietatem</span> <span class='ocrx_word' id='word_1_305' title='bbox 687 4220 728 4280; x_wconf 83' lang='lat' dir='ltr'>dc</span> <span class='ocrx_word' id='word_1_306' title='bbox 748 4221 927 4296; x_wconf 79' lang='lat' dir='ltr'>Ventencc,</span> <span class='ocrx_word' id='word_1_307' title='bbox 944 4224 978 4287; x_wconf 91' lang='lat' dir='ltr'>et</span> <span class='ocrx_word' id='word_1_308' title='bbox 988 4240 1069 4301; x_wconf 91' lang='lat' dir='ltr'>pro-</span> 
     </span>
     <span class='ocr_line' id='line_1_41' title="bbox 268 4314 1064 4398; baseline 0.01 -21"><span class='ocrx_word' id='word_1_309' title='bbox 268 4315 387 4377; x_wconf 86' lang='lat' dir='ltr'>ventus</span> <span class='ocrx_word' id='word_1_310' title='bbox 399 4314 587 4376; x_wconf 89' lang='lat' dir='ltr'>castrorum</span> <span class='ocrx_word' id='word_1_311' title='bbox 613 4330 749 4393; x_wconf 85' lang='lat' dir='ltr'>suorum</span> <span class='ocrx_word' id='word_1_312' title='bbox 763 4318 900 4381; x_wconf 84' lang='lat' dir='ltr'>Auriaci</span> <span class='ocrx_word' id='word_1_313' title='bbox 914 4320 947 4383; x_wconf 91' lang='lat' dir='ltr'>et</span> <span class='ocrx_word' id='word_1_314' title='bbox 959 4325 1064 4398; x_wconf 69' lang='lat' dir='ltr'>ans,</span> 
     </span>
     <span class='ocr_line' id='line_1_42' title="bbox 269 4410 1065 4498; baseline 0.013 -27"><span class='ocrx_word' id='word_1_315' title='bbox 269 4410 391 4490; x_wconf 83' lang='lat' dir='ltr'>quibus</span> <span class='ocrx_word' id='word_1_316' title='bbox 420 4410 489 4473; x_wconf 88' lang='lat' dir='ltr'>tam</span> <span class='ocrx_word' id='word_1_317' title='bbox 504 4410 783 4489; x_wconf 88' lang='lat' dir='ltr'>praedecessorem</span> <span class='ocrx_word' id='word_1_318' title='bbox 807 4418 879 4494; x_wconf 90' lang='lat' dir='ltr'>ejus</span> <span class='ocrx_word' id='word_1_319' title='bbox 891 4434 990 4494; x_wconf 86' lang='lat' dir='ltr'>quam</span> <span class='ocrx_word' id='word_1_320' title='bbox 1006 4419 1065 4498; x_wconf 91' lang='lat' dir='ltr'>ip-</span> 
     </span>
     <span class='ocr_line' id='line_1_43' title="bbox 268 4508 1065 4591; baseline 0.009 -19"><span class='ocrx_word' id='word_1_321' title='bbox 268 4525 342 4572; x_wconf 87' lang='lat' dir='ltr'>sum</span> <span class='ocrx_word' id='word_1_322' title='bbox 355 4508 502 4572; x_wconf 87' lang='lat' dir='ltr'>indebite</span> <span class='ocrx_word' id='word_1_323' title='bbox 517 4510 683 4588; x_wconf 86' lang='lat' dir='ltr'>spoliavit,</span> <span class='ocrx_word' id='word_1_324' title='bbox 699 4513 815 4574; x_wconf 86' lang='lat' dir='ltr'>contra</span> <span class='ocrx_word' id='word_1_325' title='bbox 827 4516 992 4591; x_wconf 89' lang='lat' dir='ltr'>justitiam</span> <span class='ocrx_word' id='word_1_326' title='bbox 1002 4517 1065 4579; x_wconf 92' lang='lat' dir='ltr'>de-</span> 
     </span>
     <span class='ocr_line' id='line_1_44' title="bbox 266 4607 1066 4690; baseline 0.006 -17"><span class='ocrx_word' id='word_1_327' title='bbox 266 4608 351 4673; x_wconf 84' lang='lat' dir='ltr'>tinet</span> <span class='ocrx_word' id='word_1_328' title='bbox 365 4609 399 4670; x_wconf 91' lang='lat' dir='ltr'>et</span> <span class='ocrx_word' id='word_1_329' title='bbox 406 4607 548 4670; x_wconf 90' lang='lat' dir='ltr'>reddere</span> <span class='ocrx_word' id='word_1_330' title='bbox 558 4609 772 4687; x_wconf 81' lang='lat' dir='ltr'>contradicit3</span> <span class='ocrx_word' id='word_1_331' title='bbox 786 4627 887 4690; x_wconf 90' lang='lat' dir='ltr'>super</span> <span class='ocrx_word' id='word_1_332' title='bbox 896 4613 1066 4678; x_wconf 89' lang='lat' dir='ltr'>territorio</span> 
     </span>
     <span class='ocr_line' id='line_1_45' title="bbox 266 4704 1067 4790; baseline 0.009 -21"><span class='ocrx_word' id='word_1_333' title='bbox 266 4704 701 4770; x_wconf 88' lang='lat' dir='ltr'>etiamcastriVillaerubeae</span> <span class='ocrx_word' id='word_1_334' title='bbox 711 4709 1067 4790; x_wconf 88' lang='lat' dir='ltr'>tampersequamper</span> 
     </span>
     <span class='ocr_line' id='line_1_46' title="bbox 267 4804 1064 4886; baseline 0.006 -18"><span class='ocrx_word' id='word_1_335' title='bbox 267 4805 412 4868; x_wconf 90' lang='lat' dir='ltr'>nobilem</span> <span class='ocrx_word' id='word_1_336' title='bbox 435 4804 545 4868; x_wconf 90' lang='lat' dir='ltr'>virum</span> <span class='ocrx_word' id='word_1_337' title='bbox 569 4804 788 4868; x_wconf 86' lang='lat' dir='ltr'>castellanum</span> <span class='ocrx_word' id='word_1_338' title='bbox 817 4807 857 4869; x_wconf 94' lang='lat' dir='ltr'>de</span> <span class='ocrx_word' id='word_1_339' title='bbox 887 4811 1064 4886; x_wconf 88' lang='lat' dir='ltr'>Terminis,</span> 
     </span>
     <span class='ocr_line' id='line_1_47' title="bbox 266 4902 1067 4981; baseline 0.007 -16"><span class='ocrx_word' id='word_1_340' title='bbox 266 4903 449 4965; x_wconf 88' lang='lat' dir='ltr'>vassallum</span> <span class='ocrx_word' id='word_1_341' title='bbox 459 4918 567 4976; x_wconf 90' lang='lat' dir='ltr'>suum,</span> <span class='ocrx_word' id='word_1_342' title='bbox 581 4902 885 4981; x_wconf 84' lang='lat' dir='ltr'>injuriosus&#39;eidem</span> <span class='ocrx_word' id='word_1_343' title='bbox 897 4908 931 4971; x_wconf 90' lang='lat' dir='ltr'>et</span> <span class='ocrx_word' id='word_1_344' title='bbox 942 4909 1067 4974; x_wconf 90' lang='lat' dir='ltr'>moles-</span> 
     </span>
     <span class='ocr_line' id='line_1_48' title="bbox 267 5000 495 5062; baseline -0.004 -1"><span class='ocrx_word' id='word_1_345' title='bbox 267 5000 320 5061; x_wconf 88' lang='lat' dir='ltr'>tus</span> <span class='ocrx_word' id='word_1_346' title='bbox 334 5000 495 5062; x_wconf 79' lang='lat' dir='ltr'>existens.</span> 
     </span>
    </p>

    <p class='ocr_par' dir='ltr' id='par_1_6' title="bbox 266 5096 1063 5376">
     <span class='ocr_line' id='line_1_49' title="bbox 307 5096 1063 5182; baseline 0.011 -23"><span class='ocrx_word' id='word_1_347' title='bbox 307 5099 486 5170; x_wconf 89' lang='lat' dir='ltr'>Praeterea,</span> <span class='ocrx_word' id='word_1_348' title='bbox 503 5113 577 5160; x_wconf 90' lang='lat' dir='ltr'>cum</span> <span class='ocrx_word' id='word_1_349' title='bbox 600 5096 688 5160; x_wconf 90' lang='lat' dir='ltr'>idem</span> <span class='ocrx_word' id='word_1_350' title='bbox 704 5116 813 5163; x_wconf 91' lang='lat' dir='ltr'>comes</span> <span class='ocrx_word' id='word_1_351' title='bbox 833 5102 877 5165; x_wconf 91' lang='lat' dir='ltr'>sit</span> <span class='ocrx_word' id='word_1_352' title='bbox 895 5106 967 5182; x_wconf 76' lang='lat' dir='ltr'>eius</span> <span class='ocrx_word' id='word_1_353' title='bbox 982 5120 1063 5169; x_wconf 90' lang='lat' dir='ltr'>vas-</span> 
     </span>
     <span class='ocr_line' id='line_1_50' title="bbox 266 5193 1061 5279; baseline 0.011 -23"><span class='ocrx_word' id='word_1_354' title='bbox 266 5196 382 5269; x_wconf 91' lang='lat' dir='ltr'>sallus,</span> <span class='ocrx_word' id='word_1_355' title='bbox 400 5195 433 5257; x_wconf 92' lang='lat' dir='ltr'>et</span> <span class='ocrx_word' id='word_1_356' title='bbox 444 5193 564 5257; x_wconf 85' lang='lat' dir='ltr'>debeat</span> <span class='ocrx_word' id='word_1_357' title='bbox 584 5195 616 5258; x_wconf 92' lang='lat' dir='ltr'>ei</span> <span class='ocrx_word' id='word_1_358' title='bbox 638 5212 712 5259; x_wconf 89' lang='lat' dir='ltr'>esse</span> <span class='ocrx_word' id='word_1_359' title='bbox 734 5214 801 5260; x_wconf 91' lang='lat' dir='ltr'>non</span> <span class='ocrx_word' id='word_1_360' title='bbox 822 5200 929 5262; x_wconf 91' lang='lat' dir='ltr'>solum</span> <span class='ocrx_word' id='word_1_361' title='bbox 943 5202 1061 5279; x_wconf 90' lang='lat' dir='ltr'>tidelis,</span> 
     </span>
     <span class='ocr_line' id='line_1_51' title="bbox 266 5293 1062 5376; baseline 0.011 -21"><span class='ocrx_word' id='word_1_362' title='bbox 266 5294 440 5356; x_wconf 90' lang='lat' dir='ltr'>sedetiam</span> <span class='ocrx_word' id='word_1_363' title='bbox 456 5293 596 5357; x_wconf 91' lang='lat' dir='ltr'>devotus</span> <span class='ocrx_word' id='word_1_364' title='bbox 617 5295 753 5374; x_wconf 88' lang='lat' dir='ltr'>propter</span> <span class='ocrx_word' id='word_1_365' title='bbox 767 5297 917 5376; x_wconf 85' lang='lat' dir='ltr'>impensa</span> <span class='ocrx_word' id='word_1_366' title='bbox 932 5298 1062 5365; x_wconf 88' lang='lat' dir='ltr'>beneti-</span> 
     </span>
    </p>
   </div>
   <div class='ocr_carea' id='block_1_5' title="bbox 302 5506 487 5637">
    <p class='ocr_par' dir='ltr' id='par_1_7' title="bbox 302 5506 487 5637">
     <span class='ocr_line' id='line_1_52' title="bbox 302 5506 441 5563; baseline 0 0"><span class='ocrx_word' id='word_1_367' title='bbox 302 5507 313 5530; x_wconf 76' lang='lat'><strong>*</strong></span> <span class='ocrx_word' id='word_1_368' title='bbox 333 5506 441 5563; x_wconf 85' lang='lat' dir='ltr'>Simon.</span> 
     </span>
     <span class='ocr_line' id='line_1_53' title="bbox 302 5576 487 5637; baseline 0.022 -5"><span class='ocrx_word' id='word_1_369' title='bbox 302 5576 312 5597; x_wconf 80' lang='lat'><strong>¹</strong></span> <span class='ocrx_word' id='word_1_370' title='bbox 332 5577 487 5637; x_wconf 82' lang='lat' dir='ltr'>Alrnerieo.</span> 
     </span>
    </p>
   </div>
   <div class='ocr_carea' id='block_1_6' title="bbox 1118 1868 1953 5368">
    <p class='ocr_par' dir='ltr' id='par_1_8' title="bbox 1123 1868 1921 3689">
     <span class='ocr_line' id='line_1_54' title="bbox 1126 1868 1918 1957; baseline 0.011 -25"><span class='ocrx_word' id='word_1_371' title='bbox 1126 1868 1304 1943; x_wconf 86' lang='lat' dir='ltr'>Narbonae,</span> <span class='ocrx_word' id='word_1_372' title='bbox 1330 1872 1388 1948; x_wconf 89' lang='lat' dir='ltr'>qui</span> <span class='ocrx_word' id='word_1_373' title='bbox 1415 1872 1504 1950; x_wconf 89' lang='lat' dir='ltr'>apud</span> <span class='ocrx_word' id='word_1_374' title='bbox 1533 1875 1775 1938; x_wconf 82' lang='lat' dir='ltr'>carcassonam</span> <span class='ocrx_word' id='word_1_375' title='bbox 1793 1877 1918 1957; x_wconf 80' lang='lat' dir='ltr'>obsides</span> 
     </span>
     <span class='ocr_line' id='line_1_55' title="bbox 1125 1966 1919 2053; baseline 0.01 -23"><span class='ocrx_word' id='word_1_376' title='bbox 1125 1966 1333 2042; x_wconf 86' lang='lat' dir='ltr'>tenebantur,</span> <span class='ocrx_word' id='word_1_377' title='bbox 1337 1968 1528 2046; x_wconf 80' lang='lat' dir='ltr'>Juramenta</span> <span class='ocrx_word' id='word_1_378' title='bbox 1541 1970 1710 2033; x_wconf 84' lang='lat' dir='ltr'>fidelitatis</span> <span class='ocrx_word' id='word_1_379' title='bbox 1722 1973 1845 2037; x_wconf 86' lang='lat' dir='ltr'>debitae</span> <span class='ocrx_word' id='word_1_380' title='bbox 1864 1978 1919 2053; x_wconf 88' lang='lat' dir='ltr'>ipsi</span> 
     </span>
     <span class='ocr_line' id='line_1_56' title="bbox 1126 2065 1917 2145; baseline 0.01 -18"><span class='ocrx_word' id='word_1_381' title='bbox 1126 2065 1387 2143; x_wconf 88' lang='lat' dir='ltr'>archiepiscopo,</span> <span class='ocrx_word' id='word_1_382' title='bbox 1418 2083 1458 2129; x_wconf 90' lang='lat' dir='ltr'>ac</span> <span class='ocrx_word' id='word_1_383' title='bbox 1488 2069 1639 2145; x_wconf 87' lang='lat' dir='ltr'>pecuniae</span> <span class='ocrx_word' id='word_1_384' title='bbox 1665 2085 1831 2133; x_wconf 87' lang='lat' dir='ltr'>summam</span> <span class='ocrx_word' id='word_1_385' title='bbox 1858 2090 1917 2135; x_wconf 92' lang='lat' dir='ltr'>non</span> 
     </span>
     <span class='ocr_line' id='line_1_57' title="bbox 1125 2162 1914 2244; baseline 0.013 -20"><span class='ocrx_word' id='word_1_386' title='bbox 1125 2162 1300 2236; x_wconf 88' lang='lat' dir='ltr'>modicam,</span> <span class='ocrx_word' id='word_1_387' title='bbox 1315 2164 1513 2241; x_wconf 87' lang='lat' dir='ltr'>extorquere</span> <span class='ocrx_word' id='word_1_388' title='bbox 1527 2168 1748 2244; x_wconf 89' lang='lat' dir='ltr'>praesumpsit,</span> <span class='ocrx_word' id='word_1_389' title='bbox 1761 2184 1801 2231; x_wconf 87' lang='lat' dir='ltr'>eo</span> <span class='ocrx_word' id='word_1_390' title='bbox 1816 2170 1914 2234; x_wconf 87' lang='lat' dir='ltr'>inscio</span> 
     </span>
     <span class='ocr_line' id='line_1_58' title="bbox 1126 2260 1915 2345; baseline 0.01 -22"><span class='ocrx_word' id='word_1_391' title='bbox 1126 2262 1158 2323; x_wconf 93' lang='lat' dir='ltr'>et</span> <span class='ocrx_word' id='word_1_392' title='bbox 1169 2260 1285 2333; x_wconf 90' lang='lat' dir='ltr'>invito,</span> <span class='ocrx_word' id='word_1_393' title='bbox 1302 2262 1488 2335; x_wconf 88' lang='lat' dir='ltr'>intendens,</span> <span class='ocrx_word' id='word_1_394' title='bbox 1509 2264 1608 2340; x_wconf 90' lang='lat' dir='ltr'>prout</span> <span class='ocrx_word' id='word_1_395' title='bbox 1625 2267 1781 2342; x_wconf 89' lang='lat' dir='ltr'>apparuit</span> <span class='ocrx_word' id='word_1_396' title='bbox 1794 2270 1915 2345; x_wconf 88' lang='lat' dir='ltr'>postea,</span> 
     </span>
     <span class='ocr_line' id='line_1_59' title="bbox 1125 2358 1919 2442; baseline 0.01 -22"><span class='ocrx_word' id='word_1_397' title='bbox 1125 2358 1175 2420; x_wconf 82' lang='lat' dir='ltr'>sic</span> <span class='ocrx_word' id='word_1_398' title='bbox 1193 2358 1365 2437; x_wconf 88' lang='lat' dir='ltr'>subripere</span> <span class='ocrx_word' id='word_1_399' title='bbox 1384 2360 1449 2422; x_wconf 92' lang='lat' dir='ltr'>sibi</span> <span class='ocrx_word' id='word_1_400' title='bbox 1468 2359 1634 2434; x_wconf 89' lang='lat' dir='ltr'>ducatum,</span> <span class='ocrx_word' id='word_1_401' title='bbox 1663 2379 1762 2440; x_wconf 86' lang='lat' dir='ltr'>quem</span> <span class='ocrx_word' id='word_1_402' title='bbox 1787 2366 1919 2442; x_wconf 79' lang='lat' dir='ltr'>paelice</span> 
     </span>
     <span class='ocr_line' id='line_1_60' title="bbox 1125 2455 1918 2539; baseline 0.016 -24"><span class='ocrx_word' id='word_1_403' title='bbox 1125 2455 1325 2533; x_wconf 87' lang='lat' dir='ltr'>possidebat.</span> <span class='ocrx_word' id='word_1_404' title='bbox 1341 2456 1405 2520; x_wconf 83' lang='lat' dir='ltr'>Sed</span> <span class='ocrx_word' id='word_1_405' title='bbox 1420 2458 1454 2521; x_wconf 91' lang='lat' dir='ltr'>et</span> <span class='ocrx_word' id='word_1_406' title='bbox 1467 2474 1581 2521; x_wconf 92' lang='lat' dir='ltr'>muros</span> <span class='ocrx_word' id='word_1_407' title='bbox 1595 2460 1703 2522; x_wconf 89' lang='lat' dir='ltr'>luteos</span> <span class='ocrx_word' id='word_1_408' title='bbox 1723 2461 1845 2539; x_wconf 88' lang='lat' dir='ltr'>quihus</span> <span class='ocrx_word' id='word_1_409' title='bbox 1857 2480 1918 2527; x_wconf 82' lang='lat' dir='ltr'>sae·</span> 
     </span>
     <span class='ocr_line' id='line_1_61' title="bbox 1125 2550 1920 2633; baseline 0.011 -21"><span class='ocrx_word' id='word_1_410' title='bbox 1125 2550 1274 2629; x_wconf 89' lang='lat' dir='ltr'>pedictus</span> <span class='ocrx_word' id='word_1_411' title='bbox 1296 2551 1568 2632; x_wconf 87' lang='lat' dir='ltr'>archiepiscopus</span> <span class='ocrx_word' id='word_1_412' title='bbox 1599 2555 1788 2633; x_wconf 88' lang='lat' dir='ltr'>interrupta</span> <span class='ocrx_word' id='word_1_413' title='bbox 1811 2574 1920 2621; x_wconf 89' lang='lat' dir='ltr'>muro-</span> 
     </span>
     <span class='ocr_line' id='line_1_62' title="bbox 1124 2649 1919 2729; baseline 0.011 -20"><span class='ocrx_word' id='word_1_414' title='bbox 1124 2664 1199 2709; x_wconf 91' lang='lat' dir='ltr'>rum</span> <span class='ocrx_word' id='word_1_415' title='bbox 1211 2649 1322 2710; x_wconf 90' lang='lat' dir='ltr'>claudi</span> <span class='ocrx_word' id='word_1_416' title='bbox 1336 2649 1473 2721; x_wconf 85' lang='lat' dir='ltr'>iecerat,</span> <span class='ocrx_word' id='word_1_417' title='bbox 1494 2667 1535 2714; x_wconf 92' lang='lat' dir='ltr'>ne</span> <span class='ocrx_word' id='word_1_418' title='bbox 1556 2651 1644 2729; x_wconf 89' lang='lat' dir='ltr'>lupis</span> <span class='ocrx_word' id='word_1_419' title='bbox 1665 2653 1720 2716; x_wconf 91' lang='lat' dir='ltr'>vel</span> <span class='ocrx_word' id='word_1_420' title='bbox 1737 2654 1919 2718; x_wconf 83' lang='lat' dir='ltr'>latronibus</span> 
     </span>
     <span class='ocr_line' id='line_1_63' title="bbox 1125 2745 1920 2825; baseline 0.008 -16"><span class='ocrx_word' id='word_1_421' title='bbox 1125 2745 1210 2809; x_wconf 89' lang='lat' dir='ltr'>liber</span> <span class='ocrx_word' id='word_1_422' title='bbox 1231 2746 1360 2825; x_wconf 87' lang='lat' dir='ltr'>pateret</span> <span class='ocrx_word' id='word_1_423' title='bbox 1387 2748 1498 2811; x_wconf 87' lang='lat' dir='ltr'>aditus</span> <span class='ocrx_word' id='word_1_424' title='bbox 1529 2748 1572 2813; x_wconf 80' lang='lat' dir='ltr'>ad</span> <span class='ocrx_word' id='word_1_425' title='bbox 1603 2750 1801 2825; x_wconf 89' lang='lat' dir='ltr'>nocendum,</span> <span class='ocrx_word' id='word_1_426' title='bbox 1836 2753 1920 2815; x_wconf 89' lang='lat' dir='ltr'>idem</span> 
     </span>
     <span class='ocr_line' id='line_1_64' title="bbox 1125 2845 1920 2923; baseline 0.009 -18"><span class='ocrx_word' id='word_1_427' title='bbox 1125 2859 1235 2906; x_wconf 90' lang='lat' dir='ltr'>comes</span> <span class='ocrx_word' id='word_1_428' title='bbox 1256 2845 1415 2923; x_wconf 86' lang='lat' dir='ltr'>praecepit</span> <span class='ocrx_word' id='word_1_429' title='bbox 1437 2847 1470 2909; x_wconf 87' lang='lat' dir='ltr'>et</span> <span class='ocrx_word' id='word_1_430' title='bbox 1494 2846 1574 2910; x_wconf 86' lang='lat' dir='ltr'>iecit</span> <span class='ocrx_word' id='word_1_431' title='bbox 1596 2846 1763 2918; x_wconf 89' lang='lat' dir='ltr'>demoliri,</span> <span class='ocrx_word' id='word_1_432' title='bbox 1782 2866 1859 2912; x_wconf 89' lang='lat' dir='ltr'>cum</span> <span class='ocrx_word' id='word_1_433' title='bbox 1880 2851 1920 2913; x_wconf 90' lang='lat' dir='ltr'>sit</span> 
     </span>
     <span class='ocr_line' id='line_1_65' title="bbox 1125 2941 1919 3023; baseline 0.01 -20"><span class='ocrx_word' id='word_1_434' title='bbox 1125 2941 1223 3005; x_wconf 94' lang='lat' dir='ltr'>homo</span> <span class='ocrx_word' id='word_1_435' title='bbox 1238 2943 1492 3021; x_wconf 88' lang='lat' dir='ltr'>archiepiscopi,</span> <span class='ocrx_word' id='word_1_436' title='bbox 1509 2946 1542 3009; x_wconf 87' lang='lat' dir='ltr'>et</span> <span class='ocrx_word' id='word_1_437' title='bbox 1557 2946 1646 3007; x_wconf 89' lang='lat' dir='ltr'>totus</span> <span class='ocrx_word' id='word_1_438' title='bbox 1664 2945 1790 3023; x_wconf 78' lang='lat' dir='ltr'>burgus</span> <span class='ocrx_word' id='word_1_439' title='bbox 1802 2964 1843 3010; x_wconf 91' lang='lat' dir='ltr'>ao</span> <span class='ocrx_word' id='word_1_440' title='bbox 1856 2964 1919 3010; x_wconf 84' lang='lat' dir='ltr'>me</span> 
     </span>
     <span class='ocr_line' id='line_1_66' title="bbox 1125 3038 1918 3122; baseline 0.009 -22"><span class='ocrx_word' id='word_1_441' title='bbox 1125 3038 1179 3101; x_wconf 89' lang='lat' dir='ltr'>dia</span> <span class='ocrx_word' id='word_1_442' title='bbox 1194 3055 1272 3117; x_wconf 89' lang='lat' dir='ltr'>pars</span> <span class='ocrx_word' id='word_1_443' title='bbox 1287 3039 1431 3102; x_wconf 90' lang='lat' dir='ltr'>civitatis</span> <span class='ocrx_word' id='word_1_444' title='bbox 1443 3041 1486 3103; x_wconf 87' lang='lat' dir='ltr'>ad</span> <span class='ocrx_word' id='word_1_445' title='bbox 1501 3042 1790 3121; x_wconf 87' lang='lat' dir='ltr'>archiepiscopum</span> <span class='ocrx_word' id='word_1_446' title='bbox 1799 3044 1918 3122; x_wconf 88' lang='lat' dir='ltr'>ipsum,</span> 
     </span>
     <span class='ocr_line' id='line_1_67' title="bbox 1123 3136 1921 3207; baseline 0.011 -9"><span class='ocrx_word' id='word_1_447' title='bbox 1123 3137 1224 3199; x_wconf 91' lang='lat' dir='ltr'>immo</span> <span class='ocrx_word' id='word_1_448' title='bbox 1243 3136 1285 3198; x_wconf 91' lang='lat' dir='ltr'>ad</span> <span class='ocrx_word' id='word_1_449' title='bbox 1300 3139 1484 3201; x_wconf 86' lang='lat' dir='ltr'>Romanam</span> <span class='ocrx_word' id='word_1_450' title='bbox 1500 3139 1684 3202; x_wconf 84' lang='lat' dir='ltr'>Ecclesiam</span> <span class='ocrx_word' id='word_1_451' title='bbox 1709 3142 1840 3204; x_wconf 89' lang='lat' dir='ltr'>ratione</span> <span class='ocrx_word' id='word_1_452' title='bbox 1865 3159 1921 3207; x_wconf 86' lang='lat' dir='ltr'>ar-</span> 
     </span>
     <span class='ocr_line' id='line_1_68' title="bbox 1124 3234 1919 3318; baseline 0.009 -23"><span class='ocrx_word' id='word_1_453' title='bbox 1124 3234 1402 3312; x_wconf 89' lang='lat' dir='ltr'>chiepiscopaius,</span> <span class='ocrx_word' id='word_1_454' title='bbox 1411 3236 1586 3314; x_wconf 88' lang='lat' dir='ltr'>pertineat,</span> <span class='ocrx_word' id='word_1_455' title='bbox 1603 3239 1637 3301; x_wconf 88' lang='lat' dir='ltr'>et</span> <span class='ocrx_word' id='word_1_456' title='bbox 1648 3238 1716 3301; x_wconf 88' lang='lat' dir='ltr'>alia</span> <span class='ocrx_word' id='word_1_457' title='bbox 1725 3239 1837 3301; x_wconf 88' lang='lat' dir='ltr'>media</span> <span class='ocrx_word' id='word_1_458' title='bbox 1844 3256 1919 3318; x_wconf 89' lang='lat' dir='ltr'>pars</span> 
     </span>
     <span class='ocr_line' id='line_1_69' title="bbox 1124 3331 1921 3413; baseline 0.004 -17"><span class='ocrx_word' id='word_1_459' title='bbox 1124 3331 1279 3396; x_wconf 89' lang='lat' dir='ltr'>videatur</span> <span class='ocrx_word' id='word_1_460' title='bbox 1301 3333 1432 3395; x_wconf 89' lang='lat' dir='ltr'>ratione</span> <span class='ocrx_word' id='word_1_461' title='bbox 1459 3334 1599 3397; x_wconf 90' lang='lat' dir='ltr'>ducatus</span> <span class='ocrx_word' id='word_1_462' title='bbox 1627 3335 1669 3398; x_wconf 92' lang='lat' dir='ltr'>ad</span> <span class='ocrx_word' id='word_1_463' title='bbox 1692 3338 1748 3413; x_wconf 88' lang='lat' dir='ltr'>jus</span> <span class='ocrx_word' id='word_1_464' title='bbox 1769 3337 1921 3399; x_wconf 79' lang='lat' dir='ltr'>ecclesia</span> 
     </span>
     <span class='ocr_line' id='line_1_70' title="bbox 1123 3430 1920 3513; baseline 0.006 -21"><span class='ocrx_word' id='word_1_465' title='bbox 1123 3430 1303 3508; x_wconf 90' lang='lat' dir='ltr'>pertinere,</span> <span class='ocrx_word' id='word_1_466' title='bbox 1317 3431 1353 3493; x_wconf 89' lang='lat' dir='ltr'>in</span> <span class='ocrx_word' id='word_1_467' title='bbox 1365 3430 1419 3492; x_wconf 89' lang='lat' dir='ltr'>his</span> <span class='ocrx_word' id='word_1_468' title='bbox 1436 3433 1469 3494; x_wconf 91' lang='lat' dir='ltr'>et</span> <span class='ocrx_word' id='word_1_469' title='bbox 1487 3433 1522 3493; x_wconf 90' lang='lat' dir='ltr'>in</span> <span class='ocrx_word' id='word_1_470' title='bbox 1541 3433 1619 3494; x_wconf 89' lang='lat' dir='ltr'>aliis</span> <span class='ocrx_word' id='word_1_471' title='bbox 1644 3449 1765 3510; x_wconf 77' lang='lat' dir='ltr'>graves</span> <span class='ocrx_word' id='word_1_472' title='bbox 1779 3435 1920 3513; x_wconf 88' lang='lat' dir='ltr'>injurias</span> 
     </span>
     <span class='ocr_line' id='line_1_71' title="bbox 1124 3527 1918 3596; baseline 0.006 -6"><span class='ocrx_word' id='word_1_473' title='bbox 1124 3529 1157 3590; x_wconf 91' lang='lat' dir='ltr'>et</span> <span class='ocrx_word' id='word_1_474' title='bbox 1171 3528 1292 3590; x_wconf 90' lang='lat' dir='ltr'>damna</span> <span class='ocrx_word' id='word_1_475' title='bbox 1304 3527 1370 3590; x_wconf 91' lang='lat' dir='ltr'>sibi</span> <span class='ocrx_word' id='word_1_476' title='bbox 1382 3532 1415 3595; x_wconf 90' lang='lat' dir='ltr'>et</span> <span class='ocrx_word' id='word_1_477' title='bbox 1427 3529 1617 3592; x_wconf 88' lang='lat' dir='ltr'>hominibus</span> <span class='ocrx_word' id='word_1_478' title='bbox 1629 3531 1700 3593; x_wconf 90' lang='lat' dir='ltr'>suis</span> <span class='ocrx_word' id='word_1_479' title='bbox 1712 3547 1780 3594; x_wconf 89' lang='lat' dir='ltr'>non</span> <span class='ocrx_word' id='word_1_480' title='bbox 1790 3532 1918 3596; x_wconf 88' lang='lat' dir='ltr'>modica</span> 
     </span>
     <span class='ocr_line' id='line_1_72' title="bbox 1123 3620 1308 3689; baseline -0.005 -1"><span class='ocrx_word' id='word_1_481' title='bbox 1123 3620 1308 3689; x_wconf 85' lang='lat' dir='ltr'>inlerendo.</span> 
     </span>
    </p>

    <p class='ocr_par' dir='ltr' id='par_1_9' title="bbox 1118 3722 1953 5368">
     <span class='ocr_line' id='line_1_73' title="bbox 1163 3722 1918 3805; baseline 0.008 -21"><span class='ocrx_word' id='word_1_482' title='bbox 1163 3723 1326 3796; x_wconf 87' lang='lat' dir='ltr'>Quocirca</span> <span class='ocrx_word' id='word_1_483' title='bbox 1349 3722 1545 3791; x_wconf 89' lang='lat' dir='ltr'>discretioni</span> <span class='ocrx_word' id='word_1_484' title='bbox 1558 3725 1678 3788; x_wconf 76' lang='lat' dir='ltr'>vestra</span> <span class='ocrx_word' id='word_1_485' title='bbox 1697 3742 1759 3803; x_wconf 88' lang='lat' dir='ltr'>per</span> <span class='ocrx_word' id='word_1_486' title='bbox 1783 3728 1918 3805; x_wconf 87' lang='lat' dir='ltr'>aposto·</span> 
     </span>
     <span class='ocr_line' id='line_1_74' title="bbox 1122 3821 1920 3903; baseline 0.004 -20"><span class='ocrx_word' id='word_1_487' title='bbox 1122 3822 1189 3885; x_wconf 89' lang='lat' dir='ltr'>lica</span> <span class='ocrx_word' id='word_1_488' title='bbox 1201 3821 1324 3899; x_wconf 88' lang='lat' dir='ltr'>scripta</span> <span class='ocrx_word' id='word_1_489' title='bbox 1340 3821 1536 3883; x_wconf 89' lang='lat' dir='ltr'>mandamus</span> <span class='ocrx_word' id='word_1_490' title='bbox 1551 3823 1727 3900; x_wconf 84' lang='lat' dir='ltr'>quatenus,</span> <span class='ocrx_word' id='word_1_491' title='bbox 1742 3825 1920 3903; x_wconf 75' lang='lat' dir='ltr'>archiepis</span> 
     </span>
     <span class='ocr_line' id='line_1_75' title="bbox 1123 3918 1915 3998; baseline 0.003 -16"><span class='ocrx_word' id='word_1_492' title='bbox 1123 3935 1204 3996; x_wconf 90' lang='lat' dir='ltr'>copo</span> <span class='ocrx_word' id='word_1_493' title='bbox 1220 3918 1387 3997; x_wconf 89' lang='lat' dir='ltr'>superbis</span> <span class='ocrx_word' id='word_1_494' title='bbox 1405 3919 1525 3997; x_wconf 82' lang='lat' dir='ltr'>quibus</span> <span class='ocrx_word' id='word_1_495' title='bbox 1547 3920 1710 3998; x_wconf 88' lang='lat' dir='ltr'>spoliatus</span> <span class='ocrx_word' id='word_1_496' title='bbox 1732 3936 1808 3984; x_wconf 88' lang='lat' dir='ltr'>esse</span> <span class='ocrx_word' id='word_1_497' title='bbox 1830 3922 1915 3985; x_wconf 92' lang='lat' dir='ltr'>dici·</span> 
     </span>
     <span class='ocr_line' id='line_1_76' title="bbox 1121 4016 1914 4095; baseline 0.006 -15"><span class='ocrx_word' id='word_1_498' title='bbox 1121 4018 1187 4091; x_wconf 90' lang='lat' dir='ltr'>tur,</span> <span class='ocrx_word' id='word_1_499' title='bbox 1203 4016 1540 4095; x_wconf 86' lang='lat' dir='ltr'>sioutjustnmiuerit,</span> <span class='ocrx_word' id='word_1_500' title='bbox 1552 4018 1718 4093; x_wconf 85' lang='lat' dir='ltr'>restituto,</span> <span class='ocrx_word' id='word_1_501' title='bbox 1732 4020 1914 4085; x_wconf 75' lang='lat' dir='ltr'>sententias</span> 
     </span>
     <span class='ocr_line' id='line_1_77' title="bbox 1121 4113 1922 4197; baseline 0.006 -21"><span class='ocrx_word' id='word_1_502' title='bbox 1121 4115 1213 4192; x_wconf 90' lang='lat' dir='ltr'>ipsas</span> <span class='ocrx_word' id='word_1_503' title='bbox 1249 4113 1447 4179; x_wconf 82' lang='lat' dir='ltr'>confirmare</span> <span class='ocrx_word' id='word_1_504' title='bbox 1473 4116 1527 4179; x_wconf 92' lang='lat' dir='ltr'>vel</span> <span class='ocrx_word' id='word_1_505' title='bbox 1559 4114 1744 4191; x_wconf 82' lang='lat' dir='ltr'>infirmare,</span> <span class='ocrx_word' id='word_1_506' title='bbox 1772 4118 1922 4197; x_wconf 87' lang='lat' dir='ltr'>appella-</span> 
     </span>
     <span class='ocr_line' id='line_1_78' title="bbox 1120 4211 1919 4292; baseline 0.004 -18"><span class='ocrx_word' id='word_1_507' title='bbox 1120 4212 1212 4275; x_wconf 87' lang='lat' dir='ltr'>tione</span> <span class='ocrx_word' id='word_1_508' title='bbox 1227 4211 1365 4285; x_wconf 89' lang='lat' dir='ltr'>remota,</span> <span class='ocrx_word' id='word_1_509' title='bbox 1382 4227 1553 4289; x_wconf 88' lang='lat' dir='ltr'>procures,</span> <span class='ocrx_word' id='word_1_510' title='bbox 1573 4213 1659 4275; x_wconf 91' lang='lat' dir='ltr'>sicut</span> <span class='ocrx_word' id='word_1_511' title='bbox 1673 4214 1804 4292; x_wconf 86' lang='lat' dir='ltr'>dejure</span> <span class='ocrx_word' id='word_1_512' title='bbox 1818 4216 1919 4279; x_wconf 86' lang='lat' dir='ltr'>luerit</span> 
     </span>
     <span class='ocr_line' id='line_1_79' title="bbox 1120 4308 1916 4386; baseline 0.004 -14"><span class='ocrx_word' id='word_1_513' title='bbox 1120 4308 1320 4372; x_wconf 79' lang='lat' dir='ltr'>iaciendum.</span> <span class='ocrx_word' id='word_1_514' title='bbox 1338 4313 1444 4386; x_wconf 89' lang='lat' dir='ltr'>Super</span> <span class='ocrx_word' id='word_1_515' title='bbox 1455 4310 1532 4372; x_wconf 88' lang='lat' dir='ltr'>aliis</span> <span class='ocrx_word' id='word_1_516' title='bbox 1546 4325 1627 4373; x_wconf 88' lang='lat' dir='ltr'>vero</span> <span class='ocrx_word' id='word_1_517' title='bbox 1637 4326 1774 4374; x_wconf 86' lang='lat' dir='ltr'>causam</span> <span class='ocrx_word' id='word_1_518' title='bbox 1786 4312 1916 4385; x_wconf 87' lang='lat' dir='ltr'>audias,</span> 
     </span>
     <span class='ocr_line' id='line_1_80' title="bbox 1121 4407 1919 4488; baseline 0.004 -17"><span class='ocrx_word' id='word_1_519' title='bbox 1121 4411 1154 4472; x_wconf 88' lang='lat' dir='ltr'>et</span> <span class='ocrx_word' id='word_1_520' title='bbox 1167 4408 1197 4469; x_wconf 90' lang='lat' dir='ltr'>si</span> <span class='ocrx_word' id='word_1_521' title='bbox 1211 4407 1252 4470; x_wconf 93' lang='lat' dir='ltr'>de</span> <span class='ocrx_word' id='word_1_522' title='bbox 1266 4408 1412 4485; x_wconf 88' lang='lat' dir='ltr'>partium</span> <span class='ocrx_word' id='word_1_523' title='bbox 1432 4408 1603 4471; x_wconf 86' lang='lat' dir='ltr'>voluntate</span> <span class='ocrx_word' id='word_1_524' title='bbox 1625 4412 1837 4486; x_wconf 87' lang='lat' dir='ltr'>processerit,</span> <span class='ocrx_word' id='word_1_525' title='bbox 1853 4426 1919 4488; x_wconf 85' lang='lat' dir='ltr'>ap·</span> 
     </span>
     <span class='ocr_line' id='line_1_81' title="bbox 1120 4505 1918 4583; baseline 0.003 -16"><span class='ocrx_word' id='word_1_526' title='bbox 1120 4505 1299 4583; x_wconf 90' lang='lat' dir='ltr'>pellatione</span> <span class='ocrx_word' id='word_1_527' title='bbox 1331 4506 1493 4579; x_wconf 88' lang='lat' dir='ltr'>cessante,</span> <span class='ocrx_word' id='word_1_528' title='bbox 1530 4505 1641 4569; x_wconf 89' lang='lat' dir='ltr'>debito</span> <span class='ocrx_word' id='word_1_529' title='bbox 1667 4506 1734 4569; x_wconf 86' lang='lat' dir='ltr'>line</span> <span class='ocrx_word' id='word_1_530' title='bbox 1769 4508 1918 4583; x_wconf 86' lang='lat' dir='ltr'>decidas;</span> 
     </span>
     <span class='ocr_line' id='line_1_82' title="bbox 1120 4602 1921 4681; baseline 0.002 -16"><span class='ocrx_word' id='word_1_531' title='bbox 1120 4602 1269 4681; x_wconf 86' lang='lat' dir='ltr'>alioquin</span> <span class='ocrx_word' id='word_1_532' title='bbox 1294 4602 1402 4680; x_wconf 90' lang='lat' dir='ltr'>ipsam</span> <span class='ocrx_word' id='word_1_533' title='bbox 1428 4602 1631 4665; x_wconf 87' lang='lat' dir='ltr'>sufficienter</span> <span class='ocrx_word' id='word_1_534' title='bbox 1653 4604 1851 4667; x_wconf 87' lang='lat' dir='ltr'>instructam</span> <span class='ocrx_word' id='word_1_535' title='bbox 1877 4605 1921 4666; x_wconf 92' lang='lat' dir='ltr'>ad</span> 
     </span>
     <span class='ocr_line' id='line_1_83' title="bbox 1120 4700 1919 4780; baseline 0.003 -18"><span class='ocrx_word' id='word_1_536' title='bbox 1120 4702 1269 4763; x_wconf 90' lang='lat' dir='ltr'>nostrum</span> <span class='ocrx_word' id='word_1_537' title='bbox 1283 4700 1432 4762; x_wconf 90' lang='lat' dir='ltr'>remittas</span> <span class='ocrx_word' id='word_1_538' title='bbox 1447 4714 1598 4774; x_wconf 81' lang='lat' dir='ltr'>examen,</span> <span class='ocrx_word' id='word_1_539' title='bbox 1615 4702 1795 4779; x_wconf 82' lang='lat' dir='ltr'>praefigens</span> <span class='ocrx_word' id='word_1_540' title='bbox 1808 4703 1919 4780; x_wconf 79' lang='lat' dir='ltr'>parti-</span> 
     </span>
     <span class='ocr_line' id='line_1_84' title="bbox 1119 4798 1920 4879; baseline 0.001 -19"><span class='ocrx_word' id='word_1_541' title='bbox 1119 4798 1182 4860; x_wconf 91' lang='lat' dir='ltr'>bus</span> <span class='ocrx_word' id='word_1_542' title='bbox 1193 4798 1372 4861; x_wconf 89' lang='lat' dir='ltr'>terminum</span> <span class='ocrx_word' id='word_1_543' title='bbox 1388 4799 1640 4876; x_wconf 88' lang='lat' dir='ltr'>competentem,</span> <span class='ocrx_word' id='word_1_544' title='bbox 1663 4815 1729 4878; x_wconf 85' lang='lat' dir='ltr'>quo</span> <span class='ocrx_word' id='word_1_545' title='bbox 1744 4816 1804 4879; x_wconf 91' lang='lat' dir='ltr'>per</span> <span class='ocrx_word' id='word_1_546' title='bbox 1815 4815 1850 4863; x_wconf 89' lang='lat' dir='ltr'>se</span> <span class='ocrx_word' id='word_1_547' title='bbox 1863 4801 1920 4863; x_wconf 92' lang='lat' dir='ltr'>vel</span> 
     </span>
     <span class='ocr_line' id='line_1_85' title="bbox 1120 4897 1920 4976; baseline 0.003 -19"><span class='ocrx_word' id='word_1_548' title='bbox 1120 4897 1257 4959; x_wconf 90' lang='lat' dir='ltr'>idoneos</span> <span class='ocrx_word' id='word_1_549' title='bbox 1277 4897 1511 4973; x_wconf 86' lang='lat' dir='ltr'>procuratores</span> <span class='ocrx_word' id='word_1_550' title='bbox 1541 4900 1654 4960; x_wconf 90' lang='lat' dir='ltr'>nostro</span> <span class='ocrx_word' id='word_1_551' title='bbox 1677 4913 1714 4960; x_wconf 90' lang='lat' dir='ltr'>se</span> <span class='ocrx_word' id='word_1_552' title='bbox 1736 4898 1920 4976; x_wconf 83' lang='lat' dir='ltr'>compectui</span> 
     </span>
     <span class='ocr_line' id='line_1_86' title="bbox 1118 4994 1921 5073; baseline 0 -16"><span class='ocrx_word' id='word_1_553' title='bbox 1118 4994 1369 5073; x_wconf 85' lang='lat' dir='ltr'>repraesentent,</span> <span class='ocrx_word' id='word_1_554' title='bbox 1391 4994 1527 5073; x_wconf 86' lang='lat' dir='ltr'>justam,</span> <span class='ocrx_word' id='word_1_555' title='bbox 1550 4995 1650 5057; x_wconf 87' lang='lat' dir='ltr'>dante</span> <span class='ocrx_word' id='word_1_556' title='bbox 1666 4996 1820 5066; x_wconf 74' lang='lat' dir='ltr'>bomine,</span> <span class='ocrx_word' id='word_1_557' title='bbox 1833 5010 1921 5057; x_wconf 90' lang='lat' dir='ltr'>sen·</span> 
     </span>
     <span class='ocr_line' id='line_1_87' title="bbox 1118 5092 1953 5171; baseline 0 -16"><span class='ocrx_word' id='word_1_558' title='bbox 1118 5093 1714 5171; x_wconf 81' lang='lat' dir='ltr'>tentiamrecepturae.Testesautem,</span> <span class='ocrx_word' id='word_1_559' title='bbox 1726 5096 1922 5156; x_wconf 79' lang='lat' dir='ltr'>elebatum</span> <span class='ocrx_word' id='word_1_560' title='bbox 1952 5092 1953 5105; x_wconf 61' lang='lat'>¹</span> 
     </span>
     <span class='ocr_line' id='line_1_88' title="bbox 1118 5190 1923 5269; baseline 0.001 -18"><span class='ocrx_word' id='word_1_561' title='bbox 1118 5190 1287 5261; x_wconf 87' lang='lat' dir='ltr'>Laterani,</span> <span class='ocrx_word' id='word_1_562' title='bbox 1312 5190 1412 5252; x_wconf 90' lang='lat' dir='ltr'>nonis</span> <span class='ocrx_word' id='word_1_563' title='bbox 1435 5191 1559 5265; x_wconf 88' lang='lat' dir='ltr'>martii,</span> <span class='ocrx_word' id='word_1_564' title='bbox 1581 5191 1793 5269; x_wconf 83' lang='lat' dir='ltr'>pontificatus</span> <span class='ocrx_word' id='word_1_565' title='bbox 1811 5191 1923 5253; x_wconf 88' lang='lat' dir='ltr'>nostri</span> 
     </span>
     <span class='ocr_line' id='line_1_89' title="bbox 1118 5288 1341 5368; baseline -0.004 -18"><span class='ocrx_word' id='word_1_566' title='bbox 1118 5303 1207 5350; x_wconf 89' lang='lat' dir='ltr'>anno</span> <span class='ocrx_word' id='word_1_567' title='bbox 1222 5288 1341 5368; x_wconf 87' lang='lat' dir='ltr'>primo.</span> 
     </span>
    </p>
   </div>
   <div class='ocr_carea' id='block_1_7' title="bbox 1154 5501 1922 5578">
    <p class='ocr_par' dir='ltr' id='par_1_10' title="bbox 1154 5501 1922 5578">
     <span class='ocr_line' id='line_1_90' title="bbox 1154 5501 1922 5578; baseline 0 -19"><span class='ocrx_word' id='word_1_568' title='bbox 1154 5501 1194 5578; x_wconf 83' lang='lat' dir='ltr'>(a)</span> <span class='ocrx_word' id='word_1_569' title='bbox 1214 5502 1287 5565; x_wconf 81' lang='lat' dir='ltr'>&#39;tide</span> <span class='ocrx_word' id='word_1_570' title='bbox 1298 5503 1393 5561; x_wconf 81' lang='lat' dir='ltr'>Gellio</span> <span class='ocrx_word' id='word_1_571' title='bbox 1405 5502 1582 5574; x_wconf 69' lang='lat' dir='ltr'>Christiano,</span> <span class='ocrx_word' id='word_1_572' title='bbox 1592 5511 1613 5563; x_wconf 81' lang='lat' dir='ltr'>t</span> <span class='ocrx_word' id='word_1_573' title='bbox 1625 5518 1664 5574; x_wconf 85' lang='lat' dir='ltr'>u,</span> <span class='ocrx_word' id='word_1_574' title='bbox 1676 5503 1789 5577; x_wconf 86' lang='lat' dir='ltr'>probat.</span> <span class='ocrx_word' id='word_1_575' title='bbox 1798 5503 1850 5562; x_wconf 91' lang='lat' dir='ltr'>col.</span> <span class='ocrx_word' id='word_1_576' title='bbox 1865 5503 1922 5561; x_wconf 75' lang='lat'>57.</span> 
     </span>
    </p>
   </div>
   <div class='ocr_carea' id='block_1_8' title="bbox 0 0 1978 6196">
    <p class='ocr_par' dir='ltr' id='par_1_11' title="bbox 0 0 1978 6196">
     <span class='ocr_line' id='line_1_91' title="bbox 0 0 1978 6196; baseline 0 0"><span class='ocrx_word' id='word_1_577' title='bbox 0 0 1978 6196; x_wconf 95' lang='lat' dir='ltr'> </span> 
     </span>
    </p>
   </div>
  </div>
 </body>
</html>
