3968 6204
186 249 229 309 39
652 250 829 313 ΗΟΝΟΒΙῙ
850 250 895 310 111
917 250 1065 309 OPERA.
1082 277 1120 293 -
1136 249 1369 314 SERMONES.
1799 256 1841 324 40

185 410 297 473 ‹Coeli
312 426 379 473 non
393 414 471 475 sun't
484 409 596 473 mimdi
617 410 653 472 ln
667 412 930 489 conspectuejus
944 426 981 485 »ς
1037 424 1097 485 per
1115 410 1230 483 totum,
1255 412 1341 473 sicut
1362 412 1396 475 θῖ
1417 427 1513 473 sacra
1528 408 1630 489 Virgo
1649 412 1839 478 foecundata

185 512 308 586 quanto
350 510 456 586 magis
504 508 736 571 abominabilis
778 509 813 570 et
854 508 983 570 inutilis
1037 522 1098 584 per
1112 508 1426 587 spiritnmntquod
1441 510 1483 571 de
1497 509 1731 573 omnibnsnon
1746 512 1841 574 suld-

185 605 306 668 homol
329 607 484 683 Legimus
514 607 599 684 quod
632 606 700 668 tres
727 607 805 667 sunt
829 607 920 678 coeli,
951 608 984 668 et
1037 603 1142 664 cimus
1156 606 1443 683 proptertempus,
1459 607 1837 687 paucahreriterdige-

186 706 311 766 Paulus
332 721 438 782 usqne
456 704 497 765 ad
518 704 653 765 tertium
668 703 787 765 coelum
802 705 932 781 raptum
947 720 983 765 se
1038 716 1162 761 ramus.

184 801 276 864 dicit.
293 802 440 863 Primum
462 801 581 862 coelum
602 798 729 878 primns
750 802 855 863 status
876 803 927 863 est
947 801 983 862 in
1078 799 1184 874 Igitur
1203 801 1415 876 quarendum
1433 801 1529 863 nobis
1551 804 1612 875 est,
1628 820 1689 865 cur
1703 804 1744 865 ad
1758 804 1840 866 Vir-

185 897 333 957 Ecclesia
348 896 419 965 Dei,
438 895 523 959 idest
538 897 748 959 saecularium
762 897 820 959 sed
838 896 982 959 catholi-
1038 895 1149 970 ginem
1171 898 1292 958 missus
1315 900 1366 960 est
1387 900 1538 976 angelus,
1561 918 1621 963 cur
1642 901 1777 963 Gabriel
1800 904 1839 965 et

184 1009 297 1054 corum
313 993 501 1070 hominum;
525 994 611 1072 quod
638 995 758 1056 coelnm
782 995 868 1056 sicut
890 996 982 1056 terra
1038 1008 1105 1052 non
1120 993 1219 1066 alius,
1235 1011 1295 1055 cur
1313 996 1357 1058 sit
1375 997 1498 1058 missus
1517 1013 1536 1059 a
1563 1001 1631 1060 Deo
1655 1000 1689 1060 ot
1709 1015 1776 1061 nou
1791 1000 1835 1061 ah

184 1090 253 1151 sole
275 1091 494 1167 perfunditur,
512 1093 589 1169 qnia
615 1108 682 1154 non
706 1094 756 1154 θεῖ
775 1092 833 1170 qui
854 1108 891 1153 se
906 1091 984 1152 abs·
1038 1089 1104 1151 alio
1120 1091 1319 1166 angelo,cur
1331 1093 1542 1157 incivitatem
1558 1096 1837 1160 Galilaeaecuino·

184 1188 304 1250 condat
321 1204 341 1248 a
359 1189 470 1251 calore
485 1192 568 1267 eJus,
586 1190 620 1252 et
639 1190 744 1252 velint
762 1190 880 1261 nolint,
897 1191 930 1250 et
948 1189 983 1249 in
1037 1203 1114 1248 men
1127 1189 1305 1258 Nazareth,
1316 1206 1377 1252 cur
1388 1192 1490 1268 Virgo
1505 1192 1607 1255 luerit
1619 1194 1833 1270 desponsata,

183 1283 280 1346 honis
302 1287 335 1347 θῖ
357 1286 393 1347 in
414 1286 511 1347 malis
535 1303 649 1349 eorum
665 1287 869 1349 clarificatur
882 1290 981 1348 Deus.
1039 1300 1099 1346 cur
1114 1302 1233 1348 nomen
1249 1289 1322 1364 ejus
1337 1289 1456 1351 Maria.
1480 1291 1627 1367 Angelus
1648 1292 1769 1353 missus
1783 1294 1837 1354 θεῖ

186 1383 373 1445 Secundum
395 1385 515 1446 coelum
534 1386 701 1446 secundus
716 1386 822 1447 status
841 1384 984 1447 astreli·
1038 1382 1080 1443 ad
1095 1384 1278 1459 Virginem,
1295 1401 1338 1446 ne
1359 1388 1446 1447 Deus
1466 1388 1641 1464 putaretur
1657 1390 1835 1451 consilium

184 1483 364 1557 giosorum,
376 1483 455 1559 quia
469 1483 556 1546 sicut
568 1498 627 1544 aer
640 1483 710 1544 sole
725 1482 919 1555 infunditur,
933 1483 983 1544 sic
1037 1495 1134 1540 suum
1159 1482 1258 1544 alteri
1281 1483 1448 1544 revelasse
1469 1485 1662 1562 priusquam
1688 1487 1833 1562 Virgini,

184 1579 254 1640 sole
267 1579 407 1657 justitiae
423 1580 458 1641 in
473 1580 629 1642 cordibus
649 1582 682 1642 θῖ
703 1580 907 1642 conscientia
925 1596 984 1642 eo-
1036 1577 1104 1638 nisi
1118 1578 1181 1639 soli
1205 1580 1407 1656 archangelo
1422 1580 1581 1644 cabrieli.
1603 1584 1689 1644 Nam
1703 1586 1833 1660 myste-

185 1693 260 1737 rum
288 1677 516 1740 lntuuduntur.
544 1679 691 1740 Tertium
719 1678 838 1739 coelum
864 1679 983 1741 tertius
1038 1675 1124 1736 rium
1138 1679 1381 1739 incarnationis
1392 1678 1621 1752 absconditum
1634 1679 1837 1743 luitasaecu·

184 1778 290 1836 status
309 1775 359 1837 θεῖ
379 1774 612 1853 perlectorum,
631 1792 696 1854 qua
715 1776 802 1838 sicut
821 1775 927 1837 ather
940 1792 983 1837 ex
1038 1772 1079 1832 lis
1092 1775 1126 1834 et
1134 1774 1405 1849 generationibus
1416 1777 1451 1836 in
1463 1779 1532 1838 Deo
1545 1778 1602 1855 qui
1616 1778 1727 1839 omnia
1741 1794 1836 1841 crea·

184 1871 258 1948 ipsa
273 1873 353 1934 solis
368 1873 463 1936 ardet
476 1875 665 1950 praesentia,
679 1874 728 1934 sic
742 1874 776 1935 et
789 1873 854 1949 ipsi
866 1873 984 1935 ardent
1037 1868 1095 1940 vii,
1118 1869 1166 1931 ita
1196 1869 1233 1932 ul
1263 1886 1323 1932 noo
1349 1871 1414 1948 ipsi
1440 1872 1549 1948 angeli
1577 1873 1721 1949 porsooto
1748 1873 1834 1934 illud

186 1972 220 2031 ot
237 1970 349 2032 lucent
369 1986 389 2031 a
412 1972 523 2032 calore
545 1974 578 2033 et
598 1971 673 2032 luco
691 1971 771 2033 solis
790 1972 983 2048 justitiae,a
1037 1969 1214 2028 noscerent
1237 1967 1341 2029 donoc
1363 1970 1625 2032 consummatum
1653 1971 1713 2032 est
1737 1970 1835 2032 Unde

185 2066 383 2139 clarissima,
397 2068 430 2129 θῖ
443 2068 693 2129 evidentissima
706 2070 779 2145 ejus
791 2068 981 2143 prasentia.
1037 2064 1214 2138 Apostolus
1231 2068 1347 2127 thbi
1368 2071 1523 2128 mitium
1539 2068 1736 2130 salicorum
1763 2070 1836 2129 θεῖ-

185 2164 265 2223 Coeli
281 2166 358 2226 sunt
373 2166 485 2227 Sancti
498 2165 556 2241 qui
568 2164 716 2226 coelestia
730 2164 882 2241 diligunt.
1037 2162 1131 2221 ritmo
1165 2162 1248 2223 data
1277 2163 1330 2223 θεῖ
1358 2164 1477 2239 pratia
1521 2169 1611 2236 bac,
1645 2169 1684 2226 ta
1713 2166 1833 2240 penti-

225 2261 341 2329 Poena,
364 2259 450 2336 quod
464 2275 543 2320 caro
563 2259 723 2335 affligitur
735 2258 912 2334 multiplici
923 2259 984 2320 dc-
1038 2260 1100 2319 oca
1133 2264 1372 2335 ecoiipelizare
1407 2263 1660 2338 investigabiles
1691 2265 1834 2326 divitias

185 2354 266 2427 lore,
290 2357 322 2418 θῖ
350 2359 515 2432 postremo
536 2358 652 2418 morte.
677 2355 769 2418 Unde
797 2355 982 2417 Ecclesias—
1038 2356 1184 2428 Christi,
1226 2357 1261 2418 et
1292 2360 1489 2420 illuminare
1514 2373 1653 2431 annes,
1681 2375 1760 2434 quw
1786 2362 1834 2423 stt

184 2452 271 2513 ticus
287 2474 295 2512 ι
311 2456 566 2525 Hocjadaoam
579 2469 602 2515 a
615 2457 762 2515 Daciae
776 2455 870 2514 omni
882 2456 983 2514 corat
1036 2454 1247 2526 dispensatio
1273 2456 1483 2517 sacramenti
1505 2458 1692 2518 absconditi
1715 2474 1739 2521 a
1763 2474 1835 2521 ειθ-

182 2549 299 2627 (Eccli.
311 2565 378 2621 xm,
388 2550 611 2629 5).Jndicium
621 2550 680 2612 Dei
691 2551 814 2627 triplex
823 2549 885 2622 ost,
895 2550 984 2612 scili·
1036 2555 1109 2611 cado
1130 2554 1168 2611 ia
1186 2555 1257 2612 Deo
1284 2556 1342 2624 pal
1366 2556 1482 2613 cucata
1503 2554 1636 2615 creavit
1658 2553 1755 2633 (liph.
1778 2571 1830 2629 111,

182 2648 235 2708 cet
248 2646 471 2720 discretionis,
487 2647 693 2721 salvationis,
711 2648 744 2709 et
758 2648 982 2710 damnationis
1035 2647 1081 2725 8).
1099 2648 1349 2723 investigabiles
1368 2650 1502 2711 divitias
1528 2650 1650 2712 Christi
1677 2653 1834 2714 nomina-

182 2744 253 2806 sive
266 2745 459 2821 punitionis.
477 2748 524 2807 De
537 2746 665 2824 jndicio
685 2746 897 2808 discretionis
909 2744 981 2823 ipse
1036 2744 1085 2805 vit
1109 2744 1357 2808 multiformiter
1377 2747 1574 2823 sapientiam
1590 2750 1651 2810 Dei
1672 2750 1724 2811 rol
1743 2751 1833 2811 mul-

181 2841 231 2903 ait
241 2842 276 2903 in
289 2844 470 2919 Evangelio
484 2865 491 2903 ε
505 2847 579 2921 Ego
599 2847 636 2906 to
649 2847 822 2917 judicium
843 2847 924 2905 cerii
944 2847 981 2904 ia
1036 2841 1195 2918 tipliciter
1234 2844 1388 2918 gratiam.
1425 2846 1465 2907 Et
1503 2844 1583 2906 alibi
1616 2847 1829 2923 Apostolus:

184 2943 276 3002 litiae
289 2943 510 3010 multati-matt
523 2942 982 3015 qaiaonoidentoideantat
1035 2941 1203 3016 Magnam
1237 2942 1379 3016 pietatis
1417 2943 1693 3015 sacramentam,
1742 2947 1833 3018 qaod

182 3040 240 3111 qut
250 3040 452 3101 oidentcact
463 3039 550 3111 ῖῖαιῖῖ
561 3035 670 3117 (ioan.
680 3053 728 3111 rx,
740 3039 805 3117 39).
819 3038 916 3100 Modo
930 3054 982 3099 oc·
1035 3038 1299 3112 nanifestatam
1340 3039 1393 3101 est
1431 3043 1468 3101 in
1500 3055 1622 3113 carae,
1647 3041 1829 3113 ,tristifica-

182 3134 269 3196 cnlte
288 3134 418 3211 judicat
432 3135 582 3197 Christus
604 3135 823 3197 discernendo
844 3136 981 3197 bonose
1037 3134 1110 3194 tam
1148 3136 1201 3196 θεῖ
1236 3139 1275 3197 ia
1309 3138 1439 3212 spirita
1479 3139 1642 3213 apparuit
1681 3142 1826 3214 capelia.

181 3231 279 3292 malis
292 3232 421 3305 merito,
436 3249 518 3310 quos
533 3234 567 3293 in
583 3232 649 3295 fine
663 3233 852 3309 segregabit
864 3232 936 3294 loco
949 3234 982 3294 et
1037 3228 1065 3309 (l
1087 3230 1231 3293 Timoth.
1256 3248 1307 3301 ιιι,
1337 3231 1402 3312 16).
1431 3234 1680 3295 Sacramentum
1708 3234 1833 3295 dicitur

182 3330 330 3406 praemio.
356 3335 403 3393 De
423 3331 552 3408 judicio
567 3331 763 3393 salvationis
775 3332 829 3391 vel
848 3330 979 3406 gloritl-
1036 3343 1168 3389 sacrum
1197 3332 1362 3391 secretum
1394 3330 1480 3408 quod
1507 3332 1558 3392 est
1585 3331 1831 3394 manifestatum

181 3428 323 3490 cationis
336 3429 417 3490 dicit
429 3429 797 3506 Prophetasdudtcaott
806 3442 982 3504 pauperes
1035 3425 1070 3486 in
1085 3441 1197 3498 carne,
1221 3426 1352 3503 quando
1372 3430 1459 3489 Ι)θιιε
1479 3443 1612 3489 carnem
1639 3428 1830 3504 assumpsit,

178 3530 295 3600 populi
319 3524 389 3604 (Ρε.
404 3528 455 3598 71,
471 3526 505 3606 4)
521 3527 606 3588 idest
626 3526 816 3604 prophetas,
830 3526 979 3603 patriar·
1031 3523 1249 3600 Justiticatum
1268 3525 1304 3583 in
1321 3524 1458 3600 Spiritu,
1471 3524 1558 3601 quod
1576 3526 1680 3601 Virgo
1695 3525 1735 3586 de
1750 3525 1831 3602 Spi-

180 3623 272 3695 chas‚
296 3625 473 3700 apostolos,
498 3640 581 3702 quos
600 3628 681 3686 tunc
704 3624 847 3687 salvabit
861 3625 894 3684 et
907 3623 982 3699 glo-
1034 3620 1102 3681 ritu
1129 3620 1249 3682 Sancto
1270 3621 1432 3698 concepit.
1455 3624 1525 3683 Hoc
1540 3623 1783 3684 sacramentum
1800 3622 1831 3684 si

133 3731 143 3750 ·
180 3719 334 3780 riticabit.
359 3721 407 3783 De
424 3719 552 3796 judicio
570 3735 650 3782 vero
672 3719 895 3782 damnationis
910 3719 980 3796 ipse
1035 3718 1132 3795 plene
1156 3720 1235 3781 ante
1262 3719 1530 3780 incarnationem
1560 3720 1679 3795 Angeli
1707 3734 1834 3796 cogno·

180 3817 228 3878 ait
255 3837 263 3878 t
287 3820 368 3881 Noa
392 3821 474 3880 θθιιῖ
503 3822 541 3880 ia
569 3821 738 3881 masidam
764 3818 803 3880 at
825 3820 981 3892 judicem
1035 3814 1163 3875 sissent
1188 3831 1367 3893 numquam
1391 3816 1531 3878 dixisset
1542 3817 1830 3893 apostolusznp-

179 3919 358 4007 naamam,
380 3916 465 3978 idest
489 3917 525 3979 ut
547 3916 711 3988 damnem,
736 3919 797 3979 sed
814 3915 854 3978 at
870 3919 979 3979 salot-
1032 3910 1154 3984 paruit
1179 3913 1329 3987 Angelis.
1360 3911 1454 3971 Unde
1485 3911 1518 3972 et
1549 3912 1688 3972 Domino
1712 3926 1834 3972 ascen-

179 4010 470 4093 liccmmuadam
491 4011 602 4091 (toan.
626 4029 689 4082 ιιι,
705 4012 771 4093 47).
787 4016 834 4075 De
852 4012 980 4090 jndicio
1036 4007 1133 4069 dente
1156 4007 1198 4068 ad
1224 4007 1326 4068 coelos
1347 4006 1480 4084 quidam
1510 4006 1620 4082 angeli
1648 4007 1828 4069 dixerunt:

180 4110 363 4188 punitionis
378 4109 426 4170 ait
440 4110 558 4170 Petrus
573 4129 581 4169 z
596 4111 699 4171 Naue
714 4110 849 4183 tempas
870 4109 921 4170 θεῖ
942 4110 981 4170 at
1036 4108 1118 4172 Otito
1131 4106 1185 4168 θεῖ
1204 4106 1270 4168 ῖεῖθ
1294 4108 1371 4167 Rea
1389 4107 1510 4180 gioria
1525 4102 1629 4183 (Psal.
1648 4105 1699 4176 23,
1719 4102 1766 4182 8).
1790 4106 1833 4167 at

170 4210 343 4282 jateram
355 4206 500 4282 incipiat
511 4209 642 4268 adonim
652 4209 717 4267 Dei
729 4203 758 4284 (l
771 4207 842 4268 Ρθῖ.
854 4220 900 4279 iv,
913 4206 978 4288 li),
1036 4202 1122 4264 sicut
1142 4201 1223 4264 dicit
1240 4203 1362 4263 Beatus
1388 4202 1590 4283 Dionysius:
1614 4218 1632 4261 ε
1650 4201 1831 4263 Excellen-

179 4303 265 4378 lirgo
289 4301 352 4363 hoc
371 4300 534 4379 judicium
553 4299 680 4363 mortis.
703 4303 768 4362 Pro
788 4299 830 4360 iis
848 4299 978 4363 duobus
1035 4300 1137 4362 tiores
1171 4299 1290 4376 Angeli
1321 4299 1565 4376 responderunt
1603 4298 1750 4361 dicentes
1778 4316 1831 4360 a:

179 4397 311 4460 dicebat
334 4399 437 4459 David
460 4419 468 4458 ε
491 4399 609 4460 Sitioit
632 4400 669 4460 ta
689 4398 723 4461 tc
744 4399 864 4459 anima
888 4413 979 4489 mea,
1035 4401 1203 4459 Dominus
1236 4397 1408 4458 contritam
1439 4400 1513 4472 ipse
1536 4397 1588 4458 est
1608 4400 1686 4458 Rea
1710 4400 1832 4473 gioria

178 4511 283 4572 qaam
292 4496 530 4570 multipliciter
540 4497 574 4557 θῖ
587 4509 671 4557 caro
684 4509 763 4558 mea
778 4491 849 4573 (Ρε.
865 4497 916 4568 62,
933 4495 979 4575 2).
1037 4493 1139 4573 (Psal.
1149 4496 1200 4567 23,
1208 4493 1337 4573 8).Non
1350 4494 1454 4570 igitur
1464 4494 1518 4555 est
1527 4494 1727 4555 credendum
1742 4492 1831 4571 quod

179 4593 280 4667 Quasi
300 4594 426 4656 diceret
442 4614 450 4654 ι
468 4592 579 4655 Siiivit
592 4592 628 4654 in
642 4595 686 4666 te,
704 4608 764 4654 seu
778 4592 982 4655 desideravit
1035 4591 1257 4667 archangelus
1272 4590 1406 4652 Gabriel
1421 4591 1477 4668 qui
1489 4591 1618 4653 tantum
1631 4589 1828 4668 mysterium

177 4698 222 4765 te,
239 4693 465 4757 utmundetur
486 4707 506 4753 a
526 4690 590 4753 tide
611 4691 761 4752 :etcaro
784 4706 859 4751 mea
882 4706 981 4769 quam
1035 4689 1166 4764 Virgini
1191 4688 1368 4761 revelavit,
1401 4704 1488 4749 nnus
1523 4688 1624 4750 fuerit
1656 4688 1696 4750 de
1721 4688 1833 4749 mino-

178 4792 417 4869 multipliciter,
450 4790 535 4851 idest
568 4788 744 4866 multiplici
777 4788 892 4850 dolore
926 4789 980 4850 rel
1035 4785 1139 4847 ribus.

177 4889 355 4966 multiplici
376 4888 587 4950 necessitate.
601 4886 725 4948 Videas
749 4885 854 4962 igitur
867 4886 981 4948 Domi·
1076 4885 1156 4944 Item
1171 4882 1317 4958 Angelus
1336 4882 1386 4944 ost
1404 4883 1525 4942 missus
1541 4881 1582 4943 ad
1603 4882 1775 4958 Virginem
1795 4883 1833 4944 ut

177 5003 240 5051 nus
264 4986 432 5047 diabolum
453 4984 595 5061 superbe
608 4984 758 5060 gloriari,
781 4984 816 5048 et
837 4984 981 5045 Sanctos
1035 4981 1094 5042 tali
1126 4982 1367 5042 monstraretur
1403 4979 1569 5056 example,
1596 4979 1683 5056 quod
1712 4980 1831 5041 sancta

176 5082 406 5161 multipliciter
417 5081 532 5157 affligi,
541 5081 689 5144 docrevit
700 5081 846 5142 humano
859 5096 981 5159 generi
1036 5078 1211 5155 virginitas
1251 5077 1381 5153 angelis
1424 5080 1476 5137 est
1509 5075 1665 5151 cognata,
1701 5075 1833 5151 angelis

176 5181 354 5246 subvenire
377 5182 411 5242 et
431 5178 602 5255 peccatum
629 5178 746 5240 eodem
770 5178 889 5240 ordine
913 5194 980 5256 quo
1036 5177 1259 5254 comparatur,
1274 5174 1316 5236 ab
1345 5173 1473 5249 angelis
1493 5172 1686 5244 honoratur,
1708 5171 1750 5233 ab
1769 5188 1833 5234 au·

175 5280 362 5343 intraverat
375 5277 568 5338 emundare·
1035 5282 1119 5358 gells
1134 5282 1300 5343 visitatur.
1315 5280 1385 5345 Nec
1403 5278 1524 5340 mirum
1546 5277 1634 5355 quod
1649 5277 1832 5354 desponsa-

218 5377 312 5440 Unde
331 5376 419 5438 sicut
439 5372 579 5435 audistis
601 5388 644 5434 ex
665 5373 807 5435 lectione
822 5375 977 5449 Evange·
1035 5381 1090 5441 tur
1106 5379 1245 5439 Domino
1274 5376 1469 5456 majestatis.
1494 5375 1588 5437 Unde
1613 5375 1830 5438 Ambrosius:

174 5475 251 5546 lica,
266 5474 357 5536 misit
372 5473 527 5549 angelum
538 5470 726 5532 Gabrielem
739 5470 781 5532 ad
792 5471 979 5549 Virginem,
1035 5494 1053 5535 θ
1068 5477 1173 5538 Νθιιιο
1187 5476 1327 5537 miretur
1347 5474 1376 5535 si
1400 5473 1529 5550 angelis
1544 5473 1720 5549 virginitas
1735 5487 1831 5533 com-

175 5574 255 5644 Quae
268 5571 365 5633 lectio
380 5569 569 5633 coelestibus
581 5568 750 5647 mysteriis
762 5570 814 5631 θεῖ
823 5567 978 5631 foecunda
1020 5572 1191 5652 'paratum
1223 5588 1296 5650 quae
1326 5572 1534 5649 augelorum,
1571 5570 1711 5631 Domino
1739 5585 1832 5646 nup-
