3968 6204
152 304 192 364 47
616 297 794 360 HONORII
815 297 862 357 111
885 295 1034 357 OPERA.
1051 325 1092 342 -
1106 297 1341 361 SERMONES.
1771 303 1811 362 48

154 461 300 522 maxime
333 460 464 539 quando
493 458 675 521 ducebatur
697 458 734 519 in
759 456 949 534 AEgrptum.
1007 455 1103 518 111111
1115 458 1230 530 maris,
1246 458 1355 521 etheo
1369 456 1527 521 hebraico
1542 472 1706 534 sermone,
1724 461 1814 537 Syro

155 559 250 622 Unde
273 559 411 636 angelus
431 559 473 620 ad
492 557 635 635 loseph:
659 559 782 631 Accipe
802 570 954 630 puerum
1006 555 1117 616 autem
1142 571 1306 627 sermone,
1330 556 1483 617 Domina.
1506 556 1610 617 Beata
1632 557 1739 618 Maria
1756 559 1809 620 est

155 658 190 719 et
222 659 374 719 ntatrem
408 660 484 723 eius
517 656 552 717 et
578 657 659 730 sape
693 657 731 715 tu
763 654 953 730 AEppptem
1007 652 1193 715 illuminata
1213 669 1272 731 per
1295 653 1473 730 specialem
1493 655 1652 730 gratiam;
1678 654 1810 716 illumi-

156 752 264 833 (Matt.
280 771 317 826 11,
334 753 398 833 13.)
409 754 511 829 Virgo
527 767 657 829 quoque
673 751 843 829 indigebat
858 753 951 815 sola·
1007 751 1120 812 natrix
1134 766 1193 827 per
1202 751 1421 829 principalem
1429 752 1610 829 justitiam,
1628 752 1811 814 111111111-

157 852 205 914 tio
220 852 311 913 virili
323 869 365 913 ne
380 851 451 911 sola
466 850 630 929 pergeret.
1007 848 1054 909 ris
1078 864 1138 925 per
1156 848 1335 925 specialem
1354 849 1630 910 misericordiam.
1653 852 1808 923 Domina,

196 952 320 1021 Quarta
335 950 372 1010 ut
386 949 508 1010 Christi
527 950 559 1010 et
581 949 738 1010 Ecclesiae
758 948 953 1025 mysterium
1007 962 1068 1023 per
1096 946 1287 1007 aeternalem
1311 946 1503 1024 potentiam,
1533 948 1722 1010 illuminata
1746 965 1811 1026 per

156 1048 357 1122 signaretur,
375 1048 452 1124 quia
468 1047 666 1108 sicutBeata
681 1047 788 1107 Maria
801 1046 863 1107 luit
877 1047 954 1107 des-
1007 1044 1214 1121 spiritualem
1227 1044 1380 1120 gratiam,
1396 1046 1482 1107 sicut
1495 1046 1641 1122 Angelus
1654 1046 1739 1108 dixit
1753 1047 1805 1107 ei:

157 1147 296 1223 pensata
312 1145 370 1207 sed
385 1145 486 1220 Virgo
499 1144 638 1221 peperit,
655 1145 702 1206 ita
714 1145 862 1206 Ecclesia
877 1144 954 1205 des-
1007 1142 1809 1221 1111111111.111111111111111111111

157 1245 296 1321 pensata
312 1244 364 1305 111
374 1242 516 1315 Christo,
530 1243 563 1304 et
577 1243 672 1318 virgo
693 1242 790 1319 parit.
810 1245 858 1304 De
872 1242 952 1303 des·
1007 1240 1115 1315 gratia
1134 1238 1220 1302 sicut
1234 1240 1352 1312 Maria,
1376 1257 1449 1318 quae
1467 1241 1557 1302 omni
1572 1241 1681 1317 gratia
1705 1243 1810 1318 spiri-

156 1341 353 1420 ponsatione
368 1340 450 1403 dicit
460 1340 657 1417 Apostolus:
676 1343 847 1415 nespcnet
861 1344 954 1403 carim
1007 1337 1092 1399 tueli
1106 1352 1207 1414 super
1220 1337 1394 1400 universas
1413 1337 1476 1400 tuit
1488 1339 1676 1411 benedicta,
1690 1339 1726 1400 et
1740 1355 1808 1400 non

156 1455 218 1502 ecs
241 1441 303 1501 unt
326 1442 403 1501 etro
427 1442 601 1516 virginem
627 1439 761 1500 costam
792 1442 953 1501 exhibere
1008 1434 1115 1495 solum
1130 1435 1221 1495 omni
1235 1437 1344 1512 gratia
1358 1435 1519 1498 adornata
1543 1435 1607 1499 tuit
1625 1437 1661 1497 in
1683 1438 1805 1508 mente,

157 1538 293 1600 Citrtsto
306 1535 350 1616 (11
361 1537 484 1599 corint.
498 1552 534 1609 11,
548 1533 612 1615 13.)
626 1538 673 1597 De
687 1537 785 1613 partu
796 1536 954 1613 virginali
1007 1547 1123 1593 verum
1138 1531 1238 1593 etiam
1253 1547 1329 1593 eum
1344 1548 1364 1593 a
1379 1548 1443 1610 quo
1459 1533 1492 1594 et
1505 1532 1541 1592 in
1556 1548 1620 1610 quo
1633 1534 1684 1594 est
1695 1533 1806 1593 omnis

157 1634 351 1696 Ambrosius
365 1656 374 1695 ε
390 1653 409 1694 c
424 1634 518 1697 Parit
532 1651 592 1696 nos
605 1635 707 1710 Virgo
721 1634 828 1696 Mater
839 1634 954 1696 Ecole-
1008 1629 1117 1705 gratia
1142 1628 1285 1705 gestavit
1306 1630 1343 1691 in
1362 1631 1488 1691 venire.
1513 1631 1607 1691 Unde
1636 1631 1806 1707 Hierony-

157 1733 209 1794 sia
227 1748 294 1793 non
314 1748 389 1793 cum
409 1731 523 1793 dolore
546 1732 778 1804 membrorum,
801 1731 859 1793 sed
879 1748 954 1794 cum
1008 1743 1102 1788 mus:
1119 1743 1138 1786 ‹
1153 1727 1302 1788 Caelestis
1321 1727 1427 1788 imber
1443 1728 1479 1788 in
1498 1727 1805 1804 virgineumrellus

158 1830 290 1906 gaudiis
305 1830 510 1905 angelorum.
523 1831 672 1902 »Quinta
691 1847 733 1891 ne
747 1831 853 1892 mater
864 1831 956 1892 velut
1008 1824 1139 1902 placido
1160 1840 1196 1886 se
1210 1823 1328 1886 effudit
1342 1825 1468 1902 elapsu,
1491 1826 1525 1886 et
1537 1827 1606 1887 tota
1621 1825 1807 1886 divinitatis

157 1927 310 1989 adultera
332 1927 547 2005 lapidaretur,
564 1945 647 2005 quos
669 1929 697 1988 si
720 1929 827 1990 Judaei
848 1930 956 1991 vidis·
1009 1923 1098 1984 unda
1123 1922 1158 1982 in
1173 1938 1307 1984 carnem
1332 1938 1368 1984 se
1387 1922 1538 1991 contulit,
1567 1922 1697 2000 quando
1722 1938 1805 1983 rer-

158 2026 232 2088 sent
244 2025 350 2086 fllium
362 2026 395 2088 et
406 2042 473 2087 non
487 2027 654 2099 maritum,
672 2026 843 2103 putassent
861 2027 954 2088 illam
1008 2019 1085 2080 bum
1097 2035 1175 2081 caro
1190 2019 1376 2082 factumest
1390 2020 1422 2081 et
1437 2020 1598 2081 habitavit
1611 2019 1646 2080 in
1659 2019 1766 2081 nobis.
1785 2037 1805 2079 »

157 2123 356 2197 adulteram,
376 2126 409 2185 et
425 2124 609 2185 seeundum
628 2123 736 2200 legem
750 2124 955 2202 lapidassent
1009 2117 1122 2179 vellus
1146 2117 1197 2178 est
1220 2117 1260 2178 de
1284 2133 1395 2188 carne,
1429 2117 1485 2178 sed
1515 2133 1582 2179 non
1607 2117 1708 2179 sentit
1727 2133 1808 2178 car·

156 2221 261 2283 illam.
290 2223 330 2283 Et
357 2221 437 2283 licet
460 2223 620 2283 Dominus
647 2222 793 2298 potuerit
815 2223 954 2284 matrem
1009 2216 1062 2276 nis
1077 2215 1241 2276 ardorem·
1265 2215 1319 2276 Sic
1337 2217 1439 2276 Beata
1460 2217 1563 2291 virgo
1578 2215 1640 2275 luit
1662 2217 1741 2275 nata
1765 2215 1808 2276 de

157 2318 623 2392 suamaludaeisdeiendere,
638 2319 745 2382 noluit
756 2320 868 2381 tamen
881 2336 955 2383 eam
1010 2329 1121 2385 carne,
1150 2313 1208 2373 sed
1236 2329 1303 2373 non
1338 2313 1442 2374 sensit
1474 2313 1585 2373 carnis
1619 2312 1804 2375 libidinem.

155 2418 313 2480 infamari
338 2416 379 2478 de
398 2418 556 2493 crimine;
585 2417 643 2478 sed
668 2418 778 2494 potius
805 2420 955 2495 permisit
1009 2411 1159 2473 Coelestis
1174 2411 1280 2472 imber
1301 2412 1351 2472 est
1365 2411 1522 2471 divinitas
1538 2409 1610 2483 tilii,
1628 2410 1705 2488 quia
1721 2410 1808 2473 sicut

157 2516 271 2577 lideles
284 2516 326 2577 ad
338 2516 468 2593 tempus
480 2515 521 2575 de
536 2532 596 2576 suo
609 2517 685 2577 ortu
697 2515 859 2577 dubitare.
870 2517 955 2580 Hinc
1008 2509 1116 2571 imbui
1136 2511 1262 2571 teriam
1288 2507 1455 2570 soesllssdssi
1481 2508 1554 2569 ³1⁰0
1579 2509 1804 2585 corruptione,

156 2616 207 2677 est
217 2614 302 2692 quod
311 2614 436 2692 ioseph
445 2613 566 2675 dicitur
578 2629 651 2675 esse
662 2613 955 2692 paterejussecun-
1009 2608 1056 2669 ita
1071 2604 1724 2677 11111Ιί111111111111111111111111111,
1739 2622 1806 2667 non

157 2711 235 2773 dum
264 2711 347 2772 illud
377 2712 550 2790 Evangelii
578 2729 586 2768 τ
619 2714 710 2775 Erat
739 2713 851 2775 Peter
880 2717 955 2787 1111
1009 2705 1147 2767 abstulit
1157 2704 1391 2780 integritatem.
1407 2705 1446 2765 Et
1458 2705 1507 2764 est
1521 2719 1657 2763 sensus:
1681 2704 1808 2765 (111111-

157 2810 956 2886 ctMotcrmiroetessuperitapraedicebantur
1008 2803 1052 2865 tis
1074 2801 1181 2864 imber
1199 2819 1235 2863 se
1259 2800 1381 2863 infudit
1408 2802 1444 2862 in
1471 2801 1659 2876 uirgineum
1684 2801 1804 2875 vellus,

156 2910 198 2970 cte
219 2911 274 2970 tito
296 2906 391 2987 (Luc.
416 2924 458 2980 11,
483 2907 551 2987 33.)
578 2910 678 2970 Sexta
706 2925 749 2970 ne
767 2909 954 2985 virginibus
1008 2900 1104 2973 idest,
1125 2900 1186 2961 Dei
1210 2900 1299 2961 lilius
1320 2898 1490 2960 descendit
1512 2899 1546 2958 in
1574 2900 1746 2973 virginem,
1772 2901 1808 2961 et

159 3006 349 3083 exemplum
368 3005 515 3067 infamiae
537 3006 751 3083 praeberetur,
773 3008 851 3085 quia
877 3024 955 3085 pos-
1008 3000 1072 3061 hoc
1086 2999 1216 3077 placido
1241 2998 1367 3075 elapsu,
1391 2997 1476 3058 idest
1496 2997 1605 3074 quieto
1627 2995 1803 3068 descensu,

159 3103 235 3166 sent
260 3103 371 3166 dicere
394 3104 558 3181 virgines,
574 3105 703 3182 quoties
733 3105 773 3166 de
798 3107 848 3167 eis
867 3107 954 3168 mala
1009 3097 1095 3175 quod
1110 3094 1806 3171 11111111111111111111111111111111-

158 3202 307 3279 suspicio
322 3202 489 3263 nascitur:
506 3203 582 3263 Non
596 3203 647 3264 est
663 3201 784 3263 mirum
801 3204 831 3264 sl
845 3204 956 3266 homi·
1009 3211 1096 3256 mum
1114 3193 1330 3273 perturbavit·
1351 3194 1390 3254 Ei
1404 3194 1474 3254 tota
1498 3191 1681 3254 divinitatis
1703 3192 1804 3263 undu,

156 3315 216 3360 nes
232 3299 346 3361 dicunt
359 3299 447 3360 mala
460 3300 500 3361 de
514 3299 610 3361 nobis
626 3300 682 3362 vel
696 3300 817 3378 turpia,
834 3301 912 3379 quia
922 3303 955 3365 et
1009 3292 1104 3365 idest,
1127 3293 1196 3354 tota
1221 3292 1379 3354 divinitas
1399 3290 1489 3354 relut
1508 3292 1596 3353 unda
1611 3306 1647 3350 se
1668 3289 1809 3351 contulit

155 3396 238 3458 talia
253 3395 410 3457 dixerunt
421 3397 462 3457 de
475 3399 576 3459 Beata
590 3398 710 3459 Maria.
725 3398 830 3475 [gitur
846 3415 888 3461 ne
901 3401 955 3461 ta.
1009 3389 1044 3451 in
1057 3405 1204 3451 carnem.
1220 3392 1291 3451 Hoc
1306 3390 1356 3451 est
1371 3390 1456 3466 quod
1472 3390 1594 3451 dicitur
1607 3387 1642 3448 in
1653 3387 1805 3448 Psalmoz

157 3492 222 3554 lem
230 3492 417 3570 proferrent
427 3495 793 3568 excusationemdatus
802 3497 955 3573 estspon·
1008 3488 1198 3549 1188061111θί
1210 3488 1301 3549 Sistit
1312 3490 1430 3562 Pluvia
1442 3491 1479 3547 bl
1493 3493 1598 3548 vellaus
1611 3483 1679 3564 (Pb
1692 3487 1742 3558 71,
1759 3483 1806 3565 6.)
1832 3550 1835 3555 4

157 3606 214 3651 sus
229 3592 340 3653 Beatee
355 3591 483 3664 Mariae,
500 3608 542 3653 ne
557 3608 701 3669 persona
712 3596 783 3670 eius
798 3594 851 3656 rel
861 3594 954 3655 tenui
1047 3586 1150 3647 Busta
1169 3585 1277 3646 Maria
1297 3586 1348 3645 est
1363 3584 1584 3645 illuminatrix
1598 3600 1658 3660 per
1676 3584 1809 3661 specia-

155 3689 380 3751 macularetur
408 3689 555 3750 iniamiae
581 3691 670 3752 nota.
703 3692 774 3752 Hoc
802 3693 953 3770 exemplo
1008 3682 1074 3744 lem
1093 3683 1271 3760 justitiam,
1298 3684 1333 3744 ut
1352 3684 1402 3744 est
1422 3682 1503 3743 illud
1525 3681 1611 3758 quod
1634 3682 1805 3742 canimus=

155 3785 316 3847 docentur
330 3785 487 3847 mulieres
503 3786 536 3847 et
549 3786 699 3862 virgines
720 3802 741 3847 1
756 3788 907 3864 personis
922 3789 955 3850 et
1009 3798 1027 3841 s
1049 3783 1150 3858 Cujus
1162 3781 1231 3843 vite
1248 3781 1374 3859 inclyta
1386 3781 1522 3842 cunctas
1536 3780 1682 3841 illustrat
1694 3778 1806 3840 eccle-

155 3884 238 3944 locis
258 3899 294 3944 se
317 3883 516 3946 subtrahere
539 3882 718 3962 dequibus
740 3886 852 3961 posset
872 3885 954 3947 oriri
1009 3877 1121 3939 sias.»
1141 3880 1191 3938 Ex
1210 3878 1270 3938 illu
1285 3893 1427 3953 nameus
1443 3878 1611 3953 tamquam
1629 3893 1671 3937 ex
1689 3892 1807 3937 exem-

156 3981 235 4041 nota
246 3980 404 4042 infamiae.
422 3981 508 4042 Hinc
523 3983 574 4042 est
591 3981 678 4058 quod
700 3983 839 4058 angelus
859 3983 955 4045 inve-
1009 3975 1095 4053 pluri
1118 3989 1293 4051 possumus
1317 3987 1449 4032 sumere
1464 3972 1622 4048 quidquid
1642 3974 1805 4045 sanctum,

155 4078 206 4139 nit
229 4078 370 4139 Mariam
394 4078 514 4139 nonin
536 4079 655 4155 plateis
675 4081 862 4156 vagantem,
887 4097 953 4142 non
1009 4072 1167 4151 quidquid
1205 4071 1376 4148 pudicum,
1411 4068 1569 4147 quidquid
1610 4069 1804 4143 honestum,

155 4192 231 4236 cum
250 4174 430 4253 juvenibus
454 4174 695 4252 colloquentem
722 4178 781 4239 sed
806 4178 841 4238 in
866 4179 954 4240 cubi·
1008 4169 1165 4249 quidquid
1190 4168 1312 4228 bonum
1334 4167 1486 4227 volumus
1516 4182 1684 4228 exercere.
1712 4167 1807 4228 Unde

155 4272 229 4333 culo
252 4271 483 4349 spirituatibus
502 4274 686 4347 vacantem,
711 4276 892 4338 secundum
911 4277 955 4337 il·
1007 4266 1220 4330 Ambrosius:
1237 4264 1807 4341 «1111111111111111111111111

153 4368 231 4430 lndz
247 4374 433 4446 inpressas
445 4354 596 4448 Aeneiae
605 4376 741 4434 adeam
756 4375 846 4435 diecti
857 4392 868 4433 :
881 4378 954 4437 Ave
1008 4364 1172 4441 descripta
1183 4363 1252 4424 vita
1262 4362 1390 4424 Mariae.
1404 4361 1490 4422 Hinc
1500 4362 1642 4423 sumatis
1652 4363 1807 4439 exempla

155 4466 251 4547 (Luc,
270 4484 298 4542 r,
321 4467 388 4549 28.)
415 4470 593 4546 Nunquam
620 4469 788 4533 diceretur
814 4472 953 4548 angelus
1007 4462 1152 4535 vivendi,
1178 4461 1235 4524 ubi
1257 4462 1426 4538 tamquam
1454 4460 1490 4519 11
1518 4460 1703 4537 exemplari
1730 4462 1807 4523 sunt

154 4566 327 4642 ingressus
344 4566 486 4636 adeam,
503 4567 570 4628 nisi
589 4584 662 4630 eam
685 4570 721 4629 in
740 4570 877 4631 seeretis
894 4568 955 4630 do-
1008 4559 1200 4636 magisteria
1215 4559 1389 4637 probitatis
1402 4573 1571 4635 expressa.
1589 4575 1608 4617 1

153 4680 227 4725 mus
251 4682 321 4726 suae
342 4665 570 4743 penetralibus
592 4666 786 4727 invenisset.
807 4667 953 4743 Septima
1047 4658 1149 4719 Beata
1161 4656 1438 4719 Mariaeststellu
1452 4656 1554 4717 maris
1567 4671 1627 4733 per
1641 4655 1808 4733 principa·

153 4763 190 4824 ut
217 4762 266 4823 sic
293 4764 430 4825 castitas
453 4763 628 4840 virginalis
655 4764 950 4837 commendaretur,
1007 4755 1072 4816 lem
1087 4753 1360 4824 misericordiam,
1379 4753 1465 4830 quud
1481 4753 1567 4815 sicut
1582 4753 1692 4814 uautae
1707 4754 1806 4815 nocte

152 4875 195 4919 ne
217 4861 405 4936 conjugalis
435 4862 632 4924 castimonia
656 4861 844 4934 laederetur,
865 4862 952 4939 quod
1007 4852 1191 4930 respiciunt
1203 4852 1244 4913 ad
1259 4852 1352 4913 illam
1369 4850 1499 4912 stellam
1513 4851 1550 4913 ut
1565 4851 1694 4927 possint
1706 4867 1805 4913 suum

153 4958 256 5017 Beata
273 4958 381 5018 Maria
396 4960 583 5037 exemplum
596 4961 647 5021 est
662 4960 827 5022 castitatis
848 4960 955 5036 virgi·
1008 4966 1142 5012 cursum
1152 4950 1308 5026 dirigere,
1319 4951 1351 5011 et
1361 4948 1549 5027 periculosa
1559 4948 1634 5010 loca
1644 4949 1804 5025 evadere3

153 5052 252 5114 nibus
279 5056 311 5115 et
332 5057 536 5132 conJugatis;
554 5057 740 5133 virginibus
756 5059 792 5119 in
807 5074 846 5119 eo
866 5059 952 5136 quod
1007 5049 1054 5112 itu
1075 5065 1136 5111 nos
1157 5048 1192 5109 ib
1213 5047 1381 5109 11001ΰᾶΓί
1401 5061 1521 5122 magno
1543 5045 1575 5107 si
1594 5046 1754 5122 spatioso,
1771 5047 1808 5109 in

156 5153 259 5228 Virgo
269 5152 397 5230 peperit
408 5153 585 5227 Christum,
595 5155 741 5217 ostendit
750 5155 952 5233 virginitatis
1006 5145 1278 5209 tribulationibus
1301 5145 1334 5207 st
1355 5143 1624 5215 adversitatibus,
1646 5143 1683 5203 iu
1698 5145 1810 5206 iente-

154 5250 388 5314 inaestimabile
404 5251 751 5329 donum;conJugatis,
766 5253 851 5317 ineo
866 5254 951 5332 quod
1007 5244 1155 5307 tionibus
1176 5245 1210 5304 et
1224 5242 1387 5318 angustiis
1411 5241 1453 5303 ad
1478 5240 1572 5301 illam
1593 5241 1804 5318 respicimus,

1 5373 2 5448 ἐ
105 5404 110 5411 ,
155 5348 220 5409 1111
242 5348 453 5426 desponsata,
472 5349 615 5410 ostendit
642 5365 662 5410 a
687 5352 755 5411 Deo
779 5350 951 5414 benedicta
1008 5346 1103 5419 eujus
1118 5341 1247 5401 meritis
1262 5341 1295 5401 et
1314 5338 1469 5416 Precibus
1484 5339 1635 5415 011Ρὶ111118
1657 5339 1805 5401 liberabi·

153 5460 228 5505 esse
243 5447 408 5524 conjugia.
1009 5442 1047 5501 Et
1061 5440 1134 5516 ipsa
1150 5438 1236 5498 sicut
1249 5439 1299 5499 est
1311 5438 1419 5498 Mater
1433 5436 1673 5498 misericordiae
1686 5436 1809 5498 subve-

192 5543 238 5603 Et
252 5557 377 5605 atomon
397 5547 549 5620 Virginis
562 5546 690 5606 biario.
715 5545 822 5608 Maria
845 5546 952 5609 inter.
1007 5537 1057 5599 nit
1076 5536 1172 5597 nobis
1192 5535 1227 5596 in
1247 5535 1337 5596 omni
1357 5533 1568 5596 necessitate.
1597 5533 1691 5595 Unde
1711 5535 1810 5596 Salo-

154 5639 303 5717 pretatur
327 5640 516 5705 illuminata
544 5643 596 5706 vel
625 5642 866 5718 illuminatrix,
896 5645 948 5707 vel
1005 5651 1080 5698 mon
1094 5656 1101 5695 ε
1117 5637 1242 5697 Meiros
1260 5649 1343 5695 sues
1358 5631 1497 5708 operuit
1516 5635 1608 5706 inopi
1623 5632 1657 5694 ct
1673 5636 1808 5710 1111111
