3958 6204
182 268 240 330 271
648 264 825 327 HONORII
846 263 892 324 111
913 264 1061 324 OPERA.
1080 292 1119 307 -
1134 262 1368 324 SERMONES.
1769 264 1832 324 272

186 427 288 491 Stetit
310 434 371 506 per
396 426 517 491 auxilii
548 423 844 504 praeparationem.
885 422 1017 486 Unde..
1033 437 1122 484 aere.
1139 421 1233 484 Unde
1254 420 1382 484 David:
1402 423 1562 485 voluere:
1580 423 1656 485 caeli
1672 422 1706 484 θῖ
1717 426 1832 498 pisces

183 525 377 600 Stephanus
405 542 484 588 cum
504 524 738 599 mercaretur,
753 522 868 584 dimit:
882 525 980 585 video
1033 522 1156 581 murts.
1185 519 1310 582 Goeium
1338 518 1504 581 sidereum
1527 519 1578 580 θεῖ
1602 519 1637 579 in
1667 534 1732 597 quo
1762 520 1833 581 lixa

184 625 285 682 coelos
303 622 443 694 opertos
457 620 625 680 etlemsm
639 618 790 678 stactem
808 618 980 678 adestote
1035 616 1111 678 sunt
1131 614 1252 688 sidera,
1277 616 1375 688 idest,
1403 615 1519 677 stellae.
1550 618 1597 677 De
1621 633 1687 693 quo
1713 615 1832 678 beatus

183 724 248 784 Dei
261 717 346 797 (Act.
362 733 420 788 vn,
436 714 501 794 55).
1035 715 1213 790 Gregorius
1229 714 1276 776 ait
1292 735 1299 773 ε
1316 731 1335 773 ‹
1354 718 1420 774 Aer
1434 713 1510 774 coeli
1534 713 1694 790 qualitate
1717 714 1834 791 dispo-

226 816 383 892 Sequitur
399 831 406 869 :
423 814 468 873 Εῖ
481 826 647 874 cacumen
660 814 735 885 ejus
751 813 895 889 tangens
912 826 982 873 coe·
1034 811 1135 882 nitur,
1148 814 1237 874 terra
1250 826 1328 872 vero
1339 826 1417 872 aere
1432 810 1786 872 ioecundatur.»Uude
1796 813 1833 873 in

185 920 254 976 lum
271 912 365 991 (Gen.
379 926 499 982 xxviii,
519 908 582 989 12).
600 909 810 971 Pensandum
825 910 885 981 ost,
907 907 980 970 ira·
1035 908 1176 971 Genesi:
1200 909 1338 970 Vocavit
1357 912 1451 970 Deus
1475 908 1738 980 firnsameetum
1762 925 1836 971 θω-

184 1011 252 1072 tres
272 1008 490 1079 dilectissimi,
508 1007 593 1084 quod
614 1022 674 1084 per
698 1022 857 1069 cacumen
881 1005 980 1067 scalae
1034 1011 1115 1068 tecm.
1143 1006 1269 1066 coelum
1292 1020 1484 1083 empyreum
1507 1007 1558 1067 θεῖ
1575 1005 1610 1067 in
1632 1021 1697 1082 quo
1718 1005 1835 1082 angeli

185 1106 397 1182 triumphans
411 1106 605 1182 designatur
623 1104 782 1177 Ecclesia,
805 1106 900 1180 cujus
914 1102 980 1164 ho·
1035 1102 1231 1164 consistunt.
1272 1103 1312 1165 Et
1351 1102 1473 1164 dicitur
1507 1118 1714 1180 empyreum,
1746 1104 1836 1166 idest

185 1204 302 1266 dierna
317 1203 372 1265 die
392 1220 465 1281 quae
480 1203 627 1264 militans
642 1203 693 1264 θεῖ
714 1201 863 1263 Ecclesia
885 1200 982 1261 nata-
1035 1200 1168 1277 igneum
1196 1217 1216 1262 a
1244 1200 1431 1278 splendore,
1455 1216 1522 1263 non
1552 1217 1571 1264 a
1603 1201 1724 1273 calore,
1753 1201 1835 1278 quia

184 1302 258 1363 litia
273 1302 362 1364 colit.
383 1301 558 1378 attriplex
573 1301 623 1362 est
644 1299 789 1361 hominis
811 1298 979 1359 nativitas
1035 1297 1243 1375 splendidum
1273 1299 1325 1360 θεῖ
1356 1301 1455 1376 atque
1482 1314 1648 1359 serenum.
1687 1299 1833 1374 Dignum

185 1399 299 1461 Pmma
322 1399 374 1460 θεῖ
392 1400 539 1473 naturae;
561 1397 704 1459 secunda
725 1396 862 1472 gratiae,
882 1396 982 1457 tertia
1035 1397 1156 1473 quippe
1175 1395 1249 1469 luit,
1270 1397 1306 1458 ut
1320 1396 1407 1458 sicut
1425 1396 1538 1472 angeli
1558 1396 1636 1458 suut
1654 1394 1833 1471 splendidi,

185 1497 313 1573 gloriae.
339 1495 453 1557 Prima
468 1494 623 1557 nativitas
640 1495 690 1554 est
710 1494 746 1554 in
767 1492 904 1553 miseria
922 1507 982 1569 per
1034 1494 1081 1555 ita
1103 1492 1264 1556 habereut
1278 1492 1468 1570 splendidas
1483 1494 1685 1556 mansiones.
1707 1494 1755 1554 Ι)θ
1769 1493 1836 1554 hoc

185 1595 329 1672 culpam,
346 1594 491 1656 secunda
503 1592 675 1671 inJustitia
688 1591 866 1669 perfidem,
881 1590 981 1653 tertia
1035 1591 1130 1664 coelo,
1151 1591 1267 1652 dicunt
1281 1590 1445 1663 doctores,
1467 1591 1554 1668 quod
1576 1591 1687 1652 statim
1708 1592 1746 1651 ut
1759 1588 1836 1651 iac-

185 1691 222 1751 in
232 1691 353 1767 gaudio
366 1706 426 1768 per
434 1691 609 1751 visionem.
624 1691 661 1749 In
674 1689 778 1765 prima
794 1687 983 1749 ostenditur
1034 1690 1104 1750 tum
1119 1689 1179 1758 θεῖ,
1196 1687 1325 1764 angelis
1337 1689 1500 1766 repletum
1514 1688 1574 1751 θεῖ.
1593 1687 1686 1749 Unde
1701 1687 1808 1748 David
1826 1707 1836 1747 :

186 1789 246 1849 Dei
263 1788 407 1866 justitia,
427 1788 463 1848 iu
485 1787 630 1848 secunda
653 1786 715 1848 Dei
735 1785 923 1856 clementia,
945 1784 981 1844 in
1036 1790 1166 1849 Caelum
1179 1789 1255 1848 coelt
1269 1789 1426 1857 Domine,
1444 1785 1539 1858 idest,
1555 1784 1641 1846 Filio
1656 1801 1715 1846 suo
1730 1784 1835 1858 dedit,

186 1887 284 1947 tortia
300 1885 359 1946 Dei
369 1884 613 1947 benovolentia.
634 1886 671 1944 In
685 1883 792 1960 prima
806 1882 858 1944 est
871 1881 980 1960 culpa,
1036 1884 1072 1944 ut
1093 1883 1140 1944 ihi
1154 1884 1270 1959 regnet
1294 1899 1369 1945 oum
1390 1883 1506 1945 electis
1527 1882 1609 1943 suis.
1626 1882 1709 1942 Goeli
1732 1882 1839 1958 spiri-

186 1982 222 2043 in
238 1983 383 2043 secunda
401 1982 565 2053 meritum,
582 1982 616 2042 in
629 1981 729 2042 tertia
742 1979 928 2057 praemium.
944 1980 984 2040 et
1035 1981 1143 2043 tuales
1153 1981 1231 2043 suut
1241 1983 1320 2054 tres,
1330 1981 1371 2042 de
1381 1980 1501 2059 quibus
1514 1996 1583 2042 uon
1593 1983 1644 2043 θεῖ
1654 1979 1837 2041 dicendum

186 2080 234 2141 iia
249 2079 348 2142 tertia
363 2080 527 2142 amittitur
545 2093 604 2156 por
618 2078 770 2155 primam,
795 2076 850 2138 sed
875 2075 982 2138 hahe—
1037 2094 1097 2157 per
1110 2078 1305 2155 singularia.

186 2177 242 2237 tur
256 2191 315 2253 per
333 2175 522 2237 secundam.
540 2175 625 2235 Hinc
640 2174 771 2251 quidem
792 2179 984 2235 sanctorum
1075 2176 1203 2238 Aliter:
1219 2179 1259 2239 st
1273 2192 1431 2239 cacumen
1450 2179 1524 2254 ejus
1544 2178 1685 2253 tangens
1700 2176 1835 2239 ooelum.

186 2273 356 2334 carnalem
372 2273 578 2336 nativitatem
594 2271 763 2333 celebrare
778 2286 844 2332 non
861 2271 980 2342 decuit,
1037 2273 1098 2335 Hic
1111 2289 1191 2350 ergo
1204 2290 1264 2351 per
1276 2275 1395 2335 coelum
1407 2277 1497 2336 Deus
1507 2275 1607 2336 Pater
1619 2273 1834 2349 intelligitur,

188 2370 266 2448 quia
281 2370 448 2431 hominem
463 2371 498 2431 in
510 2369 601 2431 hunc
611 2368 745 2430 modum
756 2368 984 2446 coinquinavit
1038 2372 1078 2432 de
1100 2387 1163 2448 quo
1179 2371 1338 2448 scriptum
1354 2372 1404 2433 est
1426 2371 1461 2431 in
1481 2373 1632 2449 psalmo:
1652 2375 1683 2433 A
1696 2384 1838 2433 wmmo

187 2483 248 2545 per
266 2468 408 2544 culpam.
430 2468 542 2528 Prima
559 2466 648 2528 enim
663 2465 823 2527 nativitas
837 2469 889 2527 est
912 2481 977 2526 ma-
1036 2475 1118 2531 coelo
1146 2472 1298 2545 egressio
1325 2474 1410 2544 ejus.
1438 2470 1592 2545 ligi-ossio
1622 2471 1706 2546 ejus,
1735 2469 1835 2541 idest,

187 2564 309 2627 ledicta
324 2565 402 2643 quia
412 2564 518 2627 trahit
535 2564 576 2626 ad
592 2564 743 2637 mortem,
755 2564 796 2625 de
811 2579 876 2641 qua
889 2565 985 2625 Jere-
1037 2566 1196 2628 nativitas
1215 2566 1276 2627 tilii
1297 2569 1371 2644 ejus
1385 2582 1405 2628 a
1418 2583 1557 2629 summo
1579 2567 1674 2638 coelo,
1696 2567 1795 2637 idest,
1815 2581 1838 2628 a

190 2663 275 2727 mias
297 2662 458 2740 propheta
477 2663 741 2725 aitzMaledtctu
763 2664 836 2723 dies
856 2665 894 2723 in
916 2676 984 2735 quc
1036 2663 1206 2741 Patrequi
1220 2664 1393 2727 cacumine
1412 2665 1511 2727 scalae
1531 2664 1738 2740 intelligitur,
1755 2663 1837 2741 quia

186 2761 291 2822 :tatus
302 2762 365 2834 tui,
382 2761 497 2829 ctdies
510 2763 548 2821 in
559 2775 627 2834 quc
640 2761 775 2835 peperit
795 2774 851 2821 me
869 2759 984 2821 mater
1037 2778 1081 2823 ex
1094 2761 1269 2823 divinitate
1284 2763 1377 2826 Patri
1398 2762 1503 2827 Filius
1520 2761 1722 2839 coaequatur.
1743 2761 1838 2823 Unda

187 2873 266 2919 :nea
280 2873 349 2920 nore
360 2858 406 2919 εῖῖ
416 2858 592 2920 benedicta
604 2855 741 2935 (Jerem.
757 2873 816 2929 xx,
833 2855 897 2936 14).
1036 2859 1214 2936 Apostolus
1227 2861 1394 2926 :Quicum
1403 2863 1441 2922 in
1454 2862 1570 2934 sermea
1579 2860 1753 2931 Delasset,
1765 2873 1838 2920 non

229 2954 381 3016 Secunda
393 2950 602 3017 benedicitur
611 2955 688 3032 quia
704 2954 857 3015 subvenit
871 2953 980 3025 morti,
1037 2960 1199 3032 rapinam
1215 2958 1410 3019 arbitratus
1430 2959 1482 3019 θεῖ
1503 2972 1577 3020 θεεθ
1604 2972 1643 3018 εθ
1667 2961 1837 3030 :equalem

189 3052 229 3113 de
251 3068 316 3128 qua
334 3055 506 3114 ioannes:
528 3054 646 3114 Omnis
662 3055 721 3126 qut
742 3053 845 3113 acius
864 3052 917 3113 θεῖ
936 3067 983 3113 eoo
1036 3058 1108 3116 Deo
1127 3053 1264 3132 (Philip.
1281 3069 1320 3125 11,
1336 3053 1382 3133 6).
1405 3055 1490 3116 Nam
1509 3054 1648 3132 aequalis
1671 3053 1723 3114 est
1741 3052 1836 3114 Patri

188 3153 271 3221 Dec,
285 3163 355 3210 noe:
372 3150 493 3221 peccat
511 3149 648 3227 (ilcan.
665 3165 699 3221 v,
721 3146 784 3227 18).
805 3149 899 3210 ,lianc
914 3148 984 3225 spi·
1037 3150 1217 3212 secundum
1233 3150 1452 3224 divinitatem,
1466 3152 1575 3213 minor
1594 3152 1694 3212 Patre
1708 3165 1836 3211 secun-

187 3245 343 3307 ritualem
370 3245 577 3307 nativitatem
610 3245 756 3307 cernuis
781 3245 866 3323 legis
898 3245 981 3307 doc·
1036 3247 1114 3309 dum
1129 3247 1380 3310 humanitatem.
1395 3248 1490 3320 Quia,
1507 3264 1581 3312 oum
1596 3249 1640 3310 sit
1654 3250 1752 3319 Deus,
1774 3263 1837 3324 pro

186 3342 240 3403 tor
259 3342 446 3417 ignorabat,
472 3344 568 3405 nocte
589 3344 727 3404 veniens
749 3343 791 3404 ad
811 3346 925 3405 iesum
947 3344 988 3404 ut·
1036 3343 1132 3406 nobis
1144 3343 1251 3407 tactus
1267 3345 1438 3417 esthomo,
1461 3346 1495 3409 θῖ
1515 3361 1590 3407 oum
1605 3345 1649 3409 sit
1662 3343 1835 3416 Dominus,

187 3440 362 3501 doceretur
376 3440 418 3501 ab
433 3456 483 3501 θο.
502 3442 606 3513 Quem
620 3442 744 3502 veritas
761 3441 810 3503 sic
825 3440 979 3503 instruit:
1036 3441 1204 3520 pronubis
1219 3442 1325 3506 iactus
1338 3445 1388 3505 ost
1401 3459 1529 3515 servus,
1542 3443 1576 3505 et
1590 3458 1664 3504 cum
1679 3442 1724 3503 sit
1737 3443 1839 3507 Crea-

188 3540 281 3604 Quod
291 3538 412 3601 catum
424 3539 476 3600 θεῖ
490 3554 536 3600 coc
545 3554 651 3601 curae
660 3554 743 3602 coro
753 3539 816 3610 θεῖ,
827 3541 915 3612 quod
924 3552 983 3599 ns-
1036 3542 1089 3601 ior
1108 3555 1168 3617 pro
1187 3540 1283 3602 nobis
1301 3539 1409 3602 iactus
1433 3541 1484 3603 θεῖ
1503 3542 1668 3605 creatura.
1691 3543 1757 3600 Per
1775 3555 1838 3601 oa-

189 3636 262 3697 ium
281 3637 540 3711 estecespiritu
562 3637 779 3710 sparsissem
798 3633 908 3713 (Joan.
930 3651 980 3702 111,
1036 3653 1155 3699 cumen
1191 3638 1291 3699 scalae
1324 3638 1448 3699 Christi
1480 3637 1593 3700 Deitas
1628 3636 1834 3713 designatur,

185 3731 231 3811 6).
254 3733 365 3796 Tertia
387 3734 545 3795 nativitas
567 3735 616 3795 θεῖ
630 3732 738 3806 beata,
762 3733 840 3811 quia
855 3733 982 3810 justum
1037 3735 1166 3796 dicente
1179 3735 1338 3811 apostolo
1355 3757 1363 3796 :
1383 3735 1492 3809 caput
1504 3738 1575 3796 viri
1589 3735 1757 3804 Christus,
1779 3748 1839 3795 oc·

184 3830 220 3891 in
235 3830 341 3907 gloria
357 3831 557 3893 remunerat.
577 3831 670 3893 Unde
686 3831 841 3893 dicuntur
855 3831 982 3893 natalia
1033 3833 1227 3907 putassem
1249 3833 1377 3895 Christi
1395 3836 1488 3894 Deus
1508 3832 1561 3894 est
1578 3830 1606 3911 (1
1624 3833 1698 3897 Cor.
1722 3847 1771 3903 ιι,
1786 3829 1836 3910 3).

185 3928 375 3989 sanctorum
407 3929 479 3990 dies
514 3927 623 3991 obitus
660 3943 791 3994 eorum.
832 3928 979 4000 scilicet,
1036 3929 1199 3990 Cacumen
1220 3929 1332 4006 itaque
1352 3928 1453 3990 scalae
1467 3928 1588 3993 coelum
1608 3928 1727 4004 tangit,
1754 3928 1837 4005 quia

185 4026 316 4100 quando
330 4026 454 4087 intrant
468 4025 659 4100 ingloriam
673 4027 842 4087 aeternam.
857 4029 904 4087 De
916 4041 981 4102 qua
1037 4026 1127 4087 Patri
1148 4014 1253 4087 Filius
1274 4042 1334 4103 por
1349 4024 1556 4087 divinitatem
1574 4041 1609 4087 se
1624 4040 1697 4087 esse
1719 4039 1838 4101 aequa-

184 4122 352 4197 Propheta
368 4143 376 4189 z
391 4122 493 4183 Beati
507 4123 730 4195 sulmonem
742 4125 889 4184 indomo
909 4123 980 4194 teca,
1035 4122 1100 4183 lem
1120 4123 1265 4185 ostendit
1285 4123 1424 4185 dicens:
1449 4126 1524 4201 Ego
1541 4124 1576 4186 et
1596 4124 1707 4184 Pater
1723 4137 1838 4187 unum

184 4221 340 4287 Domine,
363 4220 401 4278 ie
422 4223 586 4279 soecselum
605 4221 722 4279 ειθεθῖῖ
739 4220 925 4281 madebunt
949 4219 981 4281 ῖθ
1034 4234 1155 4281 sumus
1170 4219 1280 4298 (ioan.
1294 4237 1329 4292 x,
1346 4218 1411 4300 30).
1429 4220 1488 4283 Ιεῖῖ
1502 4218 1613 4295 angeli
1635 4235 1694 4297 per
1708 4219 1837 4286 scalam

186 4313 256 4394 (Ps.
272 4315 322 4386 83,
345 4310 391 4392 5).
408 4315 447 4375 a:
461 4315 533 4376 llaec
555 4314 606 4376 θεῖ
629 4315 777 4376 omnium
792 4317 980 4378 sanctorum
1035 4317 1251 4380 ascendeutes
1265 4319 1298 4380 θῖ
1315 4318 1574 4391 descendentes3
1595 4316 1838 4381 descendentes

185 4412 354 4473 nativitas.
381 4414 473 4479 Tunc
501 4412 590 4473 euim
617 4427 697 4473 vere
719 4413 919 4485 nascuntur,
948 4416 982 4476 θῖ
1035 4413 1266 4490 compassione
1278 4414 1435 4485 miseriae,
1454 4413 1670 4474 ascendentes
1682 4413 1718 4477 in
1733 4429 1839 4489 supe*

186 4509 282 4586 quasi
297 4509 338 4570 ad
362 4524 435 4571 esse
449 4510 638 4581 trahuntur,
661 4525 736 4570 cum
757 4510 799 4571 ad
813 4510 909 4571 illum
924 4512 981 4588 qui
1035 4510 1162 4572 riorum
1177 4511 1466 4588 mntemplaiioue.
1482 4509 1652 4585 Atiligitur
1663 4508 1833 4582 infirmus,

186 4610 252 4668 iine
266 4607 367 4675 caret,
384 4606 592 4684 perveniunt.
610 4607 722 4669 Primo
743 4608 892 4669 nascitur
907 4609 980 4686 quis
1036 4606 1197 4683 affligitur
1221 4607 1361 4670 activus.
1393 4607 1456 4671 Sed
1488 4606 1640 4668 infirmus
1669 4606 1835 4682 affligitur

185 4708 221 4767 ut
237 4706 347 4778 vivat;
364 4705 512 4766 secundo
530 4705 566 4767 ut
581 4707 672 4782 juste
685 4705 787 4778 vivat,
806 4708 877 4784 jam
897 4706 981 4768 alter
1035 4704 1196 4781 languore
1217 4705 1356 4782 peccati,
1373 4704 1407 4767 et
1421 4706 1535 4781 nequit
1558 4703 1748 4766 ascendere.
1766 4707 1837 4767 Ac·-

183 4802 290 4865 iactus
302 4819 346 4863 ex
359 4803 477 4873 altero,
492 4806 529 4865 ut
543 4802 655 4865 dicere
669 4803 774 4881 possit
787 4821 795 4862 ι
817 4808 899 4867 Viuo
918 4820 979 4881 eqo
1034 4801 1125 4863 tivus
1141 4802 1302 4879 affligitur
1314 4802 1544 4879 compassione
1559 4801 1714 4873 miseriae,
1731 4801 1764 4862 θῖ
1783 4801 1836 4867 sio

175 4905 256 4975 jem
279 4915 349 4962 non
373 4914 471 4976 epo...
500 4898 619 4972 (Galat.
650 4917 687 4974 11,
713 4900 786 4980 20);
815 4902 914 4964 tertio
945 4903 981 4964 ut
1034 4900 1476 4976 oporteteumdescendere.

182 4997 278 5059 beate
292 4997 392 5069 vivat,
409 4997 446 5058 ut
459 4997 570 5060 dicere
583 4998 713 5076 possit:
735 5002 898 5076 Vvooepo.
1076 4999 1157 5058 Tres
1183 4998 1272 5059 enim
1305 4999 1383 5060 suut
1409 4997 1610 5070 descensus3
1636 4996 1762 5074 primus
1795 4996 1835 5057 in

225 5096 327 5156 item:
351 5094 391 5155 et
411 5109 570 5156 cacumen
592 5099 663 5173 ejus
686 5097 827 5173 tangens
847 5096 977 5158 coelum.
1033 5096 1195 5173 languore
1213 5095 1331 5172 culpae,
1355 5093 1520 5160 secundus
1542 5093 1578 5154 in
1601 5092 1836 5171 compassione

185 5192 266 5254 Coeli
286 5191 345 5253 alii
365 5190 443 5253 sunt
465 5192 668 5270 corporales,
693 5193 754 5254 alii
775 5194 977 5271 spirituales.
1034 5193 1189 5264 miseriae,
1205 5193 1324 5254 tertius
1347 5191 1381 5253 in
1396 5190 1596 5255 humilitatis
1612 5189 1831 5257 exhibitione.

184 5290 379 5366 Corporales
407 5289 485 5351 sunt
515 5290 586 5350 tros
620 5311 627 5349 :
660 5289 803 5367 primum
838 5292 889 5353 est
918 5307 979 5354 ae·
1034 5291 1165 5351 Primus
1186 5290 1365 5352 descensus
1386 5290 1438 5350 est
1456 5288 1565 5365 culpa,
1582 5287 1748 5351 secundus
1766 5288 1834 5347 mi-

184 5403 297 5457 reum,
327 5387 508 5449 secundum
537 5386 718 5458 sidereum,
746 5389 881 5450 tertium
908 5405 980 5449 om·
1033 5388 1225 5459 aericordia,
1248 5387 1368 5449 tertius
1389 5385 1633 5447 benevolentia.
1652 5387 1699 5445 De
1722 5385 1832 5460 primo

185 5498 334 5561 pyreum.
363 5488 506 5546 nereum
530 5485 582 5545 est
601 5484 753 5561 superior
773 5501 851 5561 pars
876 5486 976 5556 aeris,
1033 5486 1275 5563 scriptumest:
1294 5489 1374 5548 Nor:
1394 5484 1537 5545 avertas
1557 5485 1681 5558 sociem
1696 5482 1795 5543 tuam
1808 5498 1833 5544 a

184 5579 273 5647 unde
293 5580 448 5649 dicuntur
468 5598 548 5645 aves
572 5581 659 5654 coeli,
678 5582 757 5659 quia
782 5582 918 5644 manent
942 5583 977 5644 in
1032 5599 1098 5657 mc,
1128 5585 1163 5646 θῖ
1180 5598 1241 5645 ero
1260 5585 1383 5645 siostlts
1407 5579 1686 5649 escendentem
1711 5581 1748 5645 tn
1770 5583 1830 5647 le„
