3946 6196
167 316 225 377 ses
364 289 366 293 ’
751 384 757 391 ,
789 316 965 378 uouonu
986 312 1030 378 111
1053 316 1202 381 ornan.
1756 322 1817 387 aa

168 474 438 555 quasdamrillas
455 475 609 538 incendio
623 474 816 549 devastarit,
830 476 863 539 et
877 490 967 538 mer-
1020 476 1130 540 cordis
1156 472 1367 554 intrinsecus,
1393 479 1426 544 et
1460 480 1501 544 de
1537 482 1630 547 tanto
1658 481 1817 547 scandalo

167 575 299 636 catores
318 576 434 637 euntes
458 573 499 635 ad
523 572 690 636 nundinas
715 572 873 637 instrata
897 591 963 653 pu·
1020 575 1150 637 urimur
1173 576 1401 651 vehementem
1426 576 1518 640 illius
1532 579 1695 653 volentes,
1720 584 1819 659 prout

167 672 255 735 blica
269 671 370 733 fuerit
397 670 616 748 depraedatus,
638 670 789 733 eumdem
811 672 964 734 comitem
1018 672 1060 732 ad
1082 674 1231 734 nostrum
1255 673 1400 735 officium
1414 676 1566 755 pertinet,
1583 677 1743 740 versutiis
1758 679 1819 741 oh-

167 772 201 833 et
233 770 358 832 terram
391 784 486 830 suam
511 768 671 831 infestare
710 785 776 830 uon
809 785 962 842 cessans,
1019 769 1113 831 viare
1138 771 1194 847 qui
1223 769 1355 833 laetatur
1378 788 1452 835 cum
1479 774 1566 835 male
1591 773 1709 837 fecerit
1723 781 1757 837 et
1782 771 1818 838 in

167 880 366 945 quamquam
381 864 503 928 dilecta
523 866 558 926 in
578 866 708 928 Christo
728 866 798 928 filia
816 866 963 929 Blancha
1018 867 1173 943 pessimis
1184 866 1285 929 rebus
1300 869 1438 942 exultat,
1455 886 1497 932 ne
1511 871 1640 934 modico
1656 873 1820 949 maligni-

170 963 351 1034 comitissa,
368 963 475 1025 mater
494 963 598 1040 ipsius
622 963 764 1035 comitis,
791 979 865 1040 quta
886 963 963 1025 bal-
1017 965 1096 1026 tatis
1124 964 1285 1027 fermento
1313 968 1380 1028 tota
1407 984 1518 1030 massa
1550 985 1665 1031 eorum
1693 971 1751 1049 qui
1778 971 1821 1032 de

168 1064 251 1124 lium
277 1060 364 1137 gerit
390 1060 551 1138 ejusdem,
578 1062 695 1138 parata
715 1061 759 1122 sit
783 1061 963 1123 secundum
1018 1077 1121 1137 regno
1141 1063 1291 1124 Francius
1306 1064 1348 1125 ad
1377 1063 1570 1143 obsequium
1583 1069 1665 1129 Jesu
1690 1067 1818 1129 Christi

167 1159 384 1237 approbatam
407 1159 503 1234 regni
518 1158 671 1219 Francius
691 1159 964 1221 consuetudinem
1018 1158 1106 1220 facta
1130 1162 1191 1232 est,
1208 1161 1303 1238 quasi
1325 1177 1412 1223 nova
1441 1165 1634 1239 conspersio
1660 1181 1818 1226 corrum-

169 1263 258 1320 stare
280 1255 372 1334 juri3
401 1272 461 1317 vos
494 1258 626 1326 tamen,
660 1258 728 1319 tam
751 1258 964 1334 «praeceptum
1017 1258 1126 1333 patnr,
1143 1257 1199 1319 sed
1214 1257 1250 1318 in
1264 1260 1390 1336 azymis
1404 1259 1607 1322 sinceritatis
1619 1263 1652 1323 et
1665 1262 1821 1325 ueritatis

168 1354 315 1434 ejusdem
339 1354 594 1430 praedecessoris
620 1354 726 1417 nostri
748 1354 786 1415 et
813 1357 963 1416 nostrum
1017 1354 1127 1430 potius
1154 1355 1319 1432 epulando
1334 1356 1451 1419 reddat
1475 1359 1615 1419 Domino
1642 1361 1721 1421 uota
1737 1376 1815 1434 sua,

169 1469 268 1532 quam
279 1451 548 1514 constitutionem
562 1451 693 1529 praefati
705 1452 838 1514 concilii
853 1452 963 1513 surdis
1018 1450 1219 1514 fraternitati
1246 1454 1366 1515 restrae
1392 1470 1452 1532 per
1478 1456 1659 1532 apostolica
1690 1458 1819 1535 scripta

168 1550 305 1613 auribus
329 1551 551 1622 transeuntes,
582 1565 649 1611 non
671 1550 800 1612 tantum
814 1550 963 1627 praedicti
1018 1548 1158 1611 firmiter
1182 1551 1404 1627 praeoipiendo
1425 1552 1621 1614 mandamus
1645 1554 1817 1631 quatinus,

167 1648 286 1711 Erardi
311 1649 345 1710 et
370 1647 536 1710 fautorum
562 1648 669 1725 ipsius
693 1647 914 1710 temeritatem
930 1647 963 1709 et
1017 1646 1121 1706 Deum
1135 1645 1296 1709 habentes
1315 1662 1385 1725 prae
1408 1644 1528 1721 oculis,
1542 1648 1662 1725 grana,
1679 1650 1758 1712 odio
1777 1666 1818 1713 ac

166 1745 339 1816 malitiam,
369 1745 457 1807 sicut
487 1744 627 1818 dicitur,
658 1760 868 1822 composuere
896 1761 964 1807 non
1016 1742 1136 1804 timore
1147 1744 1350 1822 postpositis,
1363 1746 1477 1807 contra
1489 1746 1682 1808 eorumdem
1695 1744 1819 1809 Erardi

166 1843 302 1914 curatis,
315 1843 375 1904 sed
391 1840 571 1919 etquidem
592 1845 747 1910 restrum,
763 1840 848 1920 quod
861 1856 964 1918 grave
1017 1840 1817 1922 etPhilippaepraesumptionemmalignam,ju1ta

166 1941 312 2017 gerimus
341 1940 375 2001 et
402 1939 588 2005 molestum.
616 1938 740 2000 omissa
763 1938 963 2016 pontificalis
1018 1937 1273 2014 predecessoris
1286 1941 1390 2002 nostri
1399 1940 1637 2004 mandatumst
1650 1945 1817 2014 nostrum,

167 2037 269 2100 offleii
281 2036 459 2113 grauitate,
473 2035 680 2098 emundantes
693 2036 873 2097 secundum
888 2052 965 2098 car-
1017 2034 1129 2096 taliter
1139 2036 1212 2096 sine
1226 2051 1330 2098 morae
1339 2037 1718 2115 dispendioprocedatis,
1729 2041 1819 2117 quod

166 2134 439 2208 nem-etluctum
453 2134 587 2196 viarum
614 2134 694 2195 Sion
721 2132 880 2196 ducentes
903 2150 964 2212 pro
1016 2131 1123 2192 zelum
1146 2132 1458 2196 haberevideamini
1473 2138 1585 2197 Terrae
1600 2139 1742 2209 Sancta,
1756 2154 1822 2198 cu·

166 2233 286 2301 nihilo,
302 2233 409 2294 eidem
424 2231 587 2293 auxilium
600 2230 752 2293 tribuunt
761 2232 794 2294 et
802 2230 962 2297 fauorem.
1013 2231 1069 2306 jus
1084 2245 1127 2291 ex
1137 2229 1522 2307 hujmmoditemeritate
1532 2233 1694 2295 auxilium
1706 2236 1820 2312 impe-

168 2330 235 2408 qui‚
261 2332 298 2391 ut
325 2329 366 2390 de
391 2329 560 2407 praedictis
575 2329 760 2390 rationibus
779 2330 961 2397 taceamus,
1017 2326 1118 2398 ditur,
1128 2328 1161 2388 et
1170 2328 1324 2405 expiasse
1333 2329 1819 2394 nihilominusinobedientiam

167 2428 298 2490 ratione
309 2426 457 2503 homagii
467 2425 553 2504 quod
568 2426 766 2503 receperunt
779 2425 821 2487 ab
835 2442 887 2499 eo,
899 2425 962 2486 de·
1018 2439 1091 2500 quae
1120 2423 1241 2487 dicitur
1266 2427 1488 2503 praecessisse,
1505 2443 1566 2504 per
1592 2428 1820 2491 obedientiam

169 2522 964 2601 berenteumdemcomitemdefensare.anjnnxit
1017 2519 1237 2593 subsecutam,
1258 2538 1298 2584 ac
1320 2539 1381 2585 nos
1404 2524 1497 2587 vobis
1527 2525 1674 2587 scribere
1696 2526 1819 2587 durius

168 2623 269 2685 etiam
283 2622 371 2685 idem
381 2622 449 2684 dur
457 2621 555 2699 quod,
566 2621 632 2683 nisi
645 2621 723 2683 huic
736 2620 850 2683 morbo
864 2621 963 2683 citius
1018 2633 1084 2679 non
1115 2634 1291 2696 cogamur,
1333 2621 1389 2699 qui
1411 2621 1571 2684 habemus
1597 2624 1633 2685 in
1660 2624 1820 2700 promptu

170 2718 358 2797 apponatur
381 2716 581 2790 remedium,
609 2717 784 2794 plusquam
809 2715 964 2779 credatur
1018 2730 1148 2777 omnem
1163 2717 1421 2780 inobedientiam
1438 2719 1621 2793 vindicare,
1639 2720 1817 2797 sprituali-

167 2820 279 2880 Terrae
313 2815 443 2878 Sanctae
475 2814 675 2892 impedietur
704 2830 893 2887 succursus,
923 2830 964 2876 eo
1017 2810 1079 2873 bus
1093 2815 1197 2875 armis
1209 2816 1243 2878 et
1256 2818 1324 2877 Deo
1338 2816 1525 2892 potentibus
1540 2818 1734 2880 militantes.
1747 2821 1818 2880 Du-

168 2915 254 2993 quod
270 2930 314 2976 ex
336 2913 528 2991 huJusmodi
550 2927 684 2989 guerra,
709 2928 776 2973 non
803 2912 910 2989 ipsius
931 2914 964 2974 et
1018 2910 1088 2971 tum
1099 2912 1393 2984 Laterani,r1non.
1406 2914 1497 2985 maii,
1510 2915 1723 2990 pontificatus
1740 2932 1817 2977 nos·

167 3027 305 3075 suorum
328 3010 501 3082 duntaxat,
527 3009 584 3086 qui
609 3008 836 3082 sicntnrserst,
857 3025 963 3086 prop·
1020 3007 1061 3069 tri
1069 3023 1158 3070 anno
1165 3009 1284 3086 primo.
1294 3009 1665 3090 (fultapestomrnonas
1676 3013 1818 3094 martii.)

166 3110 218 3170 ter
251 3108 315 3169 hoc
349 3107 450 3170 etiam
478 3106 518 3167 de
546 3105 697 3183 partibus
731 3105 964 3168 transmarinis

166 3205 292 3266 rediret
300 3204 341 3265 ad
354 3204 489 3281 propria
503 3202 711 3276 festinanter,
728 3219 815 3276 cum,
831 3206 900 3265 tum
913 3219 964 3264 ra·
1060 3204 1217 3281 Sequitur
1236 3206 1454 3283 apostolicum
1473 3207 1662 3286 exemplum
1677 3208 1817 3270 missum

166 3303 258 3364 tione
283 3301 424 3367 hominii
447 3316 512 3378 quo
535 3300 624 3361 idem
644 3316 755 3362 comes
770 3298 818 3380 (f)
833 3301 965 3363 tenetur
1020 3298 1262 3365 silvanectensi
1286 3303 1441 3382 episcopo
1466 3303 1526 3383 (3),
1551 3304 1663 3367 abbati
1685 3307 1819 3368 Sanctae

167 3398 427 3471 aestumatum
447 3399 581 3476 propter
595 3398 874 3461 necessitudinem
883 3415 966 3461 san-
1018 3397 1193 3460 mnovefae
1214 3397 1262 3479 (4)
1287 3403 1320 3462 et
1344 3401 1450 3478 priori
1476 3402 1589 3463 Sancti
1609 3403 1747 3465 Martini
1775 3402 1818 3465 de

167 3498 292 3575 guinis,
304 3497 414 3559 eidem
442 3496 609 3558 ullatenus
623 3496 740 3558 deesse
759 3512 826 3558 non
848 3497 962 3574 possit,
1019 3496 1150 3573 Campis
1171 3494 1232 3575 (5),
1253 3498 1375 3560 additis
1401 3500 1626 3576 competenter
1648 3500 1761 3562 verbis
1781 3502 1818 3563 in

167 3598 201 3658 et
212 3595 319 3657 dictus
334 3610 445 3656 eomes
459 3592 687 3655 defensionem
702 3594 965 3657 etauxiliumde-
1019 3590 1108 3653 hunc
1122 3594 1255 3655 modum
1272 3616 1280 3654 ε
1297 3594 1496 3658 Discretioni
1511 3598 1631 3659 vestrae
1643 3613 1704 3675 per
1716 3614 1818 3677 apos-

166 3693 444 3756 bituminstanter
454 3691 599 3768 postulet
606 3691 648 3752 ab
659 3690 787 3761 eodem,
801 3693 869 3755 voti
879 3707 963 3754 exe·
1018 3689 1119 3751 tolica
1133 3691 1259 3769 scripta
1280 3691 1421 3754 firmiter
1434 3694 1658 3771 praecipiendo
1672 3695 1818 3757 manda-

168 3791 257 3853 cutio
269 3789 470 3862 retardatur,
486 3805 604 3852 rerum
621 3790 722 3852 etiam
736 3790 884 3852 omnium
901 3789 964 3855 ha·
1019 3802 1092 3847 mus
1107 3788 1283 3865 quatenus,
1306 3792 1410 3851 Deum
1431 3791 1590 3853 habentes
1611 3808 1682 3869 prae
1697 3793 1817 3863 oculis,

168 3905 288 3952 rounm
315 3888 410 3965 regni
429 3887 593 3960 Franciaa,
616 3887 674 3965 qui
691 3886 873 3950 affixerunt
896 3888 965 3949 suis
1018 3885 1139 3961 gratia,
1169 3886 1245 3947 odio
1269 3901 1309 3947 aa
1340 3885 1460 3949 timore
1484 3889 1688 3967 postpositis,
1713 3891 1818 3954 dictos

168 3987 317 4048 humeris
329 3987 460 4063 signum
468 3984 631 4057 crucis,et
641 3985 814 4061 quiadhuc
821 3984 965 4062 idipsum
1019 3982 1183 4044 Erardum
1196 3984 1230 4046 et
1243 3984 1442 4061 philippam,
1467 4002 1596 4048 necnon
1615 4003 1656 4048 ac
1670 3987 1819 4051 fautores

168 4081 965 4160 hahentinpropositofaciendi.quoniamguerra
1020 4095 1147 4155 eorum,
1164 4081 1211 4149 ut,
1227 4080 1269 4143 ab
1282 4081 1495 4144 infestatione
1513 4084 1663 4159 praedioti
1685 4087 1818 4149 comitis

167 4182 234 4243 ista
249 4180 361 4258 plures
373 4194 471 4257 qnam
487 4178 670 4241 estimetur
681 4178 841 4252 involvet,
855 4180 889 4242 et
902 4195 965 4256 pe·
1020 4178 1054 4239 et
1064 4177 1164 4239 terrae
1179 4193 1249 4239 suae
1263 4179 1297 4240 et
1307 4194 1454 4251 suorum,
1466 4179 1507 4241 oh
1521 4180 1642 4243 Christi
1656 4197 1819 4245 reveren·

169 4278 268 4339 cunia
296 4292 356 4354 pro
381 4275 533 4337 votorum
562 4276 760 4337 executione
786 4277 903 4353 parata
930 4278 966 4338 in
1020 4275 1113 4347 tiam,
1127 4274 1335 4348 desistentes,
1352 4277 1482 4338 firmam
1492 4279 1654 4354 treugam,
1672 4280 1820 4343 inviola-

169 4374 451 4453 expugnationem
467 4371 613 4434 hostium
626 4372 735 4434 crucis
750 4372 873 4435 Christi
886 4389 968 4435 con·
1020 4370 1133 4433 biliter
1152 4371 1393 4435 observandam
1422 4390 1526 4451 usque
1554 4375 1595 4435 ad
1621 4378 1755 4454 tempus
1784 4379 1817 4440 in

169 4472 318 4534 sumetur
331 4470 367 4531 in
387 4469 613 4547 interitionem
637 4469 751 4547 populi
778 4469 964 4543 christiani,
1021 4468 1179 4546 praedicto
1204 4470 1353 4532 Concilio
1382 4471 1578 4541 diffinitum,
1606 4473 1722 4536 ineant
1743 4491 1818 4537 cum

174 4571 309 4633 dextras
325 4569 358 4630 in
373 4583 433 4630 sua
448 4566 578 4629 viscera
592 4567 826 4629 convertentis.
1021 4566 1147 4640 eodem,
1162 4567 1345 4630 monitione
1357 4570 1541 4644 praemissa,
1557 4586 1820 4648 perexoommu-

213 4671 298 4731 Ecce
324 4665 488 4745 quomodo
514 4664 636 4727 astutia
658 4664 790 4727 Satanae
816 4664 966 4728 laetitiam
1020 4664 1200 4726 nicationis
1224 4665 1422 4728 sententiam
1436 4666 1472 4727 in
1485 4682 1646 4744 personas
1661 4672 1694 4731 et
1713 4670 1819 4733 inter·

168 4766 291 4828 afferre
310 4764 429 4827 nititur
440 4762 633 4833 Philistaeis,
650 4762 747 4841 quasi
760 4764 967 4840 percussoris
1021 4759 1143 4823 dictum
1159 4762 1194 4823 in
1206 4763 1315 4824 terras
1328 4777 1457 4836 eorum,
1473 4763 1603 4827 sufflatu
1618 4769 1818 4845 appellatio-

168 4879 284 4926 eorum
298 4861 499 4925 communita
513 4861 558 4924 sit
570 4861 678 4937 virga,
696 4859 773 4921 dum
796 4860 821 4922 ii
836 4860 893 4938 qui
913 4861 966 4922 si·
1020 4859 1074 4920 nis
1087 4858 1267 4933 obstaculo,
1282 4860 1356 4921 sine
1368 4876 1470 4923 morae
1483 4861 1656 4940 dispendio
1672 4866 1818 4944 compel-

167 4978 270 5039 guum
283 4959 478 5022 levaverant
492 4957 967 5031 contraeos,dviaininrium
1020 4956 1117 5030 latis3
1142 4957 1328 5033 praesertim
1354 4973 1429 5018 cum
1459 4959 1619 5035 praedicta
1647 4963 1815 5025 comitissa

168 5056 376 5128 declinando,
393 5055 476 5118 dunt
496 5056 533 5118 in
552 5056 755 5134 adjutorium
776 5055 854 5117 filiis
870 5055 964 5127 Loth,
1021 5054 1136 5129 parata
1148 5053 1271 5116 existat
1279 5054 1451 5131 proeoubi
1459 5054 1620 5130 debuerit,
1635 5060 1815 5121 secundum

169 5159 218 5220 eis
249 5155 405 5220 uidelicet
439 5154 516 5230 qui,
551 5154 764 5231 disponentes
806 5153 966 5215 aduersus
1021 5150 1291 5213 consuetudinem
1304 5152 1398 5227 regni
1413 5153 1573 5230 ejusdem,
1585 5154 1670 5232 ipsis
1676 5157 1815 5233 justitia

168 5250 967 5325 Dominumtestamentum,fficrrnt2Hoeredttate
1021 5247 1258 5323 plenitudinem
1281 5248 1450 5312 exhihere.
1474 5253 1513 5312 nt
1542 5253 1700 5330 quoniam
1727 5270 1812 5333 saepa

165 5355 404 5430 possideamus
435 5349 675 5412 sanctuarium
700 5352 765 5410 Det
790 5351 886 5411 uobis
903 5347 964 5428 (2).
1021 5345 1183 5422 contingit
1196 5346 1283 5423 quod
1295 5346 1364 5407 illis
1372 5345 1498 5424 praebet
1510 5349 1707 5427 temporalis
1715 5368 1816 5415 vexa·

169 5446 500 5525 Nosigitur,quie1
523 5445 586 5507 hoc
607 5445 687 5508 tacti
711 5461 825 5508 sumus
852 5445 966 5508 dolore
1020 5442 1068 5505 tio
1081 5441 1296 5516 intellectum,
1320 5459 1441 5522 quosa
1466 5446 1564 5507 malis
1583 5463 1650 5509 non
1673 5450 1814 5513 retrahit

206 5578 246 5646 tl)
267 5578 375 5649 adjice,
389 5584 506 5634 auctore
520 5580 553 5637 D.
570 5576 607 5635 du
622 5576 713 5646 Tluell,
725 5577 790 5635 aaa.
1058 5577 1097 5651 (3)
1112 5578 1248 5637 Guanuo.

208 5645 247 5716 (Ξ)
264 5647 308 5701 Ps.
322 5648 366 5713 8²,
384 5646 427 5702 13,
1058 5650 1127 5726 (tl)
1145 5651 1258 5710 loanni.
