3958 6204
206 254 265 317 187
667 244 846 314 aemonii
865 243 912 315 111
933 240 1081 304 OPERA.
1095 241 1384 312 -SERMONES.
1791 247 1854 313 188

201 410 419 490 tempserunt.
438 408 498 473 isti
520 408 635 473 amem
658 403 779 467 batres
800 404 946 469 ioannes
967 402 1002 464 et
1053 400 1279 466 redeuntibus.
1306 402 1548 468 accedentibus
1574 403 1616 467 ad
1636 408 1766 484 portam
1787 424 1849 470 su-

204 511 330 574 Paulus
344 524 411 570 uon
426 507 534 569 solum
543 505 693 575 mortem,
711 502 769 566 sed
782 502 914 565 diversa
923 516 1001 581 quo·
1023 572 1024 575 Ἴ
1055 499 1177 578 perbis
1183 501 1329 565 occurrit
1335 502 1515 579 suggestio,
1523 502 1849 579 deducitdelectatio,

207 625 269 687 que
286 618 410 684 genera
427 606 668 666 tormentorum
692 617 751 677 pro
774 600 905 663 Christo
925 618 1001 663 sus-
1023 680 1024 685 ἵ
1055 598 1181 660 inducit
1195 599 1359 661 assensio.
1375 601 1548 677 suggestio
1562 602 1614 663 est
1636 603 1769 679 quando
1788 620 1850 666 co-

203 699 535 774 tinuerunt,inomni
548 698 617 762 laeti
636 700 670 761 et
686 697 811 760 hilares
832 698 1000 761 diabolum
1053 694 1233 771 gitationes
1263 695 1360 758 malae
1387 697 1608 774 praevolantes
1645 692 1851 768 animantur,

204 801 455 880 superaverunt,
468 798 501 860 et
511 798 655 859 tortores
670 797 705 858 in
726 797 898 874 suppliciis
918 814 1001 860 con·
1054 792 1111 853 sed
1127 792 1228 854 nullae
1251 792 1412 856 involant.
1435 796 1506 856 iioc
1525 795 1621 858 modo
1636 796 1744 873 potuit
1761 800 1853 859 Deus

205 899 423 961 feriaverunt.
438 897 478 958 Et
491 894 707 973 quiaiortiter
718 897 952 972 pugnaverunt
964 895 1000 957 in
1054 888 1176 950 enum
1194 890 1281 967 quod
1299 906 1366 952 non
1380 890 1431 953 est
1458 893 1640 969 peccatum.
1667 893 1852 956 Delectatio

203 995 323 1068 stadio,
344 995 488 1071 gloriose
509 994 712 1057 coronantur
730 993 765 1054 in
789 993 884 1055 coelo.
905 993 1000 1056 Unde
1054 986 1244 1064 estquando
1257 988 1475 1065 cogitatimes
1497 990 1657 1063 involant,
1673 992 1707 1052 et
1728 991 1765 1052 in
1795 991 1847 1052 eis

202 1088 422 1154 benedictum
437 1094 507 1154 est:
523 1091 754 1160 Transirimus
769 1106 829 1167 per
844 1090 953 1167 ignem
967 1094 1000 1152 et
1053 1084 1162 1161 placet
1185 1084 1305 1147 animae
1343 1085 1526 1169 immorari.
1557 1089 1746 1149 Comensus
1783 1089 1847 1162 est,

204 1207 361 1267 aquam...
388 1189 477 1266 Ignis
504 1191 626 1261 autem,
654 1188 786 1261 fratres,
802 1188 864 1250 etsi
879 1187 999 1250 multae
1054 1182 1184 1259 quando
1204 1183 1252 1244 ita
1279 1182 1444 1245 consentit
1464 1183 1675 1246 delectationi
1702 1186 1739 1247 ut
1753 1185 1848 1247 nullo

205 1284 328 1345 habeat
343 1284 575 1362 proprietates,
591 1283 704 1346 minen
730 1283 855 1360 septem
868 1282 1000 1345 ridetur
1053 1279 1149 1342 modo
1173 1280 1379 1343 contradicat
1399 1281 1432 1353 et
1454 1282 1625 1359 peccatum
1648 1297 1714 1344 non
1734 1282 1850 1355 evitet,

204 1381 329 1443 habere
343 1381 505 1443 notabiles
520 1382 618 1459 atque
633 1380 793 1457 insignes.
1053 1375 1082 1436 si
1097 1373 1190 1438 locus
1212 1377 1317 1440 adest.
1343 1377 1427 1448 Quia
1450 1378 1614 1451 videlicet,
1638 1379 1669 1440 si
1689 1379 1850 1441 animad-

245 1479 456 1541 Admiremur
465 1494 558 1555 ergo,
585 1478 716 1550 batres,
732 1478 769 1539 iu
782 1477 856 1539 istis
868 1478 997 1554 marty-
1051 1472 1254 1549 versioJusti
1263 1474 1388 1551 iudicis
1403 1475 1551 1552 respicit,
1565 1492 1631 1537 uon
1646 1478 1780 1552 estjam
1790 1492 1852 1539 co-

207 1576 300 1638 ribus
314 1579 443 1638 ,loanne
456 1577 489 1638 et
498 1576 604 1639 Paulo
616 1574 871 1637 virtutescordis
881 1575 914 1636 et
923 1590 1000 1636 cor·
1052 1568 1223 1644 gitatlonis
1248 1570 1362 1648 culpa,
1391 1571 1450 1634 sed
1476 1588 1558 1649 opus
1587 1573 1684 1649 qnasi
1705 1575 1848 1635 rectum.

205 1674 308 1751 poris,
325 1676 358 1735 et
383 1674 585 1736 detestemur
611 1673 646 1733 in
660 1668 756 1735 nobis
784 1672 998 1749 fragilitatem
1052 1665 1852 1745 Tarditasioraspsccatumdistulit,intustamen

204 1771 325 1831 mentis
335 1771 496 1831 etcarnis.
507 1769 998 1847 illitoleraveruutproChristo
1052 1763 1281 1827 consensionis
1299 1780 1402 1843 opere
1417 1765 1572 1827 voluntas
1587 1766 1759 1844 implevit:
1775 1767 1853 1845 pri-

203 1861 309 1939 trigas
324 1866 358 1926 et
370 1864 537 1926 nuditates
547 1886 555 1939 ;
567 1880 628 1926 nos
642 1866 754 1926 autem
768 1865 928 1926 voetimur
942 1863 999 1924 du·
1052 1875 1141 1921 mum
1155 1876 1216 1937 per
1243 1860 1381 1935 hostem,
1406 1863 1588 1925 secuudum
1607 1879 1666 1940 per
1696 1880 1846 1938 carnem,

203 1958 345 2039 plicibus
365 1962 398 2022 et
418 1960 589 2023 induimur
608 1961 774 2038 pretiosis
797 1961 852 2022 lili
874 1961 999 2023 tolera·
1054 1956 1187 2021 tertium
1201 1958 1428 2036 perspiritum
1442 1960 1655 2037 perpetravit.

202 2057 390 2133 vernntpro
408 2057 538 2118 Christo
553 2054 675 2117 famem
689 2057 722 2118 et
734 2056 841 2131 sitim3
857 2072 919 2119 nos
931 2072 997 2117 au·-
1090 2055 1119 2114 A
1137 2055 1232 2130 porta
1258 2055 1421 2132 superbiae
1433 2055 1500 2117 ria
1527 2055 1692 2133 iucipiens
1712 2057 1745 2118 et
1760 2073 1797 2118 se
1812 2056 1851 2118 in

202 2152 270 2213 tem
286 2150 429 2212 diversis
453 2150 588 2212 ferculis
607 2151 775 2212 vescimur
795 2151 828 2212 et
847 2151 998 2214 delicatis
1051 2151 1129 2211 ante
1144 2151 1222 2213 nota
1248 2152 1441 2224 extendens,
1468 2152 1726 2230 circumquaque
1748 2153 1853 2215 babet

202 2247 339 2309 cibariis
354 2248 539 2325 epidarum.
557 2247 609 2310 illi
623 2247 851 2311 toleraverunt
862 2248 997 2324 vigilias
1051 2246 1247 2323 praecipitia,
1273 2249 1309 2309 nt
1328 2248 1470 2311 imtranti
1489 2248 1576 2311 hanc
1589 2248 1679 2310 riam
1693 2264 1761 2311 non
1774 2265 1854 2311 res-

202 2360 264 2425 pro
281 2345 412 2406 Christo
433 2345 467 2406 et
487 2344 639 2420 labores;
660 2360 721 2406 nos
742 2346 853 2406 autem
877 2347 997 2423 amplis
1050 2342 1098 2404 tet
1110 2344 1297 2407 exitusnisi
1309 2345 1534 2423 retrogradus.
1554 2347 1629 2407 Non
1654 2346 1742 2408 enim
1754 2362 1853 2409 eam-

202 2443 279 2505 otiis
295 2442 507 2519 quiescimus,
521 2442 673 2518 etlongis
685 2442 859 2519 soporibus
872 2442 998 2505 dormi-
1051 2439 1125 2501 dem
1140 2440 1229 2503 viam
1242 2457 1308 2518 qua
1322 2442 1441 2516 intras,
1457 2443 1585 2505 redeas.
1601 2445 1676 2504 Non
1690 2445 1742 2505 est
1754 2444 1851 2506 locus

201 2541 321 2603 umus.
338 2541 391 2600 illi
411 2540 636 2601 toleraverunt
650 2555 709 2617 pro
722 2539 852 2602 christo
867 2557 995 2617 angus-
1051 2536 1107 2598 ubi
1121 2537 1262 2602 salutem
1276 2539 1441 2603 invenias.
1458 2540 1550 2613 Quod
1565 2540 1595 2601 si
1610 2540 1749 2603 ulterius
1762 2541 1851 2603 velis

200 2638 267 2699 tias
295 2640 328 2699 et
352 2637 501 2711 dolores;
524 2652 586 2698 nos
617 2651 697 2699 vero
722 2637 853 2713 gaudiis
883 2639 997 2700 mundi
1050 2634 1242 2711 procedere,
1253 2637 1395 2713 primam
1404 2637 1612 2699 mansionem
1621 2637 1752 2699 invenis
1760 2639 1850 2715 apud

201 2734 354 2805 fruimur,
384 2733 418 2795 et
445 2733 556 2794 carnis
583 2732 751 2795 illecebris
780 2735 994 2798 delectamur.
1050 2747 1171 2795 vanam
1184 2733 1347 2810 gloriam;
1364 2733 1553 2803 secundam,
1564 2735 1655 2811 apud
1668 2735 1847 2811 invidiam3

203 2831 257 2893 illi
285 2831 380 2908 passi
405 2832 482 2892 sunt
508 2831 660 2903 verbera,
691 2833 727 2893 ut
738 2831 918 2908 gloriosius
940 2848 997 2894 re-
1049 2829 1193 2901 tertiam,
1209 2831 1298 2906 apud
1317 2832 1420 2906 irnm;
1436 2834 1600 2908 quartam,
1616 2830 1703 2908 apud
1724 2832 1852 2907 gastri-

201 2930 377 3007 quiesoant
398 2928 434 2988 in
453 2927 581 2990 coelesti
595 2929 714 3005 patria.
730 2929 782 2989 Illi
808 2930 899 3007 passi
920 2932 997 2994 sunt
1050 2926 1222 3002 mergium,
1263 2928 1414 3005 quintam
1446 2929 1534 3005 apud
1568 2928 1747 2991 luxuriam.
1783 2930 1850 2993 Hic

201 3026 462 3103 persecutiones,
477 3027 514 3086 ut
533 3025 654 3087 multas
677 3025 713 3087 in
736 3026 830 3087 coelis
851 3026 996 3090 habeant
1049 3023 1217 3086 clauditur
1230 3026 1267 3087 in
1280 3026 1454 3087 tumulum.
1473 3028 1535 3090 Hic
1557 3026 1705 3103 ligantur
1728 3042 1849 3089 manus

198 3124 402 3184 mansiones.
427 3121 480 3183 Illi
495 3122 586 3198 passi
604 3122 681 3183 sunt
706 3138 858 3185 carceres
872 3125 905 3187 et
918 3125 997 3187 vin·
1049 3122 1083 3182 et
1096 3122 1207 3199 pedes,
1223 3122 1257 3184 et
1272 3123 1360 3200 lapis
1374 3124 1662 3201 superimpositus,
1684 3124 1771 3186 idest
1784 3124 1851 3187 du·

199 3219 287 3291 cuia,
301 3220 337 3280 ut
346 3218 443 3279 liberi
456 3219 645 3281 discurrant
658 3219 694 3280 in
707 3219 895 3283 coelestibus
908 3223 996 3284 mm·
1048 3219 1127 3281 ritia
1142 3220 1252 3283 cordis
1280 3222 1313 3283 et
1335 3236 1394 3283 cor
1418 3221 1640 3299 impoenitens,
1664 3222 1849 3284 secundum

200 3332 300 3394 quam
326 3315 516 3377 luminaria.
544 3318 609 3378 Pro
639 3316 692 3378 his
727 3317 817 3380 enim
842 3319 995 3381 omuibus
1049 3332 1148 3393 quam
1171 3317 1378 3380 thesamizat
1396 3318 1460 3380 sibi
1483 3319 1568 3380 iram
1592 3318 1788 3399 indicique.
1806 3321 1849 3381 Et

199 3412 316 3476 reddet
329 3416 416 3474 Deus
434 3412 620 3475 mercedem
648 3414 798 3477 laborum
822 3432 994 3479 serrorum
1047 3414 1115 3475 nisi
1129 3414 1279 3477 Christus
1301 3413 1488 3476 accedatad
1504 3417 1677 3486 Lazarum,
1700 3415 1850 3477 inaeter-

200 3526 348 3583 suornm,
378 3512 412 3572 et
440 3510 579 3573 deducet
602 3526 659 3574 eos
687 3513 723 3574 in
750 3513 806 3576 via
834 3514 992 3576 mirabili.
1048 3526 1127 3571 num
1143 3512 1193 3572 est
1205 3510 1424 3575 damnandus.
1448 3511 1531 3584 Quia
1550 3513 1582 3575 si
1606 3512 1756 3574 Christus
1774 3513 1847 3574 mi-

199 3607 265 3669 Sed
289 3608 466 3684 antequem
481 3607 622 3670 deducat
638 3624 695 3671 eos
710 3609 744 3671 iu
757 3610 812 3671 ria
835 3611 992 3684 mirabili,
1048 3611 1156 3670 sertus
1184 3609 1234 3671 est
1259 3608 1361 3679 illius,
1388 3610 1431 3672 ad
1458 3609 1622 3675 tumulum
1652 3610 1845 3684 accesserit,

198 3718 336 3766 necesse
352 3705 402 3766 est
414 3706 450 3765 ut
460 3704 580 3767 educat
593 3721 650 3767 eos
665 3705 706 3768 de
726 3707 782 3769 via
797 3708 991 3771 miserabili.
1048 3707 1346 3770 statim'reviviscit
1364 3707 1397 3769 et
1417 3707 1528 3769 educit
1541 3724 1617 3771 eum
1631 3708 1671 3768 de
1685 3706 1761 3768 lacu
1774 3706 1846 3768 mi-

238 3801 301 3863 Via
328 3800 528 3863 miserabilis
551 3803 602 3864 est
628 3804 684 3866 via
706 3804 906 3883 iniquitatis.
931 3808 994 3868 Via
1048 3806 1145 3867 serias
1160 3805 1193 3867 et
1216 3804 1256 3867 de
1276 3805 1345 3867 luto
1361 3804 1464 3879 faecis,
1480 3804 1514 3867 et
1528 3804 1680 3867 eductum
1700 3803 1845 3878 deducit,

196 3897 362 3959 mirabilis
377 3899 428 3960 est
441 3899 497 3961 via
526 3901 704 3977 aequitatis.
727 3902 790 3963 Via
804 3904 908 3980 igitur
921 3904 992 3966 ini-
1048 3900 1239 3964 deducendo
1264 3901 1431 3974 conducit,
1460 3901 1675 3964 conducendo
1702 3901 1844 3963 inducit.

196 3994 345 4070 quitatis,
354 4010 427 4072 quae
440 3993 678 4058 miserabiliter
689 3998 740 4059 est
754 4000 995 4063 miserabiliset
1047 4002 1138 4061 Heul
1153 4015 1217 4071 me,
1232 3999 1310 4077 quid
1329 3999 1438 4060 dicam
1451 4015 1511 4076 ego
1524 4000 1626 4061 miser
1641 3998 1699 4060 aut
1711 3998 1844 4072 faciam,

197 4089 994 4169 mirabilitermiserabilis,iningressuestdelec
1047 4112 1123 4158 cum
1142 4097 1271 4158 venerit
1288 4095 1346 4157 ille
1367 4095 1631 4159 districtissimus
1644 4096 1761 4174 judex,
1787 4098 1847 4174 qui

196 4184 710 4262 tabilis,inprocessugravis,in
723 4191 994 4255 enitudamnabi·
1047 4191 1162 4253 reddet
1173 4191 1350 4268 unicuique
1359 4191 1646 4268 secundumopera
1654 4192 1846 4254 sualUude

197 4280 251 4343 lis.
268 4283 432 4344 intrantes
450 4282 616 4359 inquinat,
632 4284 821 4360 gradientes
834 4288 990 4366 obstinat,
1046 4290 1165 4352 Petrus
1177 4288 1212 4350 in
1227 4287 1375 4365 Epistola
1387 4289 1549 4350 canonica
1561 4305 1569 4349 :
1580 4292 1673 4351 Nom
1686 4289 1846 4361 adjustum

196 4379 990 4465 exeuntessxterminat.Similiterviaaequitatis,
1046 4391 1110 4448 otor
1118 4386 1319 4459 salvabitur,
1335 4387 1501 4461 impiaret
1504 4387 1666 4461 peccator
1679 4388 1847 4460 lemborc·

197 4493 270 4555 quae
279 4492 410 4554 semper
424 4477 476 4539 est
490 4477 652 4540 mirabilis
665 4480 699 4542 et
710 4497 890 4561 numquam
897 4486 993 4549 mise·
1045 4485 1150 4546 burttt
1165 4481 1193 4561 (Ι
1209 4483 1280 4546 Pet.
1290 4498 1339 4555 iv,
1356 4482 1421 4563 18).

196 4574 325 4644 rabilis,
339 4574 440 4637 etiam
455 4576 491 4637 in
502 4576 655 4652 ingressu
665 4578 715 4640 est
728 4582 851 4655 gravis,
864 4582 899 4643 in
908 4601 989 4661 pro·
1085 4581 1198 4643 Multae
1219 4580 1296 4642 sunt
1318 4596 1398 4657 ergo
1412 4580 1646 4665 tribulationes
1661 4583 1842 4658 justorum,

196 4690 293 4736 cessa
307 4674 432 4746 suavis,
453 4674 488 4735 in
504 4689 641 4751 egressu
660 4680 926 4743 remunerabilis.
941 4686 992 4745 in·
1045 4679 1103 4741 sed
1118 4678 1159 4741 de
1179 4678 1232 4740 bis
1247 4678 1398 4740 omnibus
1420 4677 1575 4741 liberabit
1594 4694 1652 4740 eos
1667 4680 1842 4741 Dominus.

195 4773 321 4833 trantes
351 4772 524 4849 purificat,
562 4774 751 4850 gradientes
783 4778 988 4854 sanctificat,
1044 4775 1844 4841 DeistisduobusiratribuscanitEcclesiatEocc

195 4869 355 4929 exeuntes
369 4868 543 4945 gloritloat.
561 4873 598 4933 in
608 4872 704 4936 initio
712 4877 762 4937 est
770 4874 807 4937 in
819 4877 868 4938 eis
882 4878 988 4952 limes,
1043 4891 1149 4950 quam
1166 4876 1292 4937 bootem
1311 4875 1347 4937 et
1360 4877 1666 4949 quomjucundum
1686 4877 1844 4939 babitare

194 4963 340 5026 secundo
355 4967 550 5040 esttrames,
566 4970 664 5032 tertio
690 4972 746 5035 ria
767 4974 840 5036 sine
858 4977 988 5040 semita.
1043 4974 1175 5049 fratres
1197 4975 1234 5034 ta
1259 4988 1369 5035 unum
1388 4972 1457 5052 (Ps.
1477 4970 1608 5051 1321).
1629 4970 1845 5048 Quadruplex

70 5135 72 5140 .
196 5064 261 5124 Per
275 5060 413 5121 limitem
433 5062 606 5138 intramus,
624 5082 684 5143 per
700 5070 788 5131 viam
810 5074 987 5149 currimus,
1043 5070 1234 5132 fraternitas
1258 5069 1322 5131 luit
1336 5069 1371 5130 iu
1393 5069 1518 5131 sanctis
1532 5070 1606 5131 istis
1622 5086 1628 5130 :
1645 5070 1845 5146 primagen-

195 5174 257 5237 per
270 5157 437 5219 tramitem
462 5176 702 5237 properamus:
727 5171 824 5231 Viam
844 5177 990 5236 mando-
1043 5168 1224 5240 maritatis,
1247 5165 1394 5229 secunda
1413 5166 1597 5242 religionis,
1613 5167 1712 5232 tertia
1729 5183 1844 5243 aequa-

196 5258 312 5318 torum
338 5256 475 5317 tuorum
491 5264 643 5332 cucurri,
666 5277 745 5324 cum
762 5268 912 5332 dbolostc'
929 5286 990 5333 cor
1042 5266 1157 5337 litatis,
1174 5267 1292 5342 quarta
1300 5263 1499 5326 dilectionis.
1514 5265 1761 5336 GermanitatiS,
1776 5280 1847 5341 qua

194 5368 311 5414 owrtm
324 5350 394 5432 (Ps.
412 5354 479 5425 118,
493 5352 559 5433 32).
577 5357 615 5417 In
629 5357 767 5423 introitu
781 5363 843 5427 riae
858 5366 988 5446 iniqui·
1043 5380 1087 5425 ex
1099 5379 1165 5424 uno
1181 5366 1274 5440 patre
1293 5363 1326 5425 et
1341 5378 1407 5425 una
1426 5362 1533 5424 matre
1553 5362 1622 5424 nati
1637 5363 1734 5437 suut;
1755 5358 1842 5424 reli·
1877 5419 1896 5436 ,

195 5450 273 5512 tatis
293 5450 422 5525 portam
447 5453 541 5529 ponit
559 5455 727 5532 superbia,
752 5476 825 5539 quse
848 5467 899 5529 est
914 5467 987 5543 pri·
1043 5460 1163 5538 gionis,
1188 5461 1266 5538 quia
1295 5460 1392 5522 ambo
1418 5459 1594 5522 christiani
1627 5460 1660 5522 et
1691 5459 1842 5535 religiosi

191 5562 285 5607 mum
300 5546 417 5613 sitium
430 5550 662 5617 recedentibus
675 5558 987 5632 abecedarium
1044 5559 1176 5622 luerunt
1192 5574 1200 5632 ;
1225 5557 1312 5621 unde
1338 5574 1452 5620 omnes
1482 5556 1660 5621 christiani
1673 5556 1844 5619 dicuntur

6 5628 9 5685 l

6 5698 8 5739 l
