3958 6204
117 349 177 411 ros
606 351 676 411 xv.
688 379 730 395 -
750 351 796 413 nr
809 325 947 412 'rasso
970 352 1119 414 sunum
1139 353 1292 414 saecat.
1717 358 1776 418 170

109 510 215 572 tedet
253 509 420 580 odorans
447 509 480 579 et
509 509 630 586 petens
657 492 785 585 ailquid
811 513 853 572 alr
885 526 923 574 eo
1017 511 1101 573 «Oh
1111 512 1269 587 charitas,
1282 512 1360 593 quid
1375 511 1483 575 dloam
1495 512 1536 575 de
1549 513 1775 591 telquomodo

113 604 248 685 (uattn.
263 623 327 680 xx,
352 605 421 686 20).
692 648 695 651 -
977 607 1118 670 laudabo
1139 610 1192 671 tel
1215 610 1250 671 Si
1272 626 1422 688 saperem
1442 612 1490 683 te,
1507 611 1715 688 appretiarer
1728 614 1774 674 ῖθ.

147 706 263 766 Mater
292 705 443 767 tiliorum
478 704 628 767 zebedaei
651 706 791 768 vocatur
815 706 922 767 Maria
979 708 1013 768 Si
1039 708 1158 768 scirem
1180 710 1338 784 quantum
1360 709 1463 781 valae,
1486 710 1629 786 pretium
1644 726 1774 787 appen-

113 801 261 863 Salome.
288 806 388 864 Anna
413 804 446 865 et
465 804 597 864 Emeria
612 804 684 864 duae
700 819 833 865 sorores
850 803 924 863 lue-
977 805 1088 865 darem
1110 820 1169 882 pro
1184 806 1228 866 te.
1251 806 1314 866 Sed
1336 805 1419 867 sorte
1447 807 1580 868 excedis
1604 809 1776 882 angustias

111 903 200 963 runt.
220 904 270 962 De
285 902 422 963 Emeria
436 902 514 963 nata
527 902 577 964 θεῖ
594 901 781 977 Elisabeth;
798 902 839 963 do
854 902 924 963 Eli·
977 918 1078 973 meas,
1093 917 1153 963 nec
1166 902 1308 979 pretium
1320 902 1471 964 invenire
1482 906 1597 981 potero
1609 904 1696 981 apud
1712 922 1773 967 me.

113 997 234 1059 sabeth
257 998 380 1060 beatus
399 1001 544 1062 Joannes
563 999 723 1076 Baptista.
748 1001 844 1061 Anna
860 1015 922 1060 ac·
977 998 1067 1059 Dabo
1080 1000 1189 1061 tamen
1205 1000 1291 1077 quod
1303 1000 1421 1073 haheo,
1439 1003 1472 1063 θῖ
1487 1002 1591 1064 totum
1611 1003 1697 1079 quod
1713 1003 1777 1063 ha·

113 1095 372 1174 oepitJoaohim
388 1096 422 1156 in
438 1096 558 1168 virum,
577 1096 751 1174 dequibus
776 1098 855 1159 nata
874 1097 924 1159 est
977 1095 1049 1168 beo,
1077 1097 1316 1185 dabo.flotum
1338 1099 1424 1176 quod
1446 1101 1496 1161 esi
1521 1101 1557 1160 in
1584 1099 1775 1162 habitaculo

114 1194 218 1255 Beata
242 1195 356 1255 Maria
370 1196 477 1256 mater
490 1194 633 1256 Domini.
651 1194 789 1256 'Mortuo
812 1195 923 1257 autem
977 1194 1126 1272 corporis
1149 1195 1226 1265 mei,
1242 1212 1301 1274 pro
1317 1197 1348 1257 te
1360 1196 1455 1269 daho,
1473 1197 1558 1276 quod
1577 1198 1775 1261 tamencum

113 1291 270 1355 loachim
287 1292 429 1370 Cleopas
444 1291 540 1353 duxit
550 1295 692 1365 Annam,
706 1293 740 1354 et
753 1293 868 1369 genuit
880 1309 923 1354 ex
977 1291 1080 1353 totum
1093 1292 1225 1366 dedero,
1247 1294 1343 1371 quasi
1355 1294 1497 1356 nihilum
1511 1295 1681 1372 reputabo.
1698 1298 1777 1357 Om-

114 1404 154 1452 oa
189 1390 338 1451 alteram
374 1389 528 1473 Mariam,
558 1405 631 1467 quae
666 1390 789 1452 dicitur
815 1391 923 1452 Maria
976 1385 1035 1450 ne's
1061 1392 1171 1452 carnis
1197 1392 1396 1469 voluptates
1422 1408 1536 1454 omnes
1556 1394 1676 1455 animae
1692 1411 1773 1456 meae

116 1486 262 1563 Gleopae,
277 1502 379 1564 quam
394 1486 534 1563 Cleopas
548 1487 760 1564 desponsavit
773 1487 921 1566 Alphaeo,
973 1488 1198 1564 jncunditates
1213 1504 1273 1566 pro
1286 1489 1319 1551 te
1334 1490 1552 1562 commutabo,
1569 1490 1606 1551 ut
1622 1491 1655 1552 te
1670 1491 1776 1553 solam

116 1582 157 1645 de
172 1600 241 1660 qua
264 1585 367 1645 natus
386 1587 438 1646 est
450 1584 593 1646 lacobus
608 1585 718 1648 minor
734 1585 768 1647 ot
785 1586 921 1663 loseph.
977 1582 1110 1654 hahere,
1126 1586 1159 1645 te
1174 1584 1279 1647 solam
1292 1586 1422 1648 valeam
1436 1587 1618 1665 possidere.
1638 1590 1687 1648 Tu
1702 1589 1774 1651 sola

118 1681 213 1743 Unde
223 1680 351 1743 dicitur
362 1681 506 1749 Jacohus
517 1682 656 1759 Alphaei.
670 1674 798 1745 Mortuo
814 1685 923 1746 autem
977 1680 1058 1741 mihi
1088 1681 1231 1751 charior,
1264 1684 1302 1745 tu
1327 1683 1399 1745 sola
1423 1685 1618 1763 jncundior,
1644 1686 1680 1748 tu
1704 1686 1777 1747 sola

116 1778 251 1855 Cleopa,
278 1782 377 1840 Anna
397 1780 495 1840 tertio
512 1780 631 1842 marito
653 1781 784 1842 Salome
799 1782 921 1859 nupsit,
978 1779 1122 1840 suavior.
1157 1779 1332 1841 Plenitudo
1356 1781 1519 1858 siquidem
1542 1782 1626 1858 legis
1650 1785 1700 1845 est
1721 1783 1777 1845 di-

116 1876 172 1953 qui
193 1876 315 1952 genuit
334 1892 377 1937 ex
396 1892 439 1937 ea
460 1878 599 1938 alteram
614 1879 771 1952 Mariam,
790 1878 830 1939 de
846 1895 921 1956 qua,
977 1873 1086 1949 lectio,
1103 1892 1142 1938 eo
1163 1876 1249 1954 quod
1269 1877 1325 1939 lex
1347 1878 1383 1939 in
1398 1878 1499 1940 verbo
1526 1878 1700 1942 charitatis
1719 1882 1776 1941 in-

116 1972 324 2050 desponsata
341 1974 510 2047 Zebodaeo,
526 1976 596 2037 nati
612 1977 690 2038 sunt
703 1976 847 2039 lacobus
860 1977 924 2037 mi·
978 1974 1157 2047 stauretur,
1172 1976 1205 2036 et
1213 1975 1282 2037 tota
1291 1975 1346 2037 lex
1358 1992 1418 2053 per
1430 1991 1503 2037 eam
1513 1976 1679 2054 impletur.
1693 1978 1776 2050 Quid

116 2086 180 2133 nor
199 2073 235 2132 et
247 2074 400 2133 loannes
424 2072 645 2149 Evangelista.
674 2076 723 2135 Ita
742 2074 793 2136 θεῖ
815 2075 922 2135 Maria
977 2086 1057 2147 ergo
1080 2072 1214 2148 expedit
1239 2073 1370 2135 diversa
1398 2090 1559 2150 quaerere,
1585 2075 1642 2135 ubi
1666 2077 1773 2137 omnis

118 2167 252 2228 Salome
263 2170 375 2229 mater
388 2168 531 2229 tiliorum
542 2169 691 2231 Zebedaei
706 2170 746 2232 de
759 2186 825 2247 qua
839 2170 924 2232 dici·
977 2170 1272 2232 consummationis
1293 2171 1384 2235 videt
1405 2172 1478 2249 quis
1500 2172 1600 2234 tinem
1627 2175 1661 2236 θῖ
1684 2190 1776 2235 com·

117 2264 219 2326 turin
230 2264 412 2340 evangelio
426 2267 512 2343 quod
527 2267 623 2328 modo
634 2267 773 2330 audistis
784 2290 790 2327 :
800 2273 924 2330 Acces-
977 2267 1154 2344 pletionem
1169 2269 1215 2328 »t

116 2362 324 2422 stt...Maria
337 2362 577 2439 interpretatur
587 2364 776 2427 illuminata
787 2364 840 2427 vel
850 2366 924 2426 illu·
1018 2364 1082 2426 Sed
1111 2363 1213 2427 latum
1243 2365 1433 2428 mandatum
1462 2366 1635 2429 charitatis
1663 2367 1774 2430 nimis.

118 2458 281 2520 miratrix
299 2459 354 2521 vel
374 2460 472 2522 stella
493 2461 606 2533 maris
632 2462 664 2524 θῖ
682 2462 745 2524 hoc
765 2462 922 2526 hebraico
978 2461 1148 2538 Siquidem
1175 2463 1205 2523 si
1227 2463 1331 2525 totam
1357 2463 1464 2539 legem
1484 2464 1558 2541 quis
1577 2466 1773 2540 servaverit,

120 2572 284 2629 sermone,
302 2573 382 2634 syro
400 2560 510 2620 autem
528 2559 679 2621 Domina.
693 2550 795 2621 Beata
814 2561 923 2622 Maria
978 2559 1123 2621 offendat
1137 2560 1248 2621 autem
1270 2560 1306 2621 in
1328 2576 1393 2621 uno
1416 2561 1570 2634 mandato
1586 2562 1772 2637 charitatis,

123 2655 172 2715 est
183 2654 376 2717 illuminata
389 2671 449 2732 per
456 2656 663 2732 spiritualem
678 2658 831 2734 gratiam,
841 2658 923 2720 illu·
977 2654 1083 2717 tactus
1110 2657 1160 2718 θεῖ
1181 2657 1328 2718 omnium
1347 2673 1435 2718 reus.
1454 2659 1534 2719 Cum
1550 2674 1614 2735 qua
1628 2675 1693 2721 non
1712 2677 1776 2737 po·

123 2752 286 2812 minatrix
303 2767 365 2828 per
388 2753 605 2831 principalem
624 2755 801 2832 justitiam,
826 2757 923 2818 stella
976 2753 1185 2843 testationis
1209 2757 1277 2815 Deo
1308 2753 1505 2831 displicere,
1530 2756 1609 2832 quia
1630 2757 1777 2819 charitas

122 2849 224 2909 maris
247 2864 311 2926 per
326 2850 534 2926 spiritualem
556 2851 831 2927 misericordiam,
852 2857 921 2915 Do·
978 2851 1085 2926 operit
1110 2849 1356 2912 multitudinem
1384 2851 1613 2927 peccatorum,
1644 2856 1676 2914 et
1704 2855 1777 2916 sine

123 2945 213 3006 mina
223 2962 285 3022 per
294 2947 455 3008 aetornam
466 2949 658 3025 potentiam.
672 2949 803 3012 Salome
813 2950 922 3013 inter·
977 2963 1042 3024 qua
1056 2963 1122 3008 non
1135 2947 1243 3024 potest
1256 2947 1378 3024 aliquis
1393 2948 1425 3008 ei
1437 2948 1653 3024 complacere.
1669 2952 1777 3028 Opera

125 3043 274 3119 pretatur
283 3043 436 3119 pacifica,
446 3045 524 3122 quia
536 3047 652 3121 genuit
666 3047 748 3107 duos
758 3047 845 3109 tilios
859 3064 923 3125 pa·
977 3043 1162 3121 iniquitatis
1178 3046 1255 3109 sunt
1280 3044 1484 3106 solummodo
1501 3046 1675 3119 malorum,
1696 3050 1775 3125 quia

128 3140 327 3212 cis,scilioet
334 3141 495 3225 iacobum
505 3145 538 3205 et
546 3146 708 3206 loannem
717 3145 924 3222 etsignillcat
977 3141 1064 3203 sicut
1077 3142 1224 3204 charitas
1239 3158 1305 3204 non
1316 3143 1426 3221 potest
1444 3143 1594 3205 exerceri
1609 3145 1775 3207 nisiinter

126 3236 491 3309 charitatem.Charitas
501 3241 611 3303 autem
622 3242 704 3302 duos
713 3242 799 3304 tilios
809 3243 920 3316 habet,
976 3237 1081 3300 honos
1106 3240 1139 3302 θῖ
1160 3240 1281 3317 JustoS,
1314 3240 1361 3302 ita
1386 3239 1546 3317 iniquitas
1571 3257 1638 3302 non
1671 3244 1778 3320 potest

126 3334 219 3408 idest,
235 3336 335 3397 tidem
349 3335 470 3397 honam
484 3338 517 3399 et
527 3336 648 3399 bonam
664 3340 900 3416 operationem.
977 3336 1109 3412 operari
1135 3336 1201 3398 nisi
1221 3337 1310 3399 inter
1331 3337 1464 3415 iniquos
1477 3340 1510 3401 et
1522 3355 1709 3417 perversos
1731 3343 1777 3402 De

161 3432 351 3494 Notandum
371 3434 424 3495 est
446 3434 532 3511 quod
547 3435 669 3512 triplex
692 3438 742 3498 est
761 3438 920 3514 operatio.
978 3434 1096 3511 quibus
1127 3433 1208 3497 dicit
1236 3436 1366 3496 isaias:
1385 3438 1497 3511 Opera
1522 3451 1644 3499 eorum
1671 3453 1778 3513 opera

124 3531 178 3591 list
191 3532 280 3591 enim
292 3546 376 3607 opus
389 3531 573 3604 charitatis
593 3550 676 3611 opus
688 3535 875 3613 iniquitatis
890 3536 924 3598 θῖ
977 3532 1124 3603 taetitia,
1159 3531 1194 3592 et
1225 3546 1310 3606 Olmt
1338 3533 1532 3606 illidul'lalit
1559 3537 1598 3597 aa
1619 3539 1778 3598 mallibus

124 3642 203 3704 opus
214 3629 386 3689 vanitatis.
403 3631 492 3706 Opus
507 3629 681 3694 charitatis
701 3633 751 3695 est
765 3649 843 3694 vere
860 3632 921 3695 bo·
977 3643 1109 3690 eorum.
1130 3632 1242 3691 Pedes
1256 3644 1379 3692 eorum
1396 3634 1441 3692 ad
1462 3637 1593 3693 malum
1615 3634 1775 3707 currunt,

125 3740 216 3800 num;
242 3742 326 3801 opus
348 3726 533 3803 iniquitatis
555 3730 607 3789 θεῖ
631 3745 710 3790 vere
731 3730 866 3803 malum,
890 3731 923 3792 et
977 3726 1238 3800 etsesttnoatut
1259 3728 1438 3802 effundent
1451 3732 1658 3803 salsedinem
1672 3733 1776 3791 trano·

125 3837 203 3898 opus
218 3823 380 3885 vanitatis
403 3824 455 3884 est
468 3824 543 3886 itote
557 3825 691 3886 bonum.
709 3829 798 3903 Opus
811 3827 925 3888 chari·
975 3823 1108 3884 ceratem
1115 3840 1127 3895 ,·
1153 3824 1376 3898 recitationes
1404 3839 1536 3897 eorum,
1552 3826 1777 3900 copttetioaes

125 3918 197 3978 tatis
221 3920 273 3980 est
299 3919 505 3981 solummodo
529 3919 702 3994 honorum,
727 3923 805 4000 quia
834 3939 922 3985 non·
975 3921 1132 3991 irrutiles·
1144 3920 1291 3980 vestitos
1305 3921 1340 3980 et
1353 3919 1516 3980 concretio
1526 3923 1564 3981 tn
1576 3923 1643 3982 otis
1654 3936 1776 3983 eorum

125 4015 290 4079 nisiinter
304 4015 408 4079 honos
428 4018 462 4078 et
471 4019 579 4094 justos
601 4018 748 4083 charitas
772 4019 922 4082 exerceri
977 4014 1041 4095 (Ιε.
1070 4016 1157 4088 rnx).
1192 4014 1286 4077 Unde
1319 4014 1504 4077 Malachias
1541 4017 1702 4094 propheta
1730 4018 1779 4081 ait

125 4112 238 4188 potest,
253 4114 334 4190 quia
347 4114 404 4175 uhi
414 4113 560 4176 charitas
574 4115 620 4177 ihi
629 4118 730 4189 Deus,
744 4117 831 4179 sicut
842 4118 923 4181 dicit
976 4112 1100 4174 sanctis
1129 4113 1168 4173 de
1201 4112 1269 4173 illis
1298 4114 1354 4191 qui
1386 4113 1513 4177 faciunt
1538 4114 1626 4176 mala
1658 4132 1776 4193 opera:

123 4211 265 4273 loannes
290 4210 327 4271 in
342 4211 488 4288 Epistola
504 4233 512 4272 ι
528 4217 622 4275 Deus
641 4215 794 4277 charitas
809 4216 873 4289 est,
888 4216 922 4278 et
977 4211 1240 4288 arremarenses
1254 4213 1428 4273 calcabitis
1449 4216 1584 4288 irreptor,
1605 4230 1683 4276 eura
1702 4217 1780 4289 sae·

122 4308 310 4380 permonet
332 4310 563 4383 inchorttote
585 4314 623 4374 in
640 4315 711 4373 Deo
731 4313 861 4385 rrmnet,
888 4313 922 4376 et
975 4310 1049 4369 rint
1079 4311 1165 4370 einis
1192 4312 1254 4369 sard
1282 4309 1402 4384 plorata
1423 4314 1552 4385 pedum
1579 4314 1778 4375 vestrorum

122 4408 210 4467 Deos
238 4409 276 4466 in
300 4419 341 4467 eo
370 4402 399 4484 (Ι
423 4407 532 4478 ioan„
555 4422 598 4479 tv,
616 4407 684 4487 te),
699 4410 793 4471 Unde
808 4409 922 4472 ndeles
977 4402 1135 4486 (Malach.
1154 4420 1199 4478 tv,
1215 4403 1262 4484 3).

122 4501 274 4564 admonet
301 4501 480 4577 Apostolus
499 4501 613 4565 dicens
630 4526 638 4564 ε
655 4507 778 4568 Omitto
803 4507 922 4569 oestro
1018 4503 1131 4564 Sancti
1147 4502 1370 4579 egredientur,
1386 4503 1483 4577 idest,
1500 4505 1776 4583 contemplabun-

122 4612 224 4671 upcra
249 4603 288 4659 tn
314 4600 587 4673 choritatettont
604 4598 634 4679 (l
662 4603 919 4684 Cor.xv1,14).
975 4599 1030 4661 tur
1059 4599 1223 4661 tormenta
1253 4598 1486 4661 damnatorum
1518 4602 1653 4678 propter
1686 4602 1774 4663 mala

123 4696 199 4765 Quia
218 4696 308 4756 sicut
321 4710 442 4757 aurum
456 4696 506 4757 est
525 4696 636 4757 carius
651 4700 684 4759 et
696 4700 875 4775 pretiosius
889 4702 922 4763 θῖ
976 4711 1077 4773 opera
1091 4711 1163 4772 quae
1177 4695 1327 4758 lecerunt
1341 4696 1375 4755 in
1388 4695 1451 4759 hoo
1463 4697 1596 4757 mundo.
1610 4699 1649 4759 Εῖ
1664 4698 1775 4759 calca-

123 4792 327 4867 splendidius
356 4792 509 4854 omnihus
528 4795 683 4868 metallis,
707 4795 754 4858 ita
776 4798 922 4860 charitas
975 4792 1057 4853 bunt
1072 4792 1202 4867 impios,
1222 4792 1317 4864 idest,
1340 4792 1604 4855 condemnabunt
1618 4794 1720 4871 ipSOS·
1736 4797 1776 4858 El

122 4890 168 4949 θεῖ
180 4893 291 4968 major
305 4889 829 4966 etmelioromnihusvirtutibus,
844 4897 921 4973 quia
976 4889 1069 4965 impii
1095 4888 1193 4950 crunt
1225 4888 1311 4950 sicut
1339 4888 1435 4958 cinis,
1471 4889 1558 4950 idest
1592 4892 1776 4955 combustio

123 4987 209 5048 nulla
219 4988 329 5049 virtus
343 4987 417 5048 sine
430 5003 469 5048 ea
484 4990 534 5050 ost
547 4990 666 5063 virtus,
683 4991 761 5067 quia
774 4993 922 5055 charitas
976 4987 1063 5063 ignis
1077 4986 1204 5047 aeterni·
1221 4986 1261 5046 Et
1271 4985 1368 5047 erunt
1380 4985 1441 5046 Sssb
1452 4987 1774 5067 pedibusjuswruffl,

123 5085 252 5148 excellit
266 5086 302 5148 et
325 5084 489 5161 praecellit
503 5087 641 5149 caeteras
660 5088 810 5150 virtutes.
828 5091 922 5153 Unde
977 5084 1051 5161 <luia
1063 5083 1146 5160 justi
1167 5082 1265 5143 erunt
1276 5083 1311 5144 in
1325 5082 1419 5156 00810,
1440 5084 1504 5160 ipsi
1520 5089 1630 5148 autem
1645 5089 1778 5150 crucia·

123 5183 324 5258 augustinus
341 5199 383 5245 :s
406 5182 469 5243 Ubi
493 5183 641 5246 charitas
668 5186 735 5258 est,
766 5187 844 5265 quid
871 5193 923 5252 est
977 5181 1099 5242 huntur
1120 5180 1155 5241 in
1179 5180 1322 5242 interno.
1349 5181 1442 5243 Unde
1456 5185 1777 5247 ieremias:0mrres

123 5278 202 5353 quod
227 5277 337 5354 possit
362 5276 497 5338 deesset
521 5279 842 5357 Subintelligendum
858 5288 943 5358 est,
973 5279 1215 5355 persecutores
1252 5282 1327 5352 ejus
1363 5281 1664 5356 appreaeaaeruat
1701 5298 1779 5343 corn

124 5374 203 5434 nihil
216 5374 308 5435 honi.
324 5375 365 5435 Et
380 5374 436 5435 ubi
448 5375 594 5437 charitas
607 5394 674 5438 non
686 5380 747 5451 est,
765 5381 842 5457 quid
858 5384 918 5455 est,
977 5376 1071 5437 inter
1090 5377 1272 5453 arrpusttos
1283 5375 1418 5455 (Thren.
1441 5394 1465 5450 r,
1481 5378 1526 5458 3).
1543 5378 1778 5441 Persecutores

125 5471 205 5547 quod
220 5471 329 5549 possit
343 5471 499 5547 prodesse
512 5474 656 5546 »lQuasi
673 5475 921 5540 diceret:nihil.
978 5474 1098 5534 animae
1127 5474 1204 5535 sunt
1232 5473 1410 5536 daemones.
1441 5476 1507 5553 Ipsi
1535 5478 1779 5553 persequuntur

125 5570 161 5629 lit
173 5570 221 5631 ait
233 5570 336 5631 etiam
351 5589 359 5628 ι
377 5585 395 5629 c
411 5569 563 5633 Charitas
585 5588 659 5650 quae
674 5573 782 5637 deseri
801 5578 922 5653 potest,
978 5571 1123 5632 animam
1145 5571 1180 5631 in
1194 5571 1338 5644 interno,
1355 5573 1505 5633 vexando
1521 5587 1594 5632 eam
1609 5572 1645 5634 in
1661 5574 1776 5637 diver-

126 5681 302 5746 numquam
316 5682 397 5731 vera
412 5665 475 5729 luit
488 5685 519 5729 θ.
979 5668 1026 5731 sis
1038 5670 1071 5731 et
1084 5669 1188 5731 variis
1203 5669 1387 5731 tormentis.
1402 5669 1441 5730 Et
1461 5668 1526 5747 ipsi
1543 5672 1777 5749 apprehende·
