<?xml version="1.0" encoding="UTF-8"?>
<!DOCTYPE html PUBLIC "-//W3C//DTD XHTML 1.0 Transitional//EN"
    "http://www.w3.org/TR/xhtml1/DTD/xhtml1-transitional.dtd">
<html xmlns="http://www.w3.org/1999/xhtml" xml:lang="en" lang="en">
 <head>
  <title>
</title>
<meta http-equiv="Content-Type" content="text/html;charset=utf-8" />
  <meta name='ocr-system' content='tesseract 3.04.00' />
  <meta name='ocr-capabilities' content='ocr_page ocr_carea ocr_par ocr_line ocrx_word'/>
</head>
<body>
  <div class='ocr_page' id='page_1' title='image "./mediiaevibiblio00bottgoog_0656.png"; bbox 0 0 3980 6206; ppageno 0'>
   <div class='ocr_carea' id='block_1_1' title="bbox 141 252 1792 370">
    <p class='ocr_par' dir='ltr' id='par_1_1' title="bbox 141 252 1792 370">
     <span class='ocr_line' id='line_1_1' title="bbox 141 252 1792 370; baseline -0.001 -3"><span class='ocrx_word' id='word_1_1' title='bbox 141 308 198 370; x_wconf 83' lang='lat'>801</span> <span class='ocrx_word' id='word_1_2' title='bbox 253 360 256 369; x_wconf 90' lang='lat'><em>.</em></span> <span class='ocrx_word' id='word_1_3' title='bbox 286 252 296 275; x_wconf 47' lang='lat'><strong>·</strong></span> <span class='ocrx_word' id='word_1_4' title='bbox 769 300 998 366; x_wconf 80' lang='lat' dir='ltr'><strong>EPISTOLAE.</strong></span> <span class='ocrx_word' id='word_1_5' title='bbox 1022 302 1099 364; x_wconf 85' lang='lat' dir='ltr'><strong>LIB.</strong></span> <span class='ocrx_word' id='word_1_6' title='bbox 1124 300 1164 364; x_wconf 86' lang='lat' dir='ltr'>ll.</span> <span class='ocrx_word' id='word_1_7' title='bbox 1730 307 1792 365; x_wconf 72' lang='lat'>802</span> 
     </span>
    </p>
   </div>
   <div class='ocr_carea' id='block_1_2' title="bbox 12 454 1791 547">
    <p class='ocr_par' dir='ltr' id='par_1_2' title="bbox 12 454 1791 547">
     <span class='ocr_line' id='line_1_2' title="bbox 12 454 1791 547; baseline -0.003 -15"><span class='ocrx_word' id='word_1_8' title='bbox 12 454 16 462; x_wconf 69' lang='grc'><strong>’</strong></span> <span class='ocrx_word' id='word_1_9' title='bbox 139 471 238 538; x_wconf 85' lang='lat' dir='ltr'>teret.</span> <span class='ocrx_word' id='word_1_10' title='bbox 259 468 435 547; x_wconf 80' lang='lat' dir='ltr'>descriptis</span> <span class='ocrx_word' id='word_1_11' title='bbox 456 467 611 547; x_wconf 91' lang='lat' dir='ltr'>primum,</span> <span class='ocrx_word' id='word_1_12' title='bbox 632 467 666 530; x_wconf 91' lang='lat' dir='ltr'>et</span> <span class='ocrx_word' id='word_1_13' title='bbox 683 463 826 528; x_wconf 89' lang='lat' dir='ltr'>ostensis</span> <span class='ocrx_word' id='word_1_14' title='bbox 842 462 940 525; x_wconf 89' lang='lat' dir='ltr'>dictis</span> <span class='ocrx_word' id='word_1_15' title='bbox 994 464 1048 525; x_wconf 91' lang='lat' dir='ltr'>tur</span> <span class='ocrx_word' id='word_1_16' title='bbox 1062 483 1069 523; x_wconf 93' lang='lat'>:</span> <span class='ocrx_word' id='word_1_17' title='bbox 1083 464 1119 525; x_wconf 95' lang='lat' dir='ltr'>tu</span> <span class='ocrx_word' id='word_1_18' title='bbox 1138 463 1210 525; x_wconf 88' lang='lat' dir='ltr'>haec</span> <span class='ocrx_word' id='word_1_19' title='bbox 1225 465 1258 527; x_wconf 89' lang='lat' dir='ltr'>et</span> <span class='ocrx_word' id='word_1_20' title='bbox 1271 464 1337 525; x_wconf 88' lang='lat' dir='ltr'>alia</span> <span class='ocrx_word' id='word_1_21' title='bbox 1353 464 1467 526; x_wconf 84' lang='lat' dir='ltr'>volens</span> <span class='ocrx_word' id='word_1_22' title='bbox 1492 465 1672 541; x_wconf 77' lang='lat' dir='ltr'>corrigere,</span> <span class='ocrx_word' id='word_1_23' title='bbox 1692 467 1791 543; x_wconf 79' lang='lat' dir='ltr'>Juxta</span> 
     </span>
    </p>
   </div>
   <div class='ocr_carea' id='block_1_3' title="bbox 136 560 1805 5637">
    <p class='ocr_par' dir='ltr' id='par_1_3' title="bbox 136 560 1805 5637">
     <span class='ocr_line' id='line_1_3' title="bbox 138 560 1793 645; baseline -0.001 -17"><span class='ocrx_word' id='word_1_24' title='bbox 138 568 297 645; x_wconf 89' lang='lat' dir='ltr'>episcopo</span> <span class='ocrx_word' id='word_1_25' title='bbox 325 568 358 628; x_wconf 94' lang='lat' dir='ltr'>et</span> <span class='ocrx_word' id='word_1_26' title='bbox 383 566 515 628; x_wconf 82' lang='lat' dir='ltr'>clericis</span> <span class='ocrx_word' id='word_1_27' title='bbox 539 563 691 627; x_wconf 82' lang='lat' dir='ltr'>articulis</span> <span class='ocrx_word' id='word_1_28' title='bbox 712 560 938 641; x_wconf 87' lang='lat' dir='ltr'>inquirendis,</span> <span class='ocrx_word' id='word_1_29' title='bbox 996 560 1097 623; x_wconf 87' lang='lat' dir='ltr'>oliicii</span> <span class='ocrx_word' id='word_1_30' title='bbox 1112 561 1159 623; x_wconf 92' lang='lat' dir='ltr'>tui</span> <span class='ocrx_word' id='word_1_31' title='bbox 1179 561 1336 635; x_wconf 90' lang='lat' dir='ltr'>debitum,</span> <span class='ocrx_word' id='word_1_32' title='bbox 1350 562 1414 625; x_wconf 91' lang='lat' dir='ltr'>rite</span> <span class='ocrx_word' id='word_1_33' title='bbox 1429 562 1470 624; x_wconf 87' lang='lat' dir='ltr'>ad</span> <span class='ocrx_word' id='word_1_34' title='bbox 1484 578 1598 625; x_wconf 91' lang='lat' dir='ltr'>eorum</span> <span class='ocrx_word' id='word_1_35' title='bbox 1611 563 1793 626; x_wconf 85' lang='lat' dir='ltr'>correctio-</span> 
     </span>
     <span class='ocr_line' id='line_1_4' title="bbox 138 659 1793 738; baseline -0.004 -10"><span class='ocrx_word' id='word_1_36' title='bbox 138 667 237 729; x_wconf 83' lang='lat' dir='ltr'>novis</span> <span class='ocrx_word' id='word_1_37' title='bbox 263 663 555 727; x_wconf 77' lang='lat' dir='ltr'>adinventionibus</span> <span class='ocrx_word' id='word_1_38' title='bbox 583 677 730 725; x_wconf 90' lang='lat' dir='ltr'>canones</span> <span class='ocrx_word' id='word_1_39' title='bbox 755 675 941 722; x_wconf 79' lang='grc'><strong>111111111-</strong></span> <span class='ocrx_word' id='word_1_40' title='bbox 995 676 1070 725; x_wconf 85' lang='lat' dir='ltr'>nam</span> <span class='ocrx_word' id='word_1_41' title='bbox 1084 659 1262 737; x_wconf 90' lang='lat' dir='ltr'>procedere</span> <span class='ocrx_word' id='word_1_42' title='bbox 1277 660 1462 737; x_wconf 89' lang='lat' dir='ltr'>incoepisti;</span> <span class='ocrx_word' id='word_1_43' title='bbox 1494 661 1550 722; x_wconf 92' lang='lat' dir='ltr'>sed</span> <span class='ocrx_word' id='word_1_44' title='bbox 1566 661 1641 738; x_wconf 90' lang='lat' dir='ltr'>ipsi,</span> <span class='ocrx_word' id='word_1_45' title='bbox 1658 662 1793 722; x_wconf 91' lang='lat' dir='ltr'>anima·</span> 
     </span>
     <span class='ocr_line' id='line_1_5' title="bbox 139 757 1793 839; baseline -0.004 -14"><span class='ocrx_word' id='word_1_46' title='bbox 139 765 234 836; x_wconf 86' lang='lat' dir='ltr'>dens,</span> <span class='ocrx_word' id='word_1_47' title='bbox 261 779 348 825; x_wconf 83' lang='lat' dir='ltr'>noro</span> <span class='ocrx_word' id='word_1_48' title='bbox 376 762 474 824; x_wconf 91' lang='lat' dir='ltr'>modo</span> <span class='ocrx_word' id='word_1_49' title='bbox 503 763 620 824; x_wconf 89' lang='lat' dir='ltr'>contra</span> <span class='ocrx_word' id='word_1_50' title='bbox 647 762 738 839; x_wconf 89' lang='lat' dir='ltr'>ipsos</span> <span class='ocrx_word' id='word_1_51' title='bbox 762 758 941 836; x_wconf 89' lang='lat' dir='ltr'>procedere</span> <span class='ocrx_word' id='word_1_52' title='bbox 996 772 1069 817; x_wconf 90' lang='lat' dir='ltr'>rum</span> <span class='ocrx_word' id='word_1_53' title='bbox 1098 757 1205 819; x_wconf 90' lang='lat' dir='ltr'>salute</span> <span class='ocrx_word' id='word_1_54' title='bbox 1240 760 1437 835; x_wconf 88' lang='lat' dir='ltr'>contempta,</span> <span class='ocrx_word' id='word_1_55' title='bbox 1469 758 1529 819; x_wconf 89' lang='lat' dir='ltr'>suh</span> <span class='ocrx_word' id='word_1_56' title='bbox 1560 759 1793 836; x_wconf 85' lang='lat' dir='ltr'>appellationis</span> 
     </span>
     <span class='ocr_line' id='line_1_6' title="bbox 139 853 1794 932; baseline -0.002 -10"><span class='ocrx_word' id='word_1_57' title='bbox 139 860 336 932; x_wconf 85' lang='lat' dir='ltr'>lostinabas,</span> <span class='ocrx_word' id='word_1_58' title='bbox 358 861 391 922; x_wconf 88' lang='lat' dir='ltr'>et</span> <span class='ocrx_word' id='word_1_59' title='bbox 412 876 487 921; x_wconf 87' lang='lat' dir='ltr'>cum</span> <span class='ocrx_word' id='word_1_60' title='bbox 501 860 594 923; x_wconf 89' lang='lat' dir='ltr'>tuam</span> <span class='ocrx_word' id='word_1_61' title='bbox 616 857 787 920; x_wconf 81' lang='lat' dir='ltr'>dioecesim</span> <span class='ocrx_word' id='word_1_62' title='bbox 801 872 821 917; x_wconf 91' lang='lat' dir='ltr'>a</span> <span class='ocrx_word' id='word_1_63' title='bbox 835 854 942 932; x_wconf 92' lang='lat' dir='ltr'>culpis</span> <span class='ocrx_word' id='word_1_64' title='bbox 996 853 1112 932; x_wconf 89' lang='lat' dir='ltr'>clypeo</span> <span class='ocrx_word' id='word_1_65' title='bbox 1126 871 1221 917; x_wconf 90' lang='lat' dir='ltr'>suam</span> <span class='ocrx_word' id='word_1_66' title='bbox 1235 856 1384 919; x_wconf 80' lang='lat' dir='ltr'>volentes</span> <span class='ocrx_word' id='word_1_67' title='bbox 1394 856 1556 917; x_wconf 88' lang='lat' dir='ltr'>malitiam</span> <span class='ocrx_word' id='word_1_68' title='bbox 1565 856 1744 926; x_wconf 87' lang='lat' dir='ltr'>occultare,</span> <span class='ocrx_word' id='word_1_69' title='bbox 1752 856 1794 918; x_wconf 87' lang='lat' dir='ltr'>ad</span> 
     </span>
     <span class='ocr_line' id='line_1_7' title="bbox 138 948 1797 1035; baseline -0.003 -16"><span class='ocrx_word' id='word_1_70' title='bbox 138 958 350 1035; x_wconf 88' lang='lat' dir='ltr'>gravioribus</span> <span class='ocrx_word' id='word_1_71' title='bbox 379 973 445 1019; x_wconf 92' lang='lat' dir='ltr'>non</span> <span class='ocrx_word' id='word_1_72' title='bbox 475 972 665 1035; x_wconf 80' lang='lat' dir='ltr'>purgasses,</span> <span class='ocrx_word' id='word_1_73' title='bbox 690 954 784 1017; x_wconf 91' lang='lat' dir='ltr'>trabe</span> <span class='ocrx_word' id='word_1_74' title='bbox 811 953 852 1015; x_wconf 87' lang='lat' dir='ltr'>de</span> <span class='ocrx_word' id='word_1_75' title='bbox 875 952 942 1015; x_wconf 89' lang='lat' dir='ltr'>tuis</span> <span class='ocrx_word' id='word_1_76' title='bbox 998 948 1116 1013; x_wconf 88' lang='lat' dir='ltr'>Sedem</span> <span class='ocrx_word' id='word_1_77' title='bbox 1129 948 1352 1030; x_wconf 84' lang='lat' dir='ltr'>Apostblicam</span> <span class='ocrx_word' id='word_1_78' title='bbox 1367 956 1600 1030; x_wconf 87' lang='lat' dir='ltr'>provocarunt,</span> <span class='ocrx_word' id='word_1_79' title='bbox 1615 950 1689 1031; x_wconf 85' lang='lat' dir='ltr'>ipso&#39;</span> <span class='ocrx_word' id='word_1_80' title='bbox 1706 955 1797 1032; x_wconf 86' lang='lat' dir='ltr'>epis-</span> 
     </span>
     <span class='ocr_line' id='line_1_8' title="bbox 138 1050 1796 1134; baseline -0.002 -17"><span class='ocrx_word' id='word_1_81' title='bbox 138 1057 246 1118; x_wconf 91' lang='lat' dir='ltr'>oculis</span> <span class='ocrx_word' id='word_1_82' title='bbox 269 1073 335 1118; x_wconf 91' lang='lat' dir='ltr'>non</span> <span class='ocrx_word' id='word_1_83' title='bbox 355 1057 472 1134; x_wconf 90' lang='lat' dir='ltr'>ejecta,</span> <span class='ocrx_word' id='word_1_84' title='bbox 487 1055 648 1117; x_wconf 80' lang='lat' dir='ltr'>festucam</span> <span class='ocrx_word' id='word_1_85' title='bbox 663 1054 703 1115; x_wconf 89' lang='lat' dir='ltr'>de</span> <span class='ocrx_word' id='word_1_86' title='bbox 718 1051 942 1115; x_wconf 81' lang='lat' dir='ltr'>oculolratris</span> <span class='ocrx_word' id='word_1_87' title='bbox 997 1065 1080 1127; x_wconf 91' lang='lat' dir='ltr'>copo</span> <span class='ocrx_word' id='word_1_88' title='bbox 1107 1051 1180 1114; x_wconf 94' lang='lat' dir='ltr'>loco</span> <span class='ocrx_word' id='word_1_89' title='bbox 1209 1050 1366 1129; x_wconf 88' lang='lat' dir='ltr'>praedicto</span> <span class='ocrx_word' id='word_1_90' title='bbox 1387 1052 1554 1125; x_wconf 68' lang='lat' dir='ltr'>vicesimae</span> <span class='ocrx_word' id='word_1_91' title='bbox 1578 1052 1796 1129; x_wconf 85' lang='lat' dir='ltr'>extorquente</span> 
     </span>
     <span class='ocr_line' id='line_1_9' title="bbox 136 1146 1796 1232; baseline -0.002 -17"><span class='ocrx_word' id='word_1_92' title='bbox 136 1152 186 1215; x_wconf 92' lang='lat' dir='ltr'>tul</span> <span class='ocrx_word' id='word_1_93' title='bbox 214 1155 338 1232; x_wconf 85' lang='lat' dir='ltr'>ejicere</span> <span class='ocrx_word' id='word_1_94' title='bbox 362 1153 548 1230; x_wconf 86' lang='lat' dir='ltr'>satagebas.</span> <span class='ocrx_word' id='word_1_95' title='bbox 572 1155 681 1225; x_wconf 87' lang='lat' dir='ltr'>Quare</span> <span class='ocrx_word' id='word_1_96' title='bbox 708 1150 841 1230; x_wconf 77' lang='lat' dir='ltr'>prael‘ati</span> <span class='ocrx_word' id='word_1_97' title='bbox 859 1148 944 1227; x_wconf 91' lang='lat' dir='ltr'>epis·</span> <span class='ocrx_word' id='word_1_98' title='bbox 998 1148 1174 1226; x_wconf 89' lang='lat' dir='ltr'>quamdam</span> <span class='ocrx_word' id='word_1_99' title='bbox 1187 1150 1360 1212; x_wconf 84' lang='lat' dir='ltr'>collectam</span> <span class='ocrx_word' id='word_1_100' title='bbox 1384 1150 1519 1222; x_wconf 88' lang='lat' dir='ltr'>aclero,</span> <span class='ocrx_word' id='word_1_101' title='bbox 1536 1166 1634 1228; x_wconf 90' lang='lat' dir='ltr'>quam</span> <span class='ocrx_word' id='word_1_102' title='bbox 1648 1146 1796 1228; x_wconf 84' lang='lat' dir='ltr'>praelatis</span> 
     </span>
     <span class='ocr_line' id='line_1_10' title="bbox 137 1247 1794 1329; baseline -0.002 -18"><span class='ocrx_word' id='word_1_103' title='bbox 137 1267 254 1328; x_wconf 88' lang='lat' dir='ltr'>copus,</span> <span class='ocrx_word' id='word_1_104' title='bbox 270 1250 417 1314; x_wconf 89' lang='lat' dir='ltr'>decanus</span> <span class='ocrx_word' id='word_1_105' title='bbox 442 1255 475 1313; x_wconf 90' lang='lat' dir='ltr'>et</span> <span class='ocrx_word' id='word_1_106' title='bbox 500 1251 681 1329; x_wconf 88' lang='lat' dir='ltr'>capitulum</span> <span class='ocrx_word' id='word_1_107' title='bbox 701 1251 835 1327; x_wconf 90' lang='lat' dir='ltr'>propter</span> <span class='ocrx_word' id='word_1_108' title='bbox 861 1264 944 1326; x_wconf 88' lang='lat' dir='ltr'>prae.</span> <span class='ocrx_word' id='word_1_109' title='bbox 998 1247 1268 1325; x_wconf 87' lang='lat' dir='ltr'>procuratoribus</span> <span class='ocrx_word' id='word_1_110' title='bbox 1288 1249 1357 1308; x_wconf 91' lang='lat' dir='ltr'>suis</span> <span class='ocrx_word' id='word_1_111' title='bbox 1382 1248 1520 1309; x_wconf 88' lang='lat' dir='ltr'>tradidit</span> <span class='ocrx_word' id='word_1_112' title='bbox 1542 1264 1601 1324; x_wconf 90' lang='lat' dir='ltr'>pro</span> <span class='ocrx_word' id='word_1_113' title='bbox 1627 1247 1794 1325; x_wconf 84' lang='lat' dir='ltr'>expensis,</span> 
     </span>
     <span class='ocr_line' id='line_1_11' title="bbox 142 1345 1798 1427; baseline -0.002 -19"><span class='ocrx_word' id='word_1_114' title='bbox 142 1349 233 1411; x_wconf 91' lang='lat' dir='ltr'>dicta</span> <span class='ocrx_word' id='word_1_115' title='bbox 254 1350 287 1411; x_wconf 91' lang='lat' dir='ltr'>et</span> <span class='ocrx_word' id='word_1_116' title='bbox 301 1351 369 1412; x_wconf 92' lang='lat' dir='ltr'>alia</span> <span class='ocrx_word' id='word_1_117' title='bbox 393 1353 426 1412; x_wconf 92' lang='lat' dir='ltr'>te</span> <span class='ocrx_word' id='word_1_118' title='bbox 447 1350 635 1427; x_wconf 89' lang='lat' dir='ltr'>suspectum</span> <span class='ocrx_word' id='word_1_119' title='bbox 650 1348 822 1420; x_wconf 86' lang='lat' dir='ltr'>babentes,</span> <span class='ocrx_word' id='word_1_120' title='bbox 847 1348 944 1409; x_wconf 91' lang='lat' dir='ltr'>acin</span> <span class='ocrx_word' id='word_1_121' title='bbox 999 1358 1138 1423; x_wconf 88' lang='lat' dir='ltr'>quorum</span> <span class='ocrx_word' id='word_1_122' title='bbox 1162 1345 1377 1422; x_wconf 89' lang='lat' dir='ltr'>appellationi</span> <span class='ocrx_word' id='word_1_123' title='bbox 1403 1345 1444 1408; x_wconf 89' lang='lat' dir='ltr'>ob</span> <span class='ocrx_word' id='word_1_124' title='bbox 1468 1347 1615 1408; x_wconf 90' lang='lat' dir='ltr'>nostram</span> <span class='ocrx_word' id='word_1_125' title='bbox 1639 1361 1798 1406; x_wconf 85' lang='lat' dir='ltr'>reveren-</span> 
     </span>
     <span class='ocr_line' id='line_1_12' title="bbox 140 1438 1797 1525; baseline -0.002 -18"><span class='ocrx_word' id='word_1_126' title='bbox 140 1438 259 1509; x_wconf 83' lang='lat' dir='ltr'>mnltis</span> <span class='ocrx_word' id='word_1_127' title='bbox 270 1448 445 1510; x_wconf 88' lang='lat' dir='ltr'>sententiis</span> <span class='ocrx_word' id='word_1_128' title='bbox 459 1464 494 1510; x_wconf 92' lang='lat' dir='ltr'>se</span> <span class='ocrx_word' id='word_1_129' title='bbox 509 1446 654 1509; x_wconf 88' lang='lat' dir='ltr'>indebite</span> <span class='ocrx_word' id='word_1_130' title='bbox 667 1446 856 1523; x_wconf 81' lang='lat' dir='ltr'>aggravari,</span> <span class='ocrx_word' id='word_1_131' title='bbox 872 1443 943 1525; x_wconf 90' lang='lat' dir='ltr'>(ad)</span> <span class='ocrx_word' id='word_1_132' title='bbox 998 1442 1079 1523; x_wconf 85' lang='lat' dir='ltr'>tiam</span> <span class='ocrx_word' id='word_1_133' title='bbox 1094 1443 1266 1505; x_wconf 87' lang='lat' dir='ltr'>humiliter</span> <span class='ocrx_word' id='word_1_134' title='bbox 1293 1443 1452 1516; x_wconf 91' lang='lat' dir='ltr'>detulisti,</span> <span class='ocrx_word' id='word_1_135' title='bbox 1478 1460 1545 1505; x_wconf 89' lang='lat' dir='ltr'>non</span> <span class='ocrx_word' id='word_1_136' title='bbox 1564 1459 1637 1522; x_wconf 88' lang='lat' dir='ltr'>quae</span> <span class='ocrx_word' id='word_1_137' title='bbox 1650 1443 1720 1515; x_wconf 88' lang='lat' dir='ltr'>tua,</span> <span class='ocrx_word' id='word_1_138' title='bbox 1738 1443 1797 1504; x_wconf 90' lang='lat' dir='ltr'>sed</span> 
     </span>
     <span class='ocr_line' id='line_1_13' title="bbox 140 1538 1796 1623; baseline -0.004 -17"><span class='ocrx_word' id='word_1_139' title='bbox 140 1538 262 1606; x_wconf 86' lang='lat' dir='ltr'>Sedem</span> <span class='ocrx_word' id='word_1_140' title='bbox 281 1545 505 1622; x_wconf 74' lang='lat' dir='ltr'>apostolicam</span> <span class='ocrx_word' id='word_1_141' title='bbox 523 1545 746 1623; x_wconf 88' lang='lat' dir='ltr'>appellarunt,</span> <span class='ocrx_word' id='word_1_142' title='bbox 772 1543 868 1606; x_wconf 91' lang='lat' dir='ltr'>nobis</span> <span class='ocrx_word' id='word_1_143' title='bbox 881 1543 945 1604; x_wconf 90' lang='lat' dir='ltr'>hu·</span> <span class='ocrx_word' id='word_1_144' title='bbox 999 1556 1072 1618; x_wconf 88' lang='lat' dir='ltr'>quae</span> <span class='ocrx_word' id='word_1_145' title='bbox 1095 1544 1175 1604; x_wconf 86' lang='lat' dir='ltr'>Jesu</span> <span class='ocrx_word' id='word_1_146' title='bbox 1199 1541 1321 1603; x_wconf 88' lang='lat' dir='ltr'>Christi</span> <span class='ocrx_word' id='word_1_147' title='bbox 1340 1542 1427 1613; x_wconf 89' lang='lat' dir='ltr'>sunt,</span> <span class='ocrx_word' id='word_1_148' title='bbox 1453 1556 1604 1619; x_wconf 87' lang='lat' dir='ltr'>quaerere</span> <span class='ocrx_word' id='word_1_149' title='bbox 1625 1541 1796 1603; x_wconf 84' lang='grc'><strong>1111111-</strong></span> 
     </span>
     <span class='ocr_line' id='line_1_14' title="bbox 139 1637 1797 1720; baseline -0.002 -18"><span class='ocrx_word' id='word_1_150' title='bbox 139 1642 268 1705; x_wconf 89' lang='lat' dir='ltr'>militer</span> <span class='ocrx_word' id='word_1_151' title='bbox 296 1643 524 1720; x_wconf 88' lang='lat' dir='ltr'>supplicando,</span> <span class='ocrx_word' id='word_1_152' title='bbox 550 1646 587 1705; x_wconf 91' lang='lat' dir='ltr'>ut</span> <span class='ocrx_word' id='word_1_153' title='bbox 609 1659 683 1705; x_wconf 90' lang='lat' dir='ltr'>cum</span> <span class='ocrx_word' id='word_1_154' title='bbox 705 1642 849 1706; x_wconf 89' lang='lat' dir='ltr'>debitam</span> <span class='ocrx_word' id='word_1_155' title='bbox 874 1656 945 1704; x_wconf 91' lang='lat' dir='ltr'>cor·</span> <span class='ocrx_word' id='word_1_156' title='bbox 999 1637 1094 1715; x_wconf 89' lang='lat' dir='ltr'>dens,</span> <span class='ocrx_word' id='word_1_157' title='bbox 1109 1639 1244 1717; x_wconf 87' lang='lat' dir='ltr'>propter</span> <span class='ocrx_word' id='word_1_158' title='bbox 1264 1638 1351 1716; x_wconf 91' lang='lat' dir='ltr'>quod</span> <span class='ocrx_word' id='word_1_159' title='bbox 1365 1640 1466 1701; x_wconf 89' lang='lat' dir='ltr'>iidem</span> <span class='ocrx_word' id='word_1_160' title='bbox 1490 1641 1724 1718; x_wconf 88' lang='lat' dir='ltr'>procuratores</span> <span class='ocrx_word' id='word_1_161' title='bbox 1747 1638 1797 1700; x_wconf 86' lang='lat' dir='ltr'>tui</span> 
     </span>
     <span class='ocr_line' id='line_1_15' title="bbox 138 1737 1797 1817; baseline -0.002 -17"><span class='ocrx_word' id='word_1_162' title='bbox 138 1741 324 1802; x_wconf 88' lang='lat' dir='ltr'>rectionem</span> <span class='ocrx_word' id='word_1_163' title='bbox 339 1756 406 1802; x_wconf 92' lang='lat' dir='ltr'>uon</span> <span class='ocrx_word' id='word_1_164' title='bbox 419 1740 598 1817; x_wconf 81' lang='lat' dir='ltr'>relirgiant,</span> <span class='ocrx_word' id='word_1_165' title='bbox 613 1740 669 1803; x_wconf 90' lang='lat' dir='ltr'>sed</span> <span class='ocrx_word' id='word_1_166' title='bbox 685 1741 851 1812; x_wconf 84' lang='lat' dir='ltr'>affectent,</span> <span class='ocrx_word' id='word_1_167' title='bbox 865 1741 944 1803; x_wconf 90' lang='grc'><strong>1111</strong></span> <span class='ocrx_word' id='word_1_168' title='bbox 999 1750 1042 1797; x_wconf 85' lang='lat' dir='ltr'>ex</span> <span class='ocrx_word' id='word_1_169' title='bbox 1056 1737 1150 1813; x_wconf 89' lang='lat' dir='ltr'>parte</span> <span class='ocrx_word' id='word_1_170' title='bbox 1163 1739 1222 1799; x_wconf 91' lang='lat' dir='ltr'>tua</span> <span class='ocrx_word' id='word_1_171' title='bbox 1240 1737 1335 1798; x_wconf 91' lang='lat' dir='ltr'>nobis</span> <span class='ocrx_word' id='word_1_172' title='bbox 1359 1737 1531 1799; x_wconf 91' lang='lat' dir='ltr'>bumiliter</span> <span class='ocrx_word' id='word_1_173' title='bbox 1555 1737 1797 1814; x_wconf 87' lang='lat' dir='ltr'>supplicarunt,</span> 
     </span>
     <span class='ocr_line' id='line_1_16' title="bbox 138 1834 1799 1916; baseline -0.002 -18"><span class='ocrx_word' id='word_1_174' title='bbox 138 1837 223 1898; x_wconf 91' lang='lat' dir='ltr'>olim</span> <span class='ocrx_word' id='word_1_175' title='bbox 244 1839 323 1900; x_wconf 86' lang='lat' dir='ltr'>ante</span> <span class='ocrx_word' id='word_1_176' title='bbox 341 1838 543 1915; x_wconf 84' lang='lat' dir='ltr'>legationem</span> <span class='ocrx_word' id='word_1_177' title='bbox 563 1840 750 1916; x_wconf 88' lang='lat' dir='ltr'>susceptam</span> <span class='ocrx_word' id='word_1_178' title='bbox 770 1839 944 1902; x_wconf 83' lang='lat' dir='ltr'>caritative</span> <span class='ocrx_word' id='word_1_179' title='bbox 999 1834 1036 1896; x_wconf 92' lang='lat' dir='ltr'>ut</span> <span class='ocrx_word' id='word_1_180' title='bbox 1063 1834 1105 1895; x_wconf 86' lang='lat' dir='ltr'>ad</span> <span class='ocrx_word' id='word_1_181' title='bbox 1134 1835 1372 1896; x_wconf 82' lang='lat' dir='ltr'>correctionem</span> <span class='ocrx_word' id='word_1_182' title='bbox 1403 1836 1613 1913; x_wconf 89' lang='lat' dir='ltr'>episcopatus</span> <span class='ocrx_word' id='word_1_183' title='bbox 1648 1834 1799 1913; x_wconf 87' lang='lat' dir='ltr'>praedicti</span> 
     </span>
     <span class='ocr_line' id='line_1_17' title="bbox 139 1931 1802 2014; baseline -0.002 -19"><span class='ocrx_word' id='word_1_184' title='bbox 139 1935 334 1998; x_wconf 89' lang='lat' dir='ltr'>monuerint</span> <span class='ocrx_word' id='word_1_185' title='bbox 348 1936 673 2014; x_wconf 84' lang='lat' dir='ltr'>supermultis‚quae</span> <span class='ocrx_word' id='word_1_186' title='bbox 693 1936 789 1998; x_wconf 89' lang='lat' dir='ltr'>nobis</span> <span class='ocrx_word' id='word_1_187' title='bbox 811 1937 943 1998; x_wconf 91' lang='lat' dir='ltr'>denun-</span> <span class='ocrx_word' id='word_1_188' title='bbox 999 1931 1260 1995; x_wconf 87' lang='lat' dir='ltr'>misericorditer</span> <span class='ocrx_word' id='word_1_189' title='bbox 1284 1932 1500 2010; x_wconf 83' lang='lat' dir='ltr'>dignaremur</span> <span class='ocrx_word' id='word_1_190' title='bbox 1537 1934 1659 1995; x_wconf 87' lang='lat' dir='ltr'>nostrae</span> <span class='ocrx_word' id='word_1_191' title='bbox 1688 1932 1802 2009; x_wconf 85' lang='lat' dir='ltr'>provi-</span> 
     </span>
     <span class='ocr_line' id='line_1_18' title="bbox 138 2028 1800 2112; baseline -0.004 -17"><span class='ocrx_word' id='word_1_192' title='bbox 138 2034 229 2095; x_wconf 87' lang='lat' dir='ltr'>tiare</span> <span class='ocrx_word' id='word_1_193' title='bbox 243 2032 554 2112; x_wconf 83' lang='lat' dir='ltr'>volebantpropter</span> <span class='ocrx_word' id='word_1_194' title='bbox 569 2051 642 2112; x_wconf 87' lang='lat' dir='ltr'>quae</span> <span class='ocrx_word' id='word_1_195' title='bbox 653 2035 813 2097; x_wconf 90' lang='lat' dir='ltr'>timentte</span> <span class='ocrx_word' id='word_1_196' title='bbox 828 2035 944 2096; x_wconf 87' lang='lat' dir='ltr'>contra</span> <span class='ocrx_word' id='word_1_197' title='bbox 1000 2029 1107 2090; x_wconf 72' lang='lat' dir='ltr'>sionis</span> <span class='ocrx_word' id='word_1_198' title='bbox 1132 2029 1246 2091; x_wconf 88' lang='lat' dir='ltr'>oculos</span> <span class='ocrx_word' id='word_1_199' title='bbox 1274 2030 1450 2092; x_wconf 88' lang='lat' dir='ltr'>inclinare.</span> <span class='ocrx_word' id='word_1_200' title='bbox 1474 2032 1555 2091; x_wconf 79' lang='lat' dir='ltr'>Cum</span> <span class='ocrx_word' id='word_1_201' title='bbox 1567 2030 1671 2107; x_wconf 87' lang='lat' dir='ltr'>igitur</span> <span class='ocrx_word' id='word_1_202' title='bbox 1685 2028 1800 2091; x_wconf 89' lang='lat' dir='ltr'>cardi-</span> 
     </span>
     <span class='ocr_line' id='line_1_19' title="bbox 139 2126 1800 2210; baseline 0.008 -19"><span class='ocrx_word' id='word_1_203' title='bbox 139 2130 234 2207; x_wconf 90' lang='lat' dir='ltr'>ipsos</span> <span class='ocrx_word' id='word_1_204' title='bbox 265 2132 528 2209; x_wconf 79' lang='lat' dir='ltr'>indignationem</span> <span class='ocrx_word' id='word_1_205' title='bbox 549 2148 588 2194; x_wconf 93' lang='lat' dir='ltr'>ac</span> <span class='ocrx_word' id='word_1_206' title='bbox 602 2148 777 2195; x_wconf 87' lang='lat' dir='ltr'>rancorem</span> <span class='ocrx_word' id='word_1_207' title='bbox 798 2132 944 2210; x_wconf 90' lang='lat' dir='ltr'>aliquem</span> <span class='ocrx_word' id='word_1_208' title='bbox 999 2126 1510 2204; x_wconf 53' lang='grc'><strong>11118111116111811116611113,</strong></span> <span class='ocrx_word' id='word_1_209' title='bbox 1532 2143 1737 2205; x_wconf 70' lang='grc'>1111111011111</span> <span class='ocrx_word' id='word_1_210' title='bbox 1759 2141 1800 2187; x_wconf 77' lang='lat'>⁰⁰</span> 
     </span>
     <span class='ocr_line' id='line_1_20' title="bbox 140 2224 1797 2306; baseline -0.002 -17"><span class='ocrx_word' id='word_1_211' title='bbox 140 2230 357 2306; x_wconf 88' lang='lat' dir='ltr'>concepisse;</span> <span class='ocrx_word' id='word_1_212' title='bbox 374 2231 608 2292; x_wconf 90' lang='lat' dir='ltr'>mandaremus</span> <span class='ocrx_word' id='word_1_213' title='bbox 619 2230 702 2291; x_wconf 81' lang='lat' dir='ltr'>viris</span> <span class='ocrx_word' id='word_1_214' title='bbox 722 2230 887 2302; x_wconf 86' lang='lat' dir='ltr'>discretis,</span> <span class='ocrx_word' id='word_1_215' title='bbox 909 2233 945 2293; x_wconf 90' lang='lat' dir='ltr'>ut</span> <span class='ocrx_word' id='word_1_216' title='bbox 999 2224 1092 2287; x_wconf 86' lang='lat' dir='ltr'>tuere</span> <span class='ocrx_word' id='word_1_217' title='bbox 1116 2226 1295 2303; x_wconf 87' lang='lat' dir='ltr'>proposita,</span> <span class='ocrx_word' id='word_1_218' title='bbox 1324 2225 1419 2287; x_wconf 86' lang='lat' dir='ltr'>nobis</span> <span class='ocrx_word' id='word_1_219' title='bbox 1447 2227 1590 2289; x_wconf 88' lang='lat' dir='ltr'>ildeliter</span> <span class='ocrx_word' id='word_1_220' title='bbox 1618 2226 1797 2296; x_wconf 89' lang='lat' dir='ltr'>retulisset,</span> 
     </span>
     <span class='ocr_line' id='line_1_21' title="bbox 139 2323 1801 2406; baseline -0.001 -18"><span class='ocrx_word' id='word_1_221' title='bbox 139 2327 212 2388; x_wconf 89' lang='lat' dir='ltr'>tam</span> <span class='ocrx_word' id='word_1_222' title='bbox 231 2327 275 2398; x_wconf 92' lang='lat' dir='ltr'>te,</span> <span class='ocrx_word' id='word_1_223' title='bbox 303 2342 401 2405; x_wconf 91' lang='lat' dir='ltr'>quam</span> <span class='ocrx_word' id='word_1_224' title='bbox 424 2328 525 2406; x_wconf 89' lang='lat' dir='ltr'>ipsos,</span> <span class='ocrx_word' id='word_1_225' title='bbox 559 2328 593 2391; x_wconf 92' lang='lat' dir='ltr'>et</span> <span class='ocrx_word' id='word_1_226' title='bbox 614 2330 705 2391; x_wconf 91' lang='lat' dir='ltr'>tuam</span> <span class='ocrx_word' id='word_1_227' title='bbox 728 2329 944 2406; x_wconf 85' lang='lat' dir='ltr'>ipsorumque</span> <span class='ocrx_word' id='word_1_228' title='bbox 999 2338 1060 2384; x_wconf 91' lang='lat' dir='ltr'>nos</span> <span class='ocrx_word' id='word_1_229' title='bbox 1075 2323 1111 2384; x_wconf 92' lang='lat' dir='ltr'>in</span> <span class='ocrx_word' id='word_1_230' title='bbox 1128 2323 1192 2384; x_wconf 90' lang='lat' dir='ltr'>hac</span> <span class='ocrx_word' id='word_1_231' title='bbox 1213 2323 1801 2400; x_wconf 74' lang='grc'><strong>1111111111(1111111111111111,111·</strong></span> 
     </span>
     <span class='ocr_line' id='line_1_22' title="bbox 138 2422 1799 2500; baseline 0.002 -18"><span class='ocrx_word' id='word_1_232' title='bbox 138 2422 315 2495; x_wconf 82' lang='lat' dir='ltr'>dioeceses,</span> <span class='ocrx_word' id='word_1_233' title='bbox 328 2423 416 2485; x_wconf 91' lang='lat' dir='ltr'>dicta</span> <span class='ocrx_word' id='word_1_234' title='bbox 431 2439 499 2500; x_wconf 87' lang='lat' dir='ltr'>prae</span> <span class='ocrx_word' id='word_1_235' title='bbox 517 2424 625 2486; x_wconf 89' lang='lat' dir='ltr'>oculis</span> <span class='ocrx_word' id='word_1_236' title='bbox 641 2424 814 2497; x_wconf 90' lang='lat' dir='ltr'>babentes,</span> <span class='ocrx_word' id='word_1_237' title='bbox 832 2424 943 2486; x_wconf 88' lang='lat' dir='ltr'>corri-</span> <span class='ocrx_word' id='word_1_238' title='bbox 998 2422 1148 2484; x_wconf 87' lang='lat' dir='ltr'>ternitati</span> <span class='ocrx_word' id='word_1_239' title='bbox 1171 2423 1237 2484; x_wconf 81' lang='lat' dir='ltr'>tuae</span> <span class='ocrx_word' id='word_1_240' title='bbox 1260 2438 1320 2500; x_wconf 92' lang='lat' dir='ltr'>per</span> <span class='ocrx_word' id='word_1_241' title='bbox 1340 2423 1529 2499; x_wconf 85' lang='lat' dir='ltr'>Apostolica</span> <span class='ocrx_word' id='word_1_242' title='bbox 1550 2423 1674 2500; x_wconf 93' lang='lat' dir='ltr'>scripta</span> <span class='ocrx_word' id='word_1_243' title='bbox 1699 2442 1799 2486; x_wconf 91' lang='lat' dir='ltr'>mau-</span> 
     </span>
     <span class='ocr_line' id='line_1_23' title="bbox 139 2519 1800 2599; baseline 0.002 -18"><span class='ocrx_word' id='word_1_244' title='bbox 139 2522 261 2596; x_wconf 87' lang='lat' dir='ltr'>gerent</span> <span class='ocrx_word' id='word_1_245' title='bbox 279 2522 312 2582; x_wconf 91' lang='grc'>11</span> <span class='ocrx_word' id='word_1_246' title='bbox 326 2522 423 2599; x_wconf 87' lang='lat' dir='ltr'>juxta</span> <span class='ocrx_word' id='word_1_247' title='bbox 443 2521 632 2584; x_wconf 90' lang='lat' dir='ltr'>sanctiones</span> <span class='ocrx_word' id='word_1_248' title='bbox 645 2523 824 2585; x_wconf 91' lang='lat' dir='ltr'>canonicas</span> <span class='ocrx_word' id='word_1_249' title='bbox 836 2521 946 2584; x_wconf 80' lang='lat' dir='ltr'>resor-</span> <span class='ocrx_word' id='word_1_250' title='bbox 998 2519 1126 2591; x_wconf 89' lang='lat' dir='ltr'>damus,</span> <span class='ocrx_word' id='word_1_251' title='bbox 1144 2521 1308 2598; x_wconf 90' lang='lat' dir='ltr'>qnatenus</span> <span class='ocrx_word' id='word_1_252' title='bbox 1328 2520 1368 2581; x_wconf 92' lang='lat' dir='ltr'>ad</span> <span class='ocrx_word' id='word_1_253' title='bbox 1390 2521 1631 2583; x_wconf 87' lang='lat' dir='ltr'>correctionem</span> <span class='ocrx_word' id='word_1_254' title='bbox 1646 2522 1800 2586; x_wconf 89' lang='lat' dir='ltr'>dioecesis</span> 
     </span>
     <span class='ocr_line' id='line_1_24' title="bbox 140 2617 1800 2696; baseline 0.003 -18"><span class='ocrx_word' id='word_1_255' title='bbox 140 2619 287 2680; x_wconf 78' lang='lat' dir='ltr'>manent</span> <span class='ocrx_word' id='word_1_256' title='bbox 1000 2617 1182 2690; x_wconf 90' lang='lat' dir='ltr'>Plocensis,</span> <span class='ocrx_word' id='word_1_257' title='bbox 1197 2619 1297 2696; x_wconf 86' lang='lat' dir='ltr'>juxta</span> <span class='ocrx_word' id='word_1_258' title='bbox 1311 2619 1524 2680; x_wconf 89' lang='lat' dir='ltr'>commissum</span> <span class='ocrx_word' id='word_1_259' title='bbox 1539 2618 1600 2681; x_wconf 91' lang='lat' dir='ltr'>tibi</span> <span class='ocrx_word' id='word_1_260' title='bbox 1623 2621 1800 2696; x_wconf 88' lang='lat' dir='ltr'>legationis</span> 
     </span>
     <span class='ocr_line' id='line_1_25' title="bbox 182 2702 1799 2801; baseline 0.002 -25"><span class='ocrx_word' id='word_1_261' title='bbox 182 2718 308 2776; x_wconf 87' lang='lat' dir='ltr'>Varum</span> <span class='ocrx_word' id='word_1_262' title='bbox 326 2714 454 2793; x_wconf 85' lang='lat' dir='ltr'>praelati</span> <span class='ocrx_word' id='word_1_263' title='bbox 469 2702 703 2796; x_wconf 80' lang='lat' dir='ltr'>procuratores</span> <span class='ocrx_word' id='word_1_264' title='bbox 720 2718 770 2780; x_wconf 87' lang='lat' dir='ltr'>tui</span> <span class='ocrx_word' id='word_1_265' title='bbox 785 2718 944 2801; x_wconf 72' lang='lat' dir='ltr'>praedicta</span> <span class='ocrx_word' id='word_1_266' title='bbox 998 2714 1161 2788; x_wconf 85' lang='lat' dir='ltr'>cilicium,</span> <span class='ocrx_word' id='word_1_267' title='bbox 1193 2716 1375 2778; x_wconf 91' lang='lat' dir='ltr'>secundum</span> <span class='ocrx_word' id='word_1_268' title='bbox 1404 2716 1584 2778; x_wconf 91' lang='lat' dir='ltr'>canonicas</span> <span class='ocrx_word' id='word_1_269' title='bbox 1610 2719 1799 2781; x_wconf 85' lang='lat' dir='ltr'>sanctiones</span> 
     </span>
     <span class='ocr_line' id='line_1_26' title="bbox 139 2812 1799 2896; baseline 0.002 -22"><span class='ocrx_word' id='word_1_270' title='bbox 139 2816 306 2890; x_wconf 87' lang='lat' dir='ltr'>negantes</span> <span class='ocrx_word' id='word_1_271' title='bbox 320 2819 468 2896; x_wconf 85' lang='lat' dir='ltr'>exparte</span> <span class='ocrx_word' id='word_1_272' title='bbox 483 2813 569 2895; x_wconf 90' lang='lat' dir='ltr'>(tua)</span> <span class='ocrx_word' id='word_1_273' title='bbox 585 2831 624 2878; x_wconf 91' lang='lat' dir='ltr'>ac</span> <span class='ocrx_word' id='word_1_274' title='bbox 640 2817 673 2877; x_wconf 92' lang='lat' dir='ltr'>in</span> <span class='ocrx_word' id='word_1_275' title='bbox 689 2816 767 2878; x_wconf 91' lang='lat' dir='ltr'>aliis</span> <span class='ocrx_word' id='word_1_276' title='bbox 781 2818 814 2878; x_wconf 94' lang='lat' dir='ltr'>te</span> <span class='ocrx_word' id='word_1_277' title='bbox 835 2812 947 2878; x_wconf 52' lang='lat' dir='ltr'>multi}</span> <span class='ocrx_word' id='word_1_278' title='bbox 998 2813 1032 2875; x_wconf 91' lang='lat' dir='ltr'>et</span> <span class='ocrx_word' id='word_1_279' title='bbox 1055 2813 1240 2891; x_wconf 85' lang='lat' dir='ltr'>praesertim</span> <span class='ocrx_word' id='word_1_280' title='bbox 1261 2816 1360 2892; x_wconf 81' lang='lat' dir='ltr'>J&#39;uxta</span> <span class='ocrx_word' id='word_1_281' title='bbox 1388 2814 1643 2876; x_wconf 86' lang='lat' dir='ltr'>constitutiones</span> <span class='ocrx_word' id='word_1_282' title='bbox 1659 2818 1799 2879; x_wconf 83' lang='lat' dir='ltr'>concilii</span> 
     </span>
     <span class='ocr_line' id='line_1_27' title="bbox 141 2901 1802 2993; baseline 0.003 -22"><span class='ocrx_word' id='word_1_283' title='bbox 141 2911 277 2989; x_wconf 88' lang='lat' dir='ltr'>pliciter</span> <span class='ocrx_word' id='word_1_284' title='bbox 289 2916 486 2975; x_wconf 84' lang='lat' dir='ltr'>excusantes</span> <span class='ocrx_word' id='word_1_285' title='bbox 499 2913 665 2986; x_wconf 87' lang='lat' dir='ltr'>dixerant,</span> <span class='ocrx_word' id='word_1_286' title='bbox 683 2914 769 2990; x_wconf 90' lang='lat' dir='ltr'>quod</span> <span class='ocrx_word' id='word_1_287' title='bbox 780 2913 944 2992; x_wconf 78' lang='lat' dir='ltr'>jamdicti</span> <span class='ocrx_word' id='word_1_288' title='bbox 998 2912 1166 2985; x_wconf 84' lang='lat' dir='ltr'>generalis</span> <span class='ocrx_word' id='word_1_289' title='bbox 1177 2901 1348 2989; x_wconf 83' lang='lat' dir='ltr'>procedas,</span> <span class='ocrx_word' id='word_1_290' title='bbox 1365 2913 1441 2974; x_wconf 88' lang='lat' dir='ltr'>tuos</span> <span class='ocrx_word' id='word_1_291' title='bbox 1457 2928 1522 2973; x_wconf 93' lang='lat' dir='ltr'>non</span> <span class='ocrx_word' id='word_1_292' title='bbox 1531 2912 1717 2990; x_wconf 83' lang='lat' dir='ltr'>negligens,</span> <span class='ocrx_word' id='word_1_293' title='bbox 1730 2914 1802 2993; x_wconf 92' lang='lat' dir='ltr'>qui·</span> 
     </span>
     <span class='ocr_line' id='line_1_28' title="bbox 139 3007 1799 3090; baseline 0.004 -22"><span class='ocrx_word' id='word_1_294' title='bbox 139 3009 320 3087; x_wconf 87' lang='lat' dir='ltr'>episcopus</span> <span class='ocrx_word' id='word_1_295' title='bbox 348 3011 382 3073; x_wconf 91' lang='lat' dir='ltr'>et</span> <span class='ocrx_word' id='word_1_296' title='bbox 407 3011 589 3088; x_wconf 90' lang='lat' dir='ltr'>capitulum</span> <span class='ocrx_word' id='word_1_297' title='bbox 613 3011 845 3088; x_wconf 86' lang='lat' dir='ltr'>contingebant</span> <span class='ocrx_word' id='word_1_298' title='bbox 868 3011 944 3072; x_wconf 91' lang='lat' dir='ltr'>ideo</span> <span class='ocrx_word' id='word_1_299' title='bbox 998 3007 1060 3069; x_wconf 92' lang='lat' dir='ltr'>bus</span> <span class='ocrx_word' id='word_1_300' title='bbox 1075 3009 1265 3086; x_wconf 90' lang='lat' dir='ltr'>specialiter</span> <span class='ocrx_word' id='word_1_301' title='bbox 1288 3027 1324 3071; x_wconf 91' lang='lat' dir='ltr'>es</span> <span class='ocrx_word' id='word_1_302' title='bbox 1349 3010 1538 3082; x_wconf 90' lang='lat' dir='ltr'>adstrictus,</span> <span class='ocrx_word' id='word_1_303' title='bbox 1555 3010 1748 3090; x_wconf 85' lang='lat' dir='ltr'>habensque</span> <span class='ocrx_word' id='word_1_304' title='bbox 1762 3014 1799 3074; x_wconf 92' lang='lat' dir='ltr'>in</span> 
     </span>
     <span class='ocr_line' id='line_1_29' title="bbox 140 3106 1800 3187; baseline 0.004 -21"><span class='ocrx_word' id='word_1_305' title='bbox 140 3107 347 3184; x_wconf 90' lang='lat' dir='ltr'>supradicta,</span> <span class='ocrx_word' id='word_1_306' title='bbox 364 3111 401 3170; x_wconf 92' lang='lat' dir='ltr'>ut</span> <span class='ocrx_word' id='word_1_307' title='bbox 427 3109 462 3169; x_wconf 93' lang='lat' dir='ltr'>in</span> <span class='ocrx_word' id='word_1_308' title='bbox 482 3108 553 3169; x_wconf 90' lang='lat' dir='ltr'>suis</span> <span class='ocrx_word' id='word_1_309' title='bbox 577 3109 770 3171; x_wconf 88' lang='lat' dir='ltr'>excessibus</span> <span class='ocrx_word' id='word_1_310' title='bbox 789 3124 945 3171; x_wconf 89' lang='lat' dir='ltr'>remane-</span> <span class='ocrx_word' id='word_1_311' title='bbox 999 3106 1152 3168; x_wconf 90' lang='lat' dir='ltr'>omnibus</span> <span class='ocrx_word' id='word_1_312' title='bbox 1169 3107 1345 3169; x_wconf 89' lang='lat' dir='ltr'>Dominum</span> <span class='ocrx_word' id='word_1_313' title='bbox 1361 3123 1428 3185; x_wconf 87' lang='lat' dir='ltr'>prae</span> <span class='ocrx_word' id='word_1_314' title='bbox 1449 3109 1566 3180; x_wconf 89' lang='lat' dir='ltr'>oculis,</span> <span class='ocrx_word' id='word_1_315' title='bbox 1597 3112 1630 3172; x_wconf 92' lang='lat' dir='ltr'>et</span> <span class='ocrx_word' id='word_1_316' title='bbox 1655 3127 1800 3187; x_wconf 87' lang='lat' dir='ltr'>pensans</span> 
     </span>
     <span class='ocr_line' id='line_1_30' title="bbox 140 3204 1800 3286; baseline 0.003 -21"><span class='ocrx_word' id='word_1_317' title='bbox 140 3206 230 3277; x_wconf 90' lang='lat' dir='ltr'>rent,</span> <span class='ocrx_word' id='word_1_318' title='bbox 247 3207 280 3267; x_wconf 92' lang='lat' dir='ltr'>et</span> <span class='ocrx_word' id='word_1_319' title='bbox 299 3223 429 3283; x_wconf 86' lang='lat' dir='ltr'>poenam</span> <span class='ocrx_word' id='word_1_320' title='bbox 452 3206 631 3269; x_wconf 88' lang='lat' dir='ltr'>evaderent</span> <span class='ocrx_word' id='word_1_321' title='bbox 653 3206 771 3269; x_wconf 84' lang='lat' dir='ltr'>debitae</span> <span class='ocrx_word' id='word_1_322' title='bbox 792 3207 941 3270; x_wconf 87' lang='lat' dir='ltr'>ultionis.</span> <span class='ocrx_word' id='word_1_323' title='bbox 999 3221 1094 3283; x_wconf 90' lang='lat' dir='ltr'>aequa</span> <span class='ocrx_word' id='word_1_324' title='bbox 1112 3204 1208 3266; x_wconf 93' lang='lat' dir='ltr'>lance</span> <span class='ocrx_word' id='word_1_325' title='bbox 1223 3206 1258 3266; x_wconf 92' lang='lat' dir='ltr'>in</span> <span class='ocrx_word' id='word_1_326' title='bbox 1274 3207 1393 3267; x_wconf 85' lang='lat' dir='ltr'>stativa</span> <span class='ocrx_word' id='word_1_327' title='bbox 1409 3206 1530 3283; x_wconf 89' lang='lat' dir='ltr'>judicii</span> <span class='ocrx_word' id='word_1_328' title='bbox 1545 3204 1702 3269; x_wconf 82' lang='lat' dir='ltr'>uniuersa</span> <span class='ocrx_word' id='word_1_329' title='bbox 1716 3225 1800 3286; x_wconf 88' lang='lat' dir='ltr'>pura</span> 
     </span>
     <span class='ocr_line' id='line_1_31' title="bbox 140 3302 1800 3381; baseline 0.004 -19"><span class='ocrx_word' id='word_1_330' title='bbox 140 3303 317 3364; x_wconf 83' lang='lat' dir='ltr'>Nemeum</span> <span class='ocrx_word' id='word_1_331' title='bbox 333 3304 374 3365; x_wconf 89' lang='lat' dir='ltr'>de</span> <span class='ocrx_word' id='word_1_332' title='bbox 388 3302 534 3381; x_wconf 89' lang='lat' dir='ltr'>ipsorum</span> <span class='ocrx_word' id='word_1_333' title='bbox 550 3303 743 3366; x_wconf 88' lang='lat' dir='ltr'>excessibus</span> <span class='ocrx_word' id='word_1_334' title='bbox 757 3305 880 3366; x_wconf 92' lang='lat' dir='ltr'>dudum</span> <span class='ocrx_word' id='word_1_335' title='bbox 902 3303 943 3366; x_wconf 91' lang='lat' dir='ltr'>ad</span> <span class='ocrx_word' id='word_1_336' title='bbox 999 3304 1108 3364; x_wconf 91' lang='lat' dir='ltr'>mente</span> <span class='ocrx_word' id='word_1_337' title='bbox 1123 3318 1161 3364; x_wconf 89' lang='lat' dir='ltr'>ac</span> <span class='ocrx_word' id='word_1_338' title='bbox 1175 3303 1329 3380; x_wconf 90' lang='lat' dir='ltr'>simplici,</span> <span class='ocrx_word' id='word_1_339' title='bbox 1344 3302 1435 3365; x_wconf 91' lang='lat' dir='ltr'>omni</span> <span class='ocrx_word' id='word_1_340' title='bbox 1450 3304 1573 3366; x_wconf 90' lang='lat' dir='ltr'>nebula</span> <span class='ocrx_word' id='word_1_341' title='bbox 1588 3304 1800 3369; x_wconf 90' lang='lat' dir='ltr'>obscuritatis</span> 
     </span>
     <span class='ocr_line' id='line_1_32' title="bbox 141 3400 1799 3478; baseline 0.004 -17"><span class='ocrx_word' id='word_1_342' title='bbox 141 3415 245 3461; x_wconf 86' lang='lat' dir='ltr'>aures</span> <span class='ocrx_word' id='word_1_343' title='bbox 270 3402 345 3463; x_wconf 89' lang='lat' dir='ltr'>tuas</span> <span class='ocrx_word' id='word_1_344' title='bbox 374 3403 501 3465; x_wconf 90' lang='lat' dir='ltr'>clamor</span> <span class='ocrx_word' id='word_1_345' title='bbox 526 3402 659 3465; x_wconf 80' lang='lat' dir='ltr'>validus</span> <span class='ocrx_word' id='word_1_346' title='bbox 679 3402 895 3476; x_wconf 90' lang='lat' dir='ltr'>ascendisset,</span> <span class='ocrx_word' id='word_1_347' title='bbox 911 3404 945 3465; x_wconf 93' lang='grc'>11</span> <span class='ocrx_word' id='word_1_348' title='bbox 999 3400 1146 3472; x_wconf 89' lang='lat' dir='ltr'>exclusa,</span> <span class='ocrx_word' id='word_1_349' title='bbox 1169 3416 1229 3477; x_wconf 90' lang='lat' dir='ltr'>per</span> <span class='ocrx_word' id='word_1_350' title='bbox 1256 3400 1346 3461; x_wconf 83' lang='lat' dir='ltr'>viam</span> <span class='ocrx_word' id='word_1_351' title='bbox 1372 3402 1499 3475; x_wconf 87' lang='lat' dir='ltr'>regiam</span> <span class='ocrx_word' id='word_1_352' title='bbox 1525 3403 1707 3478; x_wconf 86' lang='lat' dir='ltr'>gradiendo</span> <span class='ocrx_word' id='word_1_353' title='bbox 1733 3422 1799 3467; x_wconf 90' lang='lat' dir='ltr'>non</span> 
     </span>
     <span class='ocr_line' id='line_1_33' title="bbox 141 3496 1799 3579; baseline 0.003 -20"><span class='ocrx_word' id='word_1_354' title='bbox 141 3499 290 3561; x_wconf 89' lang='lat' dir='ltr'>maxime</span> <span class='ocrx_word' id='word_1_355' title='bbox 302 3515 403 3577; x_wconf 88' lang='lat' dir='ltr'>super</span> <span class='ocrx_word' id='word_1_356' title='bbox 415 3515 466 3571; x_wconf 86' lang='lat' dir='ltr'>eo,</span> <span class='ocrx_word' id='word_1_357' title='bbox 494 3498 580 3577; x_wconf 89' lang='lat' dir='ltr'>quod</span> <span class='ocrx_word' id='word_1_358' title='bbox 598 3500 755 3577; x_wconf 82' lang='lat' dir='ltr'>praelatus</span> <span class='ocrx_word' id='word_1_359' title='bbox 771 3501 944 3578; x_wconf 89' lang='lat' dir='ltr'>episcopus</span> <span class='ocrx_word' id='word_1_360' title='bbox 1000 3496 1148 3560; x_wconf 88' lang='lat' dir='ltr'>declines</span> <span class='ocrx_word' id='word_1_361' title='bbox 1161 3497 1201 3558; x_wconf 88' lang='lat' dir='ltr'>ad</span> <span class='ocrx_word' id='word_1_362' title='bbox 1213 3497 1385 3558; x_wconf 89' lang='lat' dir='ltr'>dexteram</span> <span class='ocrx_word' id='word_1_363' title='bbox 1394 3498 1448 3558; x_wconf 87' lang='lat' dir='ltr'>vel</span> <span class='ocrx_word' id='word_1_364' title='bbox 1459 3498 1641 3572; x_wconf 90' lang='lat' dir='ltr'>sluistram,</span> <span class='ocrx_word' id='word_1_365' title='bbox 1655 3500 1702 3562; x_wconf 92' lang='lat' dir='ltr'>ita</span> <span class='ocrx_word' id='word_1_366' title='bbox 1713 3503 1799 3579; x_wconf 89' lang='lat' dir='ltr'>quod</span> 
     </span>
     <span class='ocr_line' id='line_1_34' title="bbox 140 3593 1800 3675; baseline 0.002 -17"><span class='ocrx_word' id='word_1_367' title='bbox 140 3596 247 3658; x_wconf 89' lang='lat' dir='ltr'>totius</span> <span class='ocrx_word' id='word_1_368' title='bbox 274 3597 485 3675; x_wconf 89' lang='lat' dir='ltr'>episcopatus</span> <span class='ocrx_word' id='word_1_369' title='bbox 512 3598 563 3659; x_wconf 92' lang='lat' dir='ltr'>sui</span> <span class='ocrx_word' id='word_1_370' title='bbox 586 3599 735 3674; x_wconf 89' lang='lat' dir='ltr'>tempore</span> <span class='ocrx_word' id='word_1_371' title='bbox 752 3598 810 3659; x_wconf 86' lang='lat' dir='ltr'>vix</span> <span class='ocrx_word' id='word_1_372' title='bbox 831 3600 883 3660; x_wconf 90' lang='grc'>111</span> <span class='ocrx_word' id='word_1_373' title='bbox 902 3598 943 3660; x_wconf 92' lang='lat' dir='ltr'>ad</span> <span class='ocrx_word' id='word_1_374' title='bbox 998 3595 1128 3656; x_wconf 80' lang='lat' dir='ltr'>viarum</span> <span class='ocrx_word' id='word_1_375' title='bbox 1143 3595 1276 3655; x_wconf 89' lang='lat' dir='ltr'>tuarum</span> <span class='ocrx_word' id='word_1_376' title='bbox 1292 3594 1411 3654; x_wconf 90' lang='lat' dir='ltr'>semita</span> <span class='ocrx_word' id='word_1_377' title='bbox 1435 3593 1471 3655; x_wconf 90' lang='lat' dir='ltr'>in</span> <span class='ocrx_word' id='word_1_378' title='bbox 1491 3597 1669 3673; x_wconf 87' lang='lat' dir='ltr'>conspectu</span> <span class='ocrx_word' id='word_1_379' title='bbox 1684 3598 1742 3658; x_wconf 89' lang='lat' dir='ltr'>Dei</span> <span class='ocrx_word' id='word_1_380' title='bbox 1768 3600 1800 3661; x_wconf 90' lang='lat' dir='ltr'>et</span> 
     </span>
     <span class='ocr_line' id='line_1_35' title="bbox 140 3690 1798 3773; baseline 0.001 -18"><span class='ocrx_word' id='word_1_381' title='bbox 140 3694 303 3773; x_wconf 91' lang='lat' dir='ltr'>populum</span> <span class='ocrx_word' id='word_1_382' title='bbox 331 3711 519 3757; x_wconf 89' lang='lat' dir='ltr'>sermonem</span> <span class='ocrx_word' id='word_1_383' title='bbox 543 3695 665 3758; x_wconf 90' lang='lat' dir='ltr'>dicitur</span> <span class='ocrx_word' id='word_1_384' title='bbox 691 3695 869 3770; x_wconf 87' lang='lat' dir='ltr'>babuisse,</span> <span class='ocrx_word' id='word_1_385' title='bbox 905 3713 944 3759; x_wconf 86' lang='lat' dir='ltr'>ac</span> <span class='ocrx_word' id='word_1_386' title='bbox 999 3691 1279 3769; x_wconf 89' lang='lat' dir='ltr'>hominumquasl</span> <span class='ocrx_word' id='word_1_387' title='bbox 1296 3690 1356 3752; x_wconf 89' lang='lat' dir='ltr'>lux</span> <span class='ocrx_word' id='word_1_388' title='bbox 1370 3690 1553 3769; x_wconf 87' lang='lat' dir='ltr'>splendeat,</span> <span class='ocrx_word' id='word_1_389' title='bbox 1570 3695 1603 3755; x_wconf 94' lang='lat' dir='ltr'>et</span> <span class='ocrx_word' id='word_1_390' title='bbox 1628 3694 1798 3772; x_wconf 89' lang='lat' dir='ltr'>usquead</span> 
     </span>
     <span class='ocr_line' id='line_1_36' title="bbox 141 3789 1799 3870; baseline 0 -17"><span class='ocrx_word' id='word_1_391' title='bbox 141 3792 304 3862; x_wconf 88' lang='lat' dir='ltr'>decimas,</span> <span class='ocrx_word' id='word_1_392' title='bbox 321 3808 394 3870; x_wconf 88' lang='lat' dir='ltr'>qnae</span> <span class='ocrx_word' id='word_1_393' title='bbox 417 3793 452 3854; x_wconf 91' lang='lat' dir='ltr'>ln</span> <span class='ocrx_word' id='word_1_394' title='bbox 467 3794 540 3870; x_wconf 88' lang='lat' dir='ltr'>pias</span> <span class='ocrx_word' id='word_1_395' title='bbox 555 3810 673 3856; x_wconf 86' lang='lat' dir='ltr'>causas</span> <span class='ocrx_word' id='word_1_396' title='bbox 697 3794 869 3864; x_wconf 86' lang='lat' dir='ltr'>debentur,</span> <span class='ocrx_word' id='word_1_397' title='bbox 883 3793 944 3856; x_wconf 91' lang='lat' dir='ltr'>de·</span> <span class='ocrx_word' id='word_1_398' title='bbox 1000 3790 1086 3852; x_wconf 89' lang='lat' dir='ltr'>diem</span> <span class='ocrx_word' id='word_1_399' title='bbox 1114 3789 1296 3867; x_wconf 89' lang='lat' dir='ltr'>perlectum</span> <span class='ocrx_word' id='word_1_400' title='bbox 1311 3791 1484 3852; x_wconf 88' lang='lat' dir='ltr'>excrescat</span> <span class='ocrx_word' id='word_1_401' title='bbox 1499 3791 1642 3867; x_wconf 91' lang='lat' dir='ltr'>amplius</span> <span class='ocrx_word' id='word_1_402' title='bbox 1669 3792 1705 3852; x_wconf 92' lang='lat' dir='ltr'>in</span> <span class='ocrx_word' id='word_1_403' title='bbox 1730 3792 1799 3854; x_wconf 89' lang='lat' dir='ltr'>lul-</span> 
     </span>
     <span class='ocr_line' id='line_1_37' title="bbox 142 3887 1796 3972; baseline 0.001 -22"><span class='ocrx_word' id='word_1_404' title='bbox 142 3889 266 3967; x_wconf 90' lang='lat' dir='ltr'>putans</span> <span class='ocrx_word' id='word_1_405' title='bbox 290 3892 508 3968; x_wconf 90' lang='lat' dir='ltr'>quorumdam</span> <span class='ocrx_word' id='word_1_406' title='bbox 535 3892 708 3969; x_wconf 86' lang='lat' dir='ltr'>stipendiis</span> <span class='ocrx_word' id='word_1_407' title='bbox 734 3895 942 3972; x_wconf 73' lang='lat' dir='ltr'>renatorum,</span> <span class='ocrx_word' id='word_1_408' title='bbox 999 3903 1090 3965; x_wconf 87' lang='lat' dir='ltr'>gere,</span> <span class='ocrx_word' id='word_1_409' title='bbox 1105 3902 1231 3966; x_wconf 90' lang='lat' dir='ltr'>nosque</span> <span class='ocrx_word' id='word_1_410' title='bbox 1246 3888 1287 3949; x_wconf 91' lang='lat' dir='ltr'>de</span> <span class='ocrx_word' id='word_1_411' title='bbox 1300 3888 1333 3949; x_wconf 91' lang='lat' dir='ltr'>te</span> <span class='ocrx_word' id='word_1_412' title='bbox 1348 3887 1433 3948; x_wconf 91' lang='lat' dir='ltr'>nibil</span> <span class='ocrx_word' id='word_1_413' title='bbox 1457 3888 1629 3949; x_wconf 89' lang='lat' dir='ltr'>sinistrum</span> <span class='ocrx_word' id='word_1_414' title='bbox 1649 3890 1796 3963; x_wconf 90' lang='lat' dir='ltr'>credere,</span> 
     </span>
     <span class='ocr_line' id='line_1_38' title="bbox 141 3983 1795 4069; baseline -0.001 -19"><span class='ocrx_word' id='word_1_415' title='bbox 141 4003 349 4066; x_wconf 89' lang='lat' dir='ltr'>censumque</span> <span class='ocrx_word' id='word_1_416' title='bbox 375 3989 471 4050; x_wconf 91' lang='lat' dir='ltr'>nobis</span> <span class='ocrx_word' id='word_1_417' title='bbox 495 3989 641 4051; x_wconf 91' lang='lat' dir='ltr'>debitum</span> <span class='ocrx_word' id='word_1_418' title='bbox 667 3990 857 4069; x_wconf 79' lang='lat' dir='ltr'>frequenter</span> <span class='ocrx_word' id='word_1_419' title='bbox 877 3993 944 4055; x_wconf 77' lang='lat' dir='ltr'>ata</span> <span class='ocrx_word' id='word_1_420' title='bbox 999 3985 1056 4046; x_wconf 87' lang='lat' dir='ltr'>sed</span> <span class='ocrx_word' id='word_1_421' title='bbox 1072 3985 1113 4046; x_wconf 88' lang='lat' dir='ltr'>de</span> <span class='ocrx_word' id='word_1_422' title='bbox 1129 3984 1196 4047; x_wconf 92' lang='lat' dir='ltr'>tuis</span> <span class='ocrx_word' id='word_1_423' title='bbox 1208 3985 1374 4062; x_wconf 90' lang='lat' dir='ltr'>possimus</span> <span class='ocrx_word' id='word_1_424' title='bbox 1391 3984 1488 4046; x_wconf 89' lang='lat' dir='ltr'>bonis</span> <span class='ocrx_word' id='word_1_425' title='bbox 1501 3983 1629 4047; x_wconf 91' lang='lat' dir='ltr'>actibus</span> <span class='ocrx_word' id='word_1_426' title='bbox 1644 3987 1795 4062; x_wconf 86' lang='lat' dir='ltr'>gloriari.</span> 
     </span>
     <span class='ocr_line' id='line_1_39' title="bbox 141 4080 1796 4164; baseline 0.002 -17"><span class='ocrx_word' id='word_1_427' title='bbox 141 4086 291 4148; x_wconf 88' lang='lat' dir='ltr'>monitus</span> <span class='ocrx_word' id='word_1_428' title='bbox 312 4087 449 4163; x_wconf 84' lang='lat' dir='ltr'>exigere</span> <span class='ocrx_word' id='word_1_429' title='bbox 468 4087 651 4164; x_wconf 89' lang='lat' dir='ltr'>negligens,</span> <span class='ocrx_word' id='word_1_430' title='bbox 681 4103 721 4150; x_wconf 91' lang='lat' dir='ltr'>ac</span> <span class='ocrx_word' id='word_1_431' title='bbox 749 4090 944 4153; x_wconf 82' lang='lat' dir='ltr'>vicesimam</span> <span class='ocrx_word' id='word_1_432' title='bbox 1040 4085 1158 4144; x_wconf 76' lang='lat' dir='ltr'>Datum</span> <span class='ocrx_word' id='word_1_433' title='bbox 1173 4080 1259 4159; x_wconf 73' lang='lat' dir='ltr'>apud</span> <span class='ocrx_word' id='word_1_434' title='bbox 1287 4083 1443 4143; x_wconf 74' lang='lat' dir='ltr'>Sanctum</span> <span class='ocrx_word' id='word_1_435' title='bbox 1465 4084 1610 4155; x_wconf 72' lang='lat' dir='ltr'>Petrum,</span> <span class='ocrx_word' id='word_1_436' title='bbox 1627 4086 1702 4146; x_wconf 90' lang='lat' dir='ltr'>XVI</span> <span class='ocrx_word' id='word_1_437' title='bbox 1728 4084 1796 4146; x_wconf 81' lang='lat' dir='ltr'>kal·</span> 
     </span>
     <span class='ocr_line' id='line_1_40' title="bbox 141 4180 1701 4263; baseline -0.002 -18"><span class='ocrx_word' id='word_1_438' title='bbox 141 4187 257 4245; x_wconf 81' lang='lat' dir='ltr'>Terrae</span> <span class='ocrx_word' id='word_1_439' title='bbox 285 4187 416 4247; x_wconf 86' lang='lat' dir='ltr'>Sanctae</span> <span class='ocrx_word' id='word_1_440' title='bbox 437 4184 586 4246; x_wconf 90' lang='lat' dir='ltr'>subsidio</span> <span class='ocrx_word' id='word_1_441' title='bbox 607 4184 796 4263; x_wconf 90' lang='lat' dir='ltr'>deputatam</span> <span class='ocrx_word' id='word_1_442' title='bbox 812 4188 852 4249; x_wconf 88' lang='lat' dir='ltr'>de</span> <span class='ocrx_word' id='word_1_443' title='bbox 874 4189 943 4249; x_wconf 90' lang='lat' dir='ltr'>suis</span> <span class='ocrx_word' id='word_1_444' title='bbox 995 4180 1083 4260; x_wconf 77' lang='lat' dir='ltr'>julii,</span> <span class='ocrx_word' id='word_1_445' title='bbox 1099 4180 1309 4258; x_wconf 83' lang='lat' dir='ltr'>pontificatus</span> <span class='ocrx_word' id='word_1_446' title='bbox 1323 4180 1426 4242; x_wconf 90' lang='lat' dir='ltr'>nostri</span> <span class='ocrx_word' id='word_1_447' title='bbox 1440 4195 1527 4241; x_wconf 90' lang='lat' dir='ltr'>anno</span> <span class='ocrx_word' id='word_1_448' title='bbox 1544 4181 1701 4243; x_wconf 85' lang='lat' dir='ltr'>secundo.</span> 
     </span>
     <span class='ocr_line' id='line_1_41' title="bbox 142 4281 944 4360; baseline 0.005 -17"><span class='ocrx_word' id='word_1_449' title='bbox 142 4295 269 4343; x_wconf 90' lang='lat' dir='ltr'>curans</span> <span class='ocrx_word' id='word_1_450' title='bbox 281 4281 495 4358; x_wconf 85' lang='lat' dir='ltr'>proventibus</span> <span class='ocrx_word' id='word_1_451' title='bbox 510 4282 651 4353; x_wconf 81' lang='lat' dir='ltr'>solvere,</span> <span class='ocrx_word' id='word_1_452' title='bbox 669 4299 730 4345; x_wconf 93' lang='lat' dir='ltr'>nec</span> <span class='ocrx_word' id='word_1_453' title='bbox 754 4284 889 4360; x_wconf 89' lang='lat' dir='ltr'>exigere</span> <span class='ocrx_word' id='word_1_454' title='bbox 903 4286 944 4347; x_wconf 91' lang='lat' dir='ltr'>de</span> 
     </span>
     <span class='ocr_line' id='line_1_42' title="bbox 143 4366 944 4460; baseline 0.007 -22"><span class='ocrx_word' id='word_1_455' title='bbox 143 4393 283 4441; x_wconf 88' lang='lat' dir='ltr'>suorum</span> <span class='ocrx_word' id='word_1_456' title='bbox 306 4366 496 4441; x_wconf 80' lang='lat' dir='ltr'>&#39;redditibus</span> <span class='ocrx_word' id='word_1_457' title='bbox 526 4377 758 4453; x_wconf 87' lang='lat' dir='ltr'>subditorum,</span> <span class='ocrx_word' id='word_1_458' title='bbox 796 4381 944 4460; x_wconf 85' lang='lat' dir='ltr'>vitiaque</span> 
     </span>
     <span class='ocr_line' id='line_1_43' title="bbox 142 4438 1805 4555; baseline 0.003 -19"><span class='ocrx_word' id='word_1_459' title='bbox 142 4475 368 4555; x_wconf 86' lang='lat' dir='ltr'>subjectorum</span> <span class='ocrx_word' id='word_1_460' title='bbox 385 4491 452 4538; x_wconf 91' lang='lat' dir='ltr'>non</span> <span class='ocrx_word' id='word_1_461' title='bbox 474 4476 656 4553; x_wconf 90' lang='lat' dir='ltr'>corrigens,</span> <span class='ocrx_word' id='word_1_462' title='bbox 673 4478 730 4540; x_wconf 91' lang='lat' dir='ltr'>sed</span> <span class='ocrx_word' id='word_1_463' title='bbox 755 4480 944 4543; x_wconf 87' lang='lat' dir='ltr'>sacerdotes</span> <span class='ocrx_word' id='word_1_464' title='bbox 1297 4438 1501 4528; x_wconf 68' lang='lat' dir='ltr'>CCXCVII</span> <span class='ocrx_word' id='word_1_465' title='bbox 1801 4548 1805 4555; x_wconf 56' lang='lat'><em>‚</em></span> 
     </span>
     <span class='ocr_line' id='line_1_44' title="bbox 140 4574 1794 4670; baseline 0 -16"><span class='ocrx_word' id='word_1_466' title='bbox 140 4574 294 4635; x_wconf 66' lang='grc'><strong>1011111111</strong></span> <span class='ocrx_word' id='word_1_467' title='bbox 318 4576 488 4647; x_wconf 60' lang='grc'><strong>1111011101,</strong></span> <span class='ocrx_word' id='word_1_468' title='bbox 518 4576 944 4653; x_wconf 69' lang='grc'><strong>011181111111111111111011111</strong></span> <span class='ocrx_word' id='word_1_469' title='bbox 998 4597 1050 4656; x_wconf 83' lang='lat' dir='ltr'>Ad</span> <span class='ocrx_word' id='word_1_470' title='bbox 1064 4594 1309 4670; x_wconf 77' lang='lat' dir='ltr'>Engclbcrlum</span> <span class='ocrx_word' id='word_1_471' title='bbox 1327 4595 1528 4665; x_wconf 77' lang='lat' dir='ltr'>archiepisc.</span> <span class='ocrx_word' id='word_1_472' title='bbox 1551 4595 1794 4656; x_wconf 79' lang='lat' dir='ltr'>coloniensem.</span> 
     </span>
     <span class='ocr_line' id='line_1_45' title="bbox 142 4671 1350 4751; baseline 0.007 -20"><span class='ocrx_word' id='word_1_473' title='bbox 142 4671 181 4732; x_wconf 89' lang='lat' dir='ltr'>in</span> <span class='ocrx_word' id='word_1_474' title='bbox 201 4671 344 4748; x_wconf 72' lang='lat' dir='ltr'>quadm</span> <span class='ocrx_word' id='word_1_475' title='bbox 365 4673 460 4749; x_wconf 88' lang='lat' dir='ltr'>parte</span> <span class='ocrx_word' id='word_1_476' title='bbox 484 4673 536 4733; x_wconf 90' lang='lat' dir='ltr'>sui</span> <span class='ocrx_word' id='word_1_477' title='bbox 562 4673 772 4751; x_wconf 88' lang='lat' dir='ltr'>episcopatus</span> <span class='ocrx_word' id='word_1_478' title='bbox 787 4675 945 4737; x_wconf 91' lang='lat' dir='ltr'>dissimu-</span> <span class='ocrx_word' id='word_1_479' title='bbox 1345 4741 1350 4751; x_wconf 76' lang='grc'>,</span> 
     </span>
     <span class='ocr_line' id='line_1_46' title="bbox 141 4740 1499 4849; baseline 0.004 -21"><span class='ocrx_word' id='word_1_480' title='bbox 141 4767 221 4829; x_wconf 91' lang='lat' dir='ltr'>laus</span> <span class='ocrx_word' id='word_1_481' title='bbox 244 4769 406 4846; x_wconf 88' lang='lat' dir='ltr'>separari,</span> <span class='ocrx_word' id='word_1_482' title='bbox 420 4785 461 4831; x_wconf 91' lang='lat' dir='ltr'>ac</span> <span class='ocrx_word' id='word_1_483' title='bbox 472 4771 614 4848; x_wconf 88' lang='lat' dir='ltr'>pretium</span> <span class='ocrx_word' id='word_1_484' title='bbox 629 4770 734 4848; x_wconf 89' lang='lat' dir='ltr'>recipi</span> <span class='ocrx_word' id='word_1_485' title='bbox 746 4787 816 4848; x_wconf 91' lang='lat' dir='ltr'>pro·</span> <span class='ocrx_word' id='word_1_486' title='bbox 830 4773 943 4849; x_wconf 91' lang='lat' dir='ltr'>pueris</span> <span class='ocrx_word' id='word_1_487' title='bbox 1021 4810 1028 4823; x_wconf 88' lang='lat'><strong>·</strong></span> <span class='ocrx_word' id='word_1_488' title='bbox 1291 4742 1325 4798; x_wconf 76' lang='lat'>¹⁸</span> <span class='ocrx_word' id='word_1_489' title='bbox 1340 4755 1402 4813; x_wconf 71' lang='lat'>¹⁰¹¹·</span> <span class='ocrx_word' id='word_1_490' title='bbox 1419 4740 1499 4800; x_wconf 75' lang='lat'><strong>¹²¹⁸·</strong></span> 
     </span>
     <span class='ocr_line' id='line_1_47' title="bbox 142 4860 1797 4952; baseline 0.005 -26"><span class='ocrx_word' id='word_1_491' title='bbox 142 4864 365 4942; x_wconf 88' lang='lat' dir='ltr'>baptizandis,</span> <span class='ocrx_word' id='word_1_492' title='bbox 375 4869 554 4929; x_wconf 90' lang='lat' dir='ltr'>canonicos</span> <span class='ocrx_word' id='word_1_493' title='bbox 565 4870 664 4930; x_wconf 91' lang='lat' dir='ltr'>etiam</span> <span class='ocrx_word' id='word_1_494' title='bbox 674 4867 825 4946; x_wconf 88' lang='lat' dir='ltr'>bigamos</span> <span class='ocrx_word' id='word_1_495' title='bbox 840 4872 945 4933; x_wconf 91' lang='lat' dir='ltr'>scieu-</span> <span class='ocrx_word' id='word_1_496' title='bbox 999 4860 1093 4952; x_wconf 76' lang='lat' dir='ltr'>siper</span> <span class='ocrx_word' id='word_1_497' title='bbox 1110 4877 1183 4934; x_wconf 90' lang='lat' dir='ltr'>duos</span> <span class='ocrx_word' id='word_1_498' title='bbox 1206 4875 1311 4934; x_wconf 84' lang='lat' dir='ltr'>electos</span> <span class='ocrx_word' id='word_1_499' title='bbox 1337 4875 1373 4933; x_wconf 89' lang='lat' dir='ltr'>ad</span> <span class='ocrx_word' id='word_1_500' title='bbox 1401 4874 1534 4933; x_wconf 87' lang='lat' dir='ltr'>eamdem</span> <span class='ocrx_word' id='word_1_501' title='bbox 1559 4877 1738 4950; x_wconf 81' lang='lat' dir='ltr'>prolaturam</span> <span class='ocrx_word' id='word_1_502' title='bbox 1768 4877 1797 4935; x_wconf 90' lang='lat' dir='ltr'>in</span> 
     </span>
     <span class='ocr_line' id='line_1_48' title="bbox 141 4963 1797 5038; baseline -0.001 -13"><span class='ocrx_word' id='word_1_503' title='bbox 141 4965 198 5025; x_wconf 80' lang='lat' dir='ltr'>ter</span> <span class='ocrx_word' id='word_1_504' title='bbox 212 4964 354 5027; x_wconf 86' lang='lat' dir='ltr'>sustinet</span> <span class='ocrx_word' id='word_1_505' title='bbox 367 4965 402 5025; x_wconf 88' lang='lat' dir='ltr'>ln</span> <span class='ocrx_word' id='word_1_506' title='bbox 422 4965 563 5026; x_wconf 86' lang='lat' dir='ltr'>ecclesia</span> <span class='ocrx_word' id='word_1_507' title='bbox 587 4965 781 5038; x_wconf 85' lang='lat' dir='ltr'>cathedrali,</span> <span class='ocrx_word' id='word_1_508' title='bbox 798 4967 946 5030; x_wconf 80' lang='grc'><strong>1111111-</strong></span> <span class='ocrx_word' id='word_1_509' title='bbox 1033 4965 1175 5025; x_wconf 87' lang='lat' dir='ltr'>discordia</span> <span class='ocrx_word' id='word_1_510' title='bbox 1190 4963 1428 5038; x_wconf 88' lang='lat' dir='ltr'>compromlttitur</span> <span class='ocrx_word' id='word_1_511' title='bbox 1449 4965 1479 5022; x_wconf 93' lang='lat' dir='ltr'>iu</span> <span class='ocrx_word' id='word_1_512' title='bbox 1498 4964 1684 5034; x_wconf 88' lang='lat' dir='ltr'>ordinarium,</span> <span class='ocrx_word' id='word_1_513' title='bbox 1705 4975 1797 5023; x_wconf 89' lang='lat' dir='ltr'>morte</span> 
     </span>
     <span class='ocr_line' id='line_1_49' title="bbox 143 5054 1794 5141; baseline -0.002 -26"><span class='ocrx_word' id='word_1_514' title='bbox 143 5055 262 5121; x_wconf 82' lang='lat' dir='ltr'>num&#39;a</span> <span class='ocrx_word' id='word_1_515' title='bbox 277 5062 384 5138; x_wconf 77' lang='lat' dir='ltr'>prima</span> <span class='ocrx_word' id='word_1_516' title='bbox 399 5062 586 5140; x_wconf 72' lang='lat' dir='ltr'>praebenda,</span> <span class='ocrx_word' id='word_1_517' title='bbox 611 5064 648 5123; x_wconf 82' lang='lat' dir='ltr'>in</span> <span class='ocrx_word' id='word_1_518' title='bbox 674 5079 738 5141; x_wconf 71' lang='lat' dir='ltr'>qua</span> <span class='ocrx_word' id='word_1_519' title='bbox 754 5065 944 5128; x_wconf 63' lang='lat' dir='ltr'>immediato</span> <span class='ocrx_word' id='word_1_520' title='bbox 1034 5055 1150 5113; x_wconf 85' lang='lat' dir='ltr'>alterius</span> <span class='ocrx_word' id='word_1_521' title='bbox 1166 5054 1458 5127; x_wconf 82' lang='lat' dir='ltr'>compromittentium</span> <span class='ocrx_word' id='word_1_522' title='bbox 1476 5055 1586 5127; x_wconf 85' lang='lat' dir='ltr'>expiret</span> <span class='ocrx_word' id='word_1_523' title='bbox 1607 5055 1794 5128; x_wconf 88' lang='lat' dir='ltr'>compromis-</span> 
     </span>
     <span class='ocr_line' id='line_1_50' title="bbox 142 5141 1796 5242; baseline 0.003 -24"><span class='ocrx_word' id='word_1_524' title='bbox 142 5158 234 5235; x_wconf 91' lang='lat' dir='ltr'>patri</span> <span class='ocrx_word' id='word_1_525' title='bbox 261 5160 431 5232; x_wconf 90' lang='lat' dir='ltr'>successit,</span> <span class='ocrx_word' id='word_1_526' title='bbox 452 5160 657 5222; x_wconf 81' lang='lat' dir='ltr'>transferens</span> <span class='ocrx_word' id='word_1_527' title='bbox 678 5162 713 5223; x_wconf 91' lang='lat' dir='ltr'>in</span> <span class='ocrx_word' id='word_1_528' title='bbox 728 5163 944 5227; x_wconf 89' lang='lat' dir='ltr'>canonicatus</span> <span class='ocrx_word' id='word_1_529' title='bbox 1033 5141 1409 5242; x_wconf 51' lang='grc'><strong>11111111111111111111111111</strong></span> <span class='ocrx_word' id='word_1_530' title='bbox 1430 5157 1467 5199; x_wconf 71' lang='lat'>⁹¹</span> <span class='ocrx_word' id='word_1_531' title='bbox 1488 5150 1627 5216; x_wconf 60' lang='grc' dir='ltr'>1111111111Θ</span> <span class='ocrx_word' id='word_1_532' title='bbox 1653 5141 1796 5201; x_wconf 75' lang='grc'><strong>0111111111</strong></span> 
     </span>
     <span class='ocr_line' id='line_1_51' title="bbox 143 5230 1796 5341; baseline 0.004 -26"><span class='ocrx_word' id='word_1_533' title='bbox 143 5255 297 5317; x_wconf 82' lang='lat' dir='ltr'>fraudem</span> <span class='ocrx_word' id='word_1_534' title='bbox 326 5256 366 5318; x_wconf 91' lang='lat' dir='ltr'>ad</span> <span class='ocrx_word' id='word_1_535' title='bbox 385 5257 550 5330; x_wconf 88' lang='lat' dir='ltr'>Quintam,</span> <span class='ocrx_word' id='word_1_536' title='bbox 580 5259 739 5321; x_wconf 88' lang='lat' dir='ltr'>ecclesias</span> <span class='ocrx_word' id='word_1_537' title='bbox 760 5259 943 5341; x_wconf 85' lang='lat' dir='ltr'>(meliores)</span> <span class='ocrx_word' id='word_1_538' title='bbox 1034 5230 1160 5335; x_wconf 49' lang='grc'><strong>1110111111</strong></span> <span class='ocrx_word' id='word_1_539' title='bbox 1178 5245 1273 5333; x_wconf 57' lang='grc'><strong>1111191,</strong></span> <span class='ocrx_word' id='word_1_540' title='bbox 1288 5245 1351 5303; x_wconf 63' lang='lat'>¹⁰¹⁰</span> <span class='ocrx_word' id='word_1_541' title='bbox 1378 5233 1549 5332; x_wconf 61' lang='grc'><strong>’1111111111</strong></span> <span class='ocrx_word' id='word_1_542' title='bbox 1574 5231 1796 5305; x_wconf 59' lang='grc'><strong>1111111111111</strong></span> 
     </span>
     <span class='ocr_line' id='line_1_52' title="bbox 143 5320 1515 5434; baseline 0.004 -21"><span class='ocrx_word' id='word_1_543' title='bbox 143 5353 288 5415; x_wconf 89' lang='lat' dir='ltr'>contulit</span> <span class='ocrx_word' id='word_1_544' title='bbox 313 5354 466 5416; x_wconf 85' lang='lat' dir='ltr'>affinibus</span> <span class='ocrx_word' id='word_1_545' title='bbox 494 5356 527 5418; x_wconf 91' lang='lat' dir='ltr'>et</span> <span class='ocrx_word' id='word_1_546' title='bbox 553 5357 714 5433; x_wconf 90' lang='lat' dir='ltr'>cognatis,</span> <span class='ocrx_word' id='word_1_547' title='bbox 732 5358 945 5434; x_wconf 88' lang='lat' dir='ltr'>colligatione</span> <span class='ocrx_word' id='word_1_548' title='bbox 1033 5320 1515 5380; x_wconf 56' lang='grc'><strong>111111111111111111111101111</strong></span> 
     </span>
     <span class='ocr_line' id='line_1_53' title="bbox 143 5450 1796 5538; baseline 0.007 -29"><span class='ocrx_word' id='word_1_549' title='bbox 143 5450 337 5526; x_wconf 89' lang='lat' dir='ltr'>impietatis,</span> <span class='ocrx_word' id='word_1_550' title='bbox 355 5452 392 5512; x_wconf 90' lang='lat' dir='ltr'>ut</span> <span class='ocrx_word' id='word_1_551' title='bbox 406 5451 537 5523; x_wconf 89' lang='lat' dir='ltr'>dicitur,</span> <span class='ocrx_word' id='word_1_552' title='bbox 554 5452 716 5526; x_wconf 92' lang='lat' dir='ltr'>ordinata,</span> <span class='ocrx_word' id='word_1_553' title='bbox 734 5471 776 5516; x_wconf 89' lang='lat' dir='ltr'>ne</span> <span class='ocrx_word' id='word_1_554' title='bbox 790 5456 946 5518; x_wconf 83' lang='lat' dir='ltr'>videlicet</span> <span class='ocrx_word' id='word_1_555' title='bbox 1039 5455 1136 5538; x_wconf 86' lang='lat' dir='ltr'>(Vide</span> <span class='ocrx_word' id='word_1_556' title='bbox 1148 5456 1273 5524; x_wconf 80' lang='lat' dir='ltr'>thtnta</span> <span class='ocrx_word' id='word_1_557' title='bbox 1285 5458 1495 5529; x_wconf 72' lang='lat' dir='ltr'>compienne,</span> <span class='ocrx_word' id='word_1_558' title='bbox 1505 5455 1595 5528; x_wconf 87' lang='lat' dir='ltr'>libl,</span> <span class='ocrx_word' id='word_1_559' title='bbox 1607 5456 1657 5518; x_wconf 89' lang='lat' dir='ltr'>tit.</span> <span class='ocrx_word' id='word_1_560' title='bbox 1669 5459 1708 5518; x_wconf 83' lang='grc'>24</span> <span class='ocrx_word' id='word_1_561' title='bbox 1724 5474 1731 5518; x_wconf 91' lang='lat'>:</span> <span class='ocrx_word' id='word_1_562' title='bbox 1745 5462 1796 5522; x_wconf 83' lang='lat' dir='ltr'>Dc</span> 
     </span>
     <span class='ocr_line' id='line_1_54' title="bbox 143 5546 1794 5637; baseline 0.007 -31"><span class='ocrx_word' id='word_1_563' title='bbox 143 5547 181 5607; x_wconf 88' lang='lat' dir='ltr'>in</span> <span class='ocrx_word' id='word_1_564' title='bbox 195 5547 342 5624; x_wconf 89' lang='lat' dir='ltr'>ipsorum</span> <span class='ocrx_word' id='word_1_565' title='bbox 355 5547 496 5610; x_wconf 87' lang='lat' dir='ltr'>ecclesia</span> <span class='ocrx_word' id='word_1_566' title='bbox 511 5547 634 5627; x_wconf 89' lang='lat' dir='ltr'>probus</span> <span class='ocrx_word' id='word_1_567' title='bbox 650 5552 770 5630; x_wconf 91' lang='lat' dir='ltr'>aliquis</span> <span class='ocrx_word' id='word_1_568' title='bbox 789 5553 946 5617; x_wconf 90' lang='lat' dir='ltr'>admitta-</span> <span class='ocrx_word' id='word_1_569' title='bbox 1000 5556 1157 5628; x_wconf 78' lang='lat' dir='ltr'>arbitris,</span> <span class='ocrx_word' id='word_1_570' title='bbox 1169 5571 1240 5631; x_wconf 94' lang='lat' dir='ltr'>cap.</span> <span class='ocrx_word' id='word_1_571' title='bbox 1256 5555 1461 5628; x_wconf 73' lang='lat' dir='ltr'>ltldccpcrte</span> <span class='ocrx_word' id='word_1_572' title='bbox 1471 5555 1546 5630; x_wconf 68' lang='lat' dir='ltr'>tum</span> <span class='ocrx_word' id='word_1_573' title='bbox 1561 5546 1622 5616; x_wconf 86' lang='lat' dir='ltr'>col.</span> <span class='ocrx_word' id='word_1_574' title='bbox 1633 5554 1794 5637; x_wconf 85' lang='lat'>185,186.)</span> 
     </span>
    </p>
   </div>
   <div class='ocr_carea' id='block_1_4' title="bbox 289 5683 1624 5743">
    <p class='ocr_par' dir='ltr' id='par_1_4' title="bbox 289 5683 1624 5743">
     <span class='ocr_line' id='line_1_55' title="bbox 289 5683 1624 5743; baseline 0.004 -5"><span class='ocrx_word' id='word_1_575' title='bbox 289 5695 403 5740; x_wconf 79' lang='grc'><strong>111111.</strong></span> <span class='ocrx_word' id='word_1_576' title='bbox 419 5683 540 5740; x_wconf 83' lang='grc'><strong>11111111.</strong></span> <span class='ocrx_word' id='word_1_577' title='bbox 1590 5685 1624 5743; x_wconf 77' lang='lat' dir='ltr'>ac</span> 
     </span>
    </p>
   </div>
   <div class='ocr_carea' id='block_1_5' title="bbox 0 0 1998 6196">
    <p class='ocr_par' dir='ltr' id='par_1_5' title="bbox 0 0 1998 6196">
     <span class='ocr_line' id='line_1_56' title="bbox 0 0 1998 6196; baseline 0 0"><span class='ocrx_word' id='word_1_578' title='bbox 0 0 1998 6196; x_wconf 95' lang='lat' dir='ltr'> </span> 
     </span>
    </p>
   </div>
  </div>
 </body>
</html>
