3982 6196
752 288 982 350 EPISTOLAE.
1006 289 1085 351 LIB.
1110 286 1148 350 ll.

426 471 620 566 clxvnl

178 630 233 692 ald
252 633 511 694 Ariminensem
532 632 566 693 et
579 634 866 707 senogalliensem

420 733 606 805 episcopos.
624 795 634 811 ,

404 854 440 920 23
454 869 536 920 mart.
554 862 634 920 lale.

329 985 448 1052 [Ugbaoi.
457 985 533 1037 ltalia
544 1000 625 1045 casm,
638 987 658 1045 1,
667 982 736 1053 om]

114 1104 268 1179 significat
286 1119 319 1162 se
332 1118 431 1162 eorum
452 1103 561 1162 litteras
575 1118 661 1177 anper
675 1105 791 1178 negooc
803 1106 916 1163 Fanen-

152 1195 195 1253 sis
226 1202 257 1252 et
292 1195 592 1268 Forosemproniemis
616 1195 803 1253 ecclesiarum
831 1194 916 1253 latal-

153 1284 277 1354 lexisse3
292 1282 344 1341 sed
365 1290 462 1341 tamen
478 1283 626 1357 negotium
644 1283 740 1356 ipsum
755 1282 790 1342 ad
805 1296 856 1342 eos
869 1298 915 1342 ra·

151 1373 255 1442 mittit,
281 1380 313 1430 ut
341 1371 452 1431 civibus
480 1371 669 1431 Fanlensibus
696 1372 858 1447 injungant,
886 1381 918 1431 ut

151 1459 331 1519 satisfaciant
353 1462 478 1519 fanensi
503 1462 638 1535 episcopo
662 1466 693 1519 at
712 1463 914 1535 Forcaemprc·

151 1549 249 1608 nicusi
263 1549 365 1609 electo.

157 1666 327 1727 Honorius
361 1666 555 1745 episcopus,
591 1682 708 1730 servus
743 1682 916 1730 servorum

115 1763 189 1836 Dei,
204 1762 348 1836 dilectis,
357 1765 432 1834 etc,
443 1764 626 1826 Ariminen.
642 1765 676 1827 et
690 1765 913 1842 senogallien.

112 1861 294 1938 episcopis.

156 1958 312 2033 Litteras,
335 1974 422 2037 quaa
445 1954 541 2022 nobis
569 1973 670 2037 supra
696 1957 829 2037 negotio
850 1961 916 2023 Fa·

115 2057 226 2129 nansi,
239 2059 274 2119 et
291 2058 620 2135 Forosemproniensi
646 2059 797 2121 ecclesiae
812 2059 916 2121 desti-

115 2155 217 2226 natis,
241 2153 467 2217 intelleximus
493 2156 680 2232 diligenter.
695 2156 789 2219 Licet
805 2159 914 2220 autem

115 2252 252 2328 quidam
262 2252 354 2315 cives
369 2254 549 2325 Fanenses,
567 2254 626 2330 qui
647 2255 782 2332 propter
795 2254 860 2316 hcc
873 2255 914 2316 ad

115 2349 329 2426 praesentiam
341 2352 487 2412 nostram
498 2353 719 2424 accesserant,
730 2352 914 2414 communis

113 2447 170 2507 sui
183 2448 318 2509 nomine
343 2447 451 2510 vitare
474 2449 643 2512 voluerint
668 2450 792 2512 nostris
813 2466 914 2527 supra

113 2544 179 2606 lroc
207 2544 342 2607 obedire
366 2546 542 2619 mandatis,
565 2562 626 2609 nos
653 2550 765 2610 tamen
786 2549 915 2611 cautio-

113 2658 192 2705 nem
206 2641 396 2720 husjusmodi
419 2656 628 2721 nequaquam
646 2645 863 2709 sufficientem
878 2646 915 2707 in

99 2740 208 2802 'unte
230 2738 364 2816 negotio
387 2742 592 2819 reputantes,
615 2742 783 2819 negotium
806 2742 912 2821 ipsum

112 2838 155 2900 ad
165 2855 227 2900 vos
237 2837 393 2900 duximus
402 2839 645 2913 remittendum,
658 2841 913 2918 perepostolica

111 2936 208 2998 robis
231 2936 355 3013 scripta
378 2936 589 3013 mandantes,
605 2939 768 3016 quatenus
783 2938 911 3001 civibus

111 3031 322 3095 Fanensibus
337 3034 531 3113 injungatis,
544 3035 580 3096 ut
596 3031 804 3098 satisfaciant
815 3046 912 3099 vene·

111 3131 214 3193 rabili
229 3130 325 3194 ostri
339 3133 454 3194 nostro
469 3133 613 3194 Fanensi
626 3133 793 3212 episcopo,
809 3134 844 3196 et
859 3133 913 3194 dl-

111 3228 199 3291 lectc
217 3229 287 3291 tillo
301 3228 631 3307 Forosemproniensi
650 3231 766 3303 electo,
787 3233 820 3294 et
838 3234 911 3309 ejus

110 3326 264 3389 ecclesiae
292 3326 332 3389 dc
355 3327 487 3388 damnis
512 3328 709 3401 manifestis,
733 3329 910 3407 dequibus

108 3425 185 3487 sine
209 3424 373 3487 dilatione
398 3426 506 3503 potest
533 3426 717 3488 satisfactio
745 3427 908 3500 exhiberi,

109 3522 336 3599 astringentes
350 3537 387 3585 se
400 3537 421 3584 a
436 3522 694 3599 quartodecimo
708 3538 796 3586 annu
809 3540 910 3603 supra

109 3620 260 3699 proestito
275 3620 494 3698 corporaliter
507 3622 709 3698 juramento,
733 3624 766 3684 et
788 3622 910 3699 pigno-

108 3718 240 3791 rativa,
268 3718 325 3782 vel
356 3719 474 3780 saltam
500 3718 710 3796 fidejussoria
738 3719 907 3792 cautione,

108 3814 198 3892 qnod
224 3813 361 3878 stabunt
385 3814 551 3877 mandatis
577 3816 700 3878 nostris
724 3832 825 3894 snpra
853 3816 908 3888 iis,

108 3929 184 3990 quae
205 3912 286 3976 licet
304 3913 371 3976 sint
393 3912 579 3986 manifesta,
602 3914 773 3976 emendari
798 3915 908 3975 tamen

107 4010 185 4071 sine
211 4010 373 4073 dilatione
393 4027 460 4072 non
481 4014 630 4089 possunt,
657 4013 691 4074 et
709 4011 795 4090 quod
811 4027 910 4090 pare-

105 4104 192 4168 bunt
202 4106 273 4184 Juri
285 4118 386 4184 super
399 4106 508 4169 dubiis
523 4123 635 4170 coram
645 4107 753 4181 nobis,
766 4107 819 4170 vel
829 4109 907 4186 qui-

105 4201 169 4264 bus
190 4204 256 4264 hoc
268 4203 462 4266 duxerimus
472 4205 753 4276 committendum,
775 4206 907 4282 potius·

107 4317 172 4378 que
196 4305 256 4363 aut
289 4300 556 4380 adimpleverint,
580 4319 654 4381 quae
673 4302 906 4381 praemisimus,

105 4398 271 4460 relaxetis
288 4399 469 4462 sententias
481 4399 601 4478 quibus
612 4402 746 4479 propter
760 4401 823 4462 hoc
838 4402 907 4462 Fa-

105 4496 225 4557 nensis
250 4495 381 4569 civitas,
400 4498 433 4559 et
458 4497 605 4560 fautores
633 4500 707 4575 ejus
734 4498 908 4576 subjacere

105 4594 304 4665 noscuntur,
320 4593 551 4671 Albrigettum,
574 4596 607 4657 et
621 4594 707 4657 alios
724 4598 822 4672 juxta
837 4595 908 4657 fcr-

104 4705 197 4750 mam
214 4690 371 4753 Ecclesiae
394 4691 604 4754 absolventes
629 4693 830 4770 specialiter,
851 4692 908 4770 qui

104 4802 167 4864 pro
181 4787 309 4849 offensa
324 4788 454 4866 praefati
466 4789 614 4867 episcopi
629 4790 664 4851 in
680 4791 908 4852 excommuni-

104 4884 286 4956 cationem,
302 4885 357 4947 vel
370 4901 532 4949 canonem
546 4888 623 4950 latae
636 4887 809 4950 sententiaa
821 4887 908 4949 inci·

105 4982 240 5054 derunt,
266 4983 398 5044 easdem
424 5000 506 5046 vero
530 4985 724 5055 sententias,
745 4984 775 5047 si
794 4984 907 5047 forsan

104 5077 181 5140 lraec
196 5078 380 5157 adimplere
401 5082 581 5154 noluerint,
602 5082 796 5144 solemniter
809 5080 908 5143 inno-

103 5175 208 5248 vetis,
238 5178 273 5238 ct
292 5176 427 5240 faciatis
452 5179 621 5256 usquead
647 5179 906 5242 satisfactionem

103 5273 307 5351 condignam
320 5275 751 5340 inviolabiliterobservari.

144 5371 267 5449 Datum
287 5373 443 5435 Laterani
459 5376 498 5436 10
511 5375 673 5437 kalendas
688 5374 804 5452 aprilis
819 5390 907 5437 anno

104 5468 265 5531 secundo.

141 5618 182 5692 (l)
202 5615 277 5677 Vide
289 5616 396 5677 bullam
410 5622 492 5691 Cbll,
506 5623 560 5680 col.
577 5623 639 5681 ota.

250 5766 365 5809 aanor.
381 5765 455 5809 runs
468 5752 503 5808 ll.

1717 295 1776 354 674

1303 476 1456 566 (HdssX

993 620 1046 679 Ad
1064 618 1252 680 ocbertum
1272 622 1469 695 episcopum
1488 620 1753 684 olomucensem.

1257 740 1292 800 27
1307 749 1391 800 mart.
1408 741 1489 801 lito.

995 852 1127 918 socrant,
1137 854 1222 907 codex
1233 854 1340 921 diplom.
1355 855 1484 918 lloravia,
1496 856 1558 921 til,
1573 856 1754 925 p.loo,n.8tl.]

975 959 1113 1032 lieberto,
1126 961 1308 1021 olomucensi
1323 964 1468 1038 episcopo,
1483 963 1619 1023 mandata
1633 962 1669 1021 de
1685 965 1773 1023 inter·

1079 1050 1156 1110 dicto
1171 1054 1200 1111 in
1213 1052 1350 1112 mnemia
1361 1052 1541 1112 observando
1554 1054 1666 1127 repetit.

1014 1167 1193 1242 Honorius,
1210 1171 1286 1238 etc..
1302 1170 1488 1233 venerabili
1507 1170 1604 1233 fratri
1617 1169 1774 1251 episcopo

972 1265 1195 1339 olomucensi,
1210 1269 1362 1342 salutem,
1377 1270 1440 1332 etc.

1012 1365 1231 1428 Praesentium
1251 1365 1313 1429 tibi
1332 1366 1541 1439 auctoritate,
1560 1380 1672 1443 neque
1693 1382 1776 1428 con·

971 1461 1075 1525 cessis
1091 1459 1150 1543 (l).
1175 1463 1332 1541 Alioquin
1351 1462 1482 1526 dilectis
1507 1463 1623 1526 filiis...
1646 1463 1773 1527 decano

972 1561 1043 1622 et...
1060 1560 1260 1624 scholastico
1273 1562 1544 1624 wratislaviensi
1559 1562 1677 1624 damus
1692 1578 1775 1623 nos·

969 1658 1032 1719 tris
1044 1658 1166 1721 litteris
1181 1660 1216 1720 in
1231 1658 1407 1732 mandatis,
1425 1661 1462 1721 ut
1473 1660 1506 1722 te
1521 1674 1540 1720 a
1560 1659 1772 1738 susceptione

970 1754 1159 1820 litterarum
1182 1759 1371 1819 nostrarum
1395 1756 1483 1818 iufra
1502 1757 1622 1834 viginti
1636 1757 1709 1819 dies
1730 1757 1773 1818 ad

969 1853 1003 1914 id
1026 1854 1275 1933 exsequendum
1298 1854 1506 1917 districtione
1530 1870 1594 1932 qua
1617 1854 1774 1916 convenit

971 1952 1194 2030 appellatione
1206 1954 1333 2015 remota
1348 1952 1560 2030 compellant.
1574 1952 1693 2013 Datum
1706 1955 1773 2013 La-

969 2049 1079 2111 terani
1091 2051 1135 2110 VI
1146 2048 1307 2111 kalendas
1317 2051 1434 2127 aprilis
1444 2048 1656 2128 pontificatus
1666 2049 1772 2111 nostri

969 2162 1058 2209 anno
1073 2148 1230 2210 secundo.

1008 2293 1225 2354 insomnem
1248 2293 1388 2353 modum
1413 2289 1645 2368 scriptumest
1671 2305 1771 2367 super

969 2386 1770 2451 hoc...decanoet...scholasticowratislaviensi

969 2503 1074 2564 usque
1101 2486 1137 2547 in
1161 2485 1272 2558 linem,
1302 2484 1414 2547 verbis
1437 2485 1663 2562 competenter
1690 2502 1768 2546 mu-

968 2584 1201 2760 tegmem
1214 2678 1355 2743 Honorii
1370 2680 1427 2753 ΙΙΙ,
1439 2680 1520 2742 anni
1531 2681 1572 2754 ll,
1586 2679 1682 2758 epist.
1694 2681 1766 2753 991,

966 2778 1003 2840 ln
1014 2777 1191 2841 tabulariis
1205 2774 1405 2857 Vaticanis.)

1302 2944 1435 3035 chx

1091 3091 1144 3151 Ad
1159 3088 1349 3164 capitutum
1368 3092 1640 3165 Aeantepenscm.

1252 3203 1286 3260 ll
1301 3210 1384 3260 mart.
1401 3202 1480 3261 lil8.
1501 3232 1506 3239 ·

1042 3307 1170 3374 [Tucim
1182 3308 1348 3361 ilonumcnta
1364 3308 1507 3372 ilungaria,
1520 3308 1541 3371 l,
1551 3321 1581 3369 u,
1597 3320 1625 3359 n.
1637 3307 1689 3371 lu]

964 3415 1123 3473 annuntiat
1141 3414 1268 3488 pontifex
1300 3414 1547 3488 archiepiscopum
1576 3414 1763 3474 colocensem

1082 3501 1227 3561 adsedem
1242 3502 1465 3576 aquilegensem
1482 3500 1639 3560 transferri.

1005 3618 1171 3682 Honorius
1183 3619 1358 3698 episcopus
1374 3633 1492 3681 servus
1502 3634 1675 3680 servorum
1691 3619 1763 3691 Dei,

965 3717 1094 3780 dilectis
1122 3716 1200 3778 llliis
1220 3718 1365 3794 capitulo
1380 3717 1605 3794 aquilegensi,
1624 3716 1764 3779 salutem

964 3815 997 3876 et
1008 3815 1224 3892 apostolicam
1239 3813 1515 3876 benedictionem.
1698 3812 1704 3823 '

1004 3914 1110 3984 Quum
1120 3912 1450 3990 nuperAquilegensl
1471 3911 1613 3973 ecclesia
1623 3910 1765 3973 vacante

964 4009 1106 4087 pastore,
1128 4009 1261 4088 quidam
1287 4025 1331 4071 ex
1358 4008 1452 4070 vobis
1480 4008 1516 4069 in
1538 4007 1765 4070 venerabilem

963 4106 1100 4169 fratrem
1115 4107 1265 4168 nostrum
1269 4148 1329 4167 .....
1346 4106 1559 4169 colocensem
1576 4105 1765 4182 archiepis-

963 4220 1081 4282 copum
1115 4204 1349 4282 postulandum
1386 4220 1406 4265 a
1435 4203 1531 4266 nobis
1563 4203 1765 4266 contulerint

961 4304 1039 4365 vcta
1049 4318 1121 4375 sua,
1133 4302 1232 4364 etalii
1246 4301 1396 4365 Ulricum
1409 4302 1606 4364 canonicum
1616 4303 1763 4363 vestrum

962 4399 1119 4462 duxerint
1143 4400 1345 4477 eligendum,
1362 4400 1495 4478 utrique
1509 4415 1609 4478 super
1622 4400 1666 4461 iis
1684 4415 1764 4477 pru·

962 4498 1133 4559 curatores
1155 4499 1292 4560 idoneos
1316 4498 1358 4559 ad
1383 4499 1531 4559 nostram
1550 4497 1762 4574 prasentiam

962 4596 1230 4667 transmiserunt,
1253 4595 1371 4673 quibus
1386 4595 1565 4671 benignam
1593 4594 1763 4655 concessi·

962 4710 1035 4754 mus
1062 4692 1283 4763 audientiam,
1310 4692 1343 4755 et
1366 4691 1545 4767 diligenter
1573 4690 1761 4751 audivimus

962 4807 1035 4869 quae
1059 4792 1260 4852 curaverunt
1294 4804 1479 4866 proponere
1508 4804 1619 4849 coram
1653 4787 1759 4848 nobis.

963 4888 1046 4960 Quia
1070 4903 1151 4949 vero
1179 4886 1300 4949 exhinc
1326 4886 1403 4947 inde
1425 4886 1604 4963 propositis
1630 4885 1761 4963 plenius

962 4984 1139 5047 intellectis
1172 4985 1340 5053 constitit,
1381 4984 1450 5045 tarn
1484 4983 1759 5062 postulationem,

962 5098 1060 5160 quam
1076 5082 1271 5144 electionem
1289 5079 1475 5159 praedictas,
1490 5083 1604 5143 contra
1621 5081 1760 5143 formam

962 5178 1101 5241 concilii
1112 5179 1279 5256 generalis
1291 5178 1393 5240 fuisse
1406 5179 1686 5256 praesumptas,de
1698 5178 1761 5239 fra·
1776 5232 1779 5239 .

961 5278 1049 5339 num
1070 5280 1259 5339 nostrorum
1283 5277 1425 5339 consilio
1451 5276 1646 5338 electionem
1667 5292 1760 5337 eam-

961 5374 1035 5436 dem
1051 5375 1267 5447 cassavimus,
1291 5375 1323 5437 et
1344 5374 1600 5451 postulationem
1622 5389 1688 5435 non
1704 5375 1760 5435 ad·

868 5494 873 5501 ·
961 5474 1112 5534 misimus
1139 5472 1260 5535 factam
1294 5472 1335 5534 de
1359 5471 1611 5548 archiepiscopo
1640 5482 1760 5549 supra-

1551 5742 1586 5801 22
