3928 6200
205 294 265 355 439
551 295 605 354 DE
627 293 759 355 PRIMO
781 292 959 354 HONORII
981 291 1025 352 111
1048 291 1351 359 PONTIFICATUS
1372 294 1501 357 ANNO.
1793 303 1855 361 440

205 455 287 527 pueri
311 460 441 512 sanctam
455 453 600 512 civitatem
619 452 672 510 soli
699 449 868 509 liberabunt.
891 451 1001 510 Pariter
1093 452 1217 510 initalia
1231 452 1687 526 paoeminterturbulenioscives
1696 455 1854 516 conciliare

206 550 368 609 sentiebant
382 551 430 622 qui
450 550 536 623 paulo
557 558 621 622 post
639 548 747 607 obitum
773 548 890 606 ilonorii
910 555 1000 605 toturn
1054 555 1153 618 tentat,
1163 552 1224 607 sire
1239 551 1268 607 iu
1281 550 1421 620 insubria,
1436 550 1484 609 ubi
1499 551 1583 609 civile
1596 551 1704 609 bellum
1722 553 1852 626 vigebat,

206 650 318 707 ltaliam
341 648 521 721 repleverunt
547 647 747 721 Fiegeliantes.
771 649 839 719 ipse
869 644 1000 704 Pontifex
1054 645 1114 703 sive
1129 646 1204 719 apud
1219 649 1447 717 Beneventanus,
1463 648 1525 705 sive
1537 649 1613 721 apud
1628 650 1786 707 Patsvioos
1802 652 1855 723 qui

208 747 315 820 pluries
338 745 418 814 dixit,
435 746 465 801 iu
487 744 548 802 suis
571 746 680 814 litteris,
701 746 741 802 uti
756 743 897 803 videbitur
915 742 998 812 inira,
1054 750 1158 801 statuta
1174 745 1297 801 tulerant
1311 746 1447 803 iiuclesiae
1457 746 1579 804 libertati
1594 745 1682 804 nimis
1696 748 1853 807 bonuaria.

206 846 321 901 Terram
346 844 480 901 Sanctam
500 857 565 900 esse
588 842 750 900 infidelibus
769 842 919 911 traditam,
938 864 949 891 ι
971 840 999 898 id
1090 842 1733 917 Berengerimvidum,queinerantriuglorum
1742 846 1856 919 regium

206 941 388 1014 exigentibus
415 941 540 1013 pecualis
567 941 713 998 posuis».
737 940 792 998 sed
819 938 864 996 bis
887 946 916 997 et
937 938 1001 996 aliis
1054 953 1172 996 causam
1186 941 1313 1013 suscipit,
1325 948 1353 998 et
1363 948 1457 999 tuetur
1467 942 1616 1016 pactiones
1627 941 1664 999 de
1676 941 1743 1001 dote
1755 943 1855 1000 initas.

205 1037 345 1096 similibus
356 1038 450 1096 verbis
466 1037 546 1096 abusi
558 1046 625 1097 sunt
637 1038 764 1096 sectarii.
1055 1035 1191 1094 Blancum
1207 1052 1320 1110 quoque
1334 1039 1498 1113 campanie
1520 1039 1697 1097 comitissam
1715 1039 1858 1099 adsersus

241 1136 323 1196 l'nde
336 1151 394 1194 non
405 1136 497 1194 solum
507 1136 580 1194 bella
593 1145 650 1194 tam
662 1144 779 1196 exterus
788 1150 874 1209 quam
888 1135 1000 1192 interne
1055 1133 1194 1192 Erurdum
1209 1134 1344 1206 defendit,
1355 1151 1419 1209 que
1428 1144 1490 1195 erat
1502 1136 1608 1195 Saucid
1619 1138 1699 1211 regis
1715 1140 1857 1197 Navarrae

207 1234 495 1307 portismescebantur
510 1242 539 1292 et
557 1235 586 1291 in
598 1236 734 1292 societate
751 1234 827 1291 civili
847 1233 998 1303 novitates,
1055 1246 1145 1289 soror.

206 1333 256 1391 sed
268 1334 340 1390 inter
354 1333 417 1390 illos
429 1335 477 1405 qui
491 1331 661 1391 videbantur
675 1332 781 1390 bouum
796 1332 930 1405 persequi
944 1345 1002 1388 ma·
1090 1329 1199 1388 Eodem
1215 1345 1301 1400 anuo,
1315 1331 1450 1389 institute
1468 1345 1484 1388 a
1500 1331 1528 1389 S.
1545 1331 1696 1390 buminico
1708 1334 1858 1407 religiosae

205 1432 265 1488 litia
274 1431 378 1488 erroris
391 1432 527 1504 paulatim
539 1430 673 1503 serpebat
682 1437 711 1487 el
723 1428 917 1503 gradiebatur.
926 1429 1002 1486 Talis
1055 1426 1212 1500 disciplinae
1233 1428 1353 1487 iurmula
1365 1429 1401 1486 ob
1418 1429 1555 1499 Honorio,
1569 1430 1733 1502 Apostolica
1752 1440 1855 1489 aucto-

206 1534 267 1585 erat
279 1527 399 1601 publicae
412 1530 453 1585 rei
467 1535 558 1586 status
575 1543 662 1601 quum
681 1526 865 1585 innocentius
880 1529 920 1584 ill
937 1541 998 1583 mo·
1055 1527 1138 1582 ritate
1149 1525 1345 1584 confirmatur.

206 1626 288 1695 titur,
303 1626 349 1683 vel
365 1642 452 1699 quum
468 1627 611 1683 Honorius
625 1627 665 1683 lli
679 1626 705 1683 ei
715 1639 865 1683 successor
874 1623 999 1697 eligitur.
1091 1624 1213 1695 Reperta
1229 1623 1327 1692 etium,
1343 1631 1415 1681 teste
1435 1625 1568 1695 Baronio,
1581 1640 1701 1698 corpora
1717 1626 1745 1684 S.
1758 1626 1857 1683 lilexii

243 1724 344 1780 Statim
352 1738 387 1780 ac
398 1722 597 1781 Pontificatum
608 1721 728 1794 adeptus
737 1729 782 1779 est
792 1720 935 1778 Honorius
948 1722 1000 1787 lii,
1056 1727 1084 1776 et
1101 1719 1250 1790 Boniiacii,
1264 1721 1293 1778 in
1309 1735 1410 1779 eurum
1429 1722 1563 1792 ecclesis,
1583 1725 1692 1794 nomo,
1707 1723 1737 1781 iu
1752 1731 1858 1781 monte

206 1818 243 1876 de
257 1832 309 1877 sua
322 1820 500 1893 promotione
518 1821 655 1877 certiores
670 1819 735 1876 iecit
754 1835 805 1891 per
816 1819 925 1877 litteras
943 1825 1002 1876 turn
1056 1817 1211 1875 Aventino.

207 1918 354 1990 praesules,
371 1925 431 1974 tum
447 1916 597 1990 religiosos
612 1917 698 1986 viros,
714 1924 774 1974 tum
787 1933 871 1990 reges
881 1923 910 1975 et
923 1916 1000 1990 prin·
1092 1918 1125 1973 in
1137 1915 1226 1973 Gellia
1245 1915 1415 1988 repullulare
1431 1916 1494 1974 risa
1505 1924 1551 1974 est
1571 1914 1691 1974 audacia
1708 1916 1855 1990 Albigeu-

207 2016 302 2086 cipes,
326 2022 354 2072 et
377 2015 646 2087 ierosolymitanum
668 2029 784 2087 regern,
803 2014 878 2087 apud
902 2030 1004 2073 omnes
1056 2012 1142 2069 siurn.
1158 2014 1231 2071 Nam
1243 2012 1689 2086 Rsynruudusjunior‚societate
1703 2014 1774 2071 inita
1786 2030 1859 2072 cum

208 2119 379 2183 protestatus
401 2126 459 2168 non
483 2126 533 2184 per
555 2119 676 2169 mortem
700 2112 861 2169 iunocentii
884 2127 1002 2169 omnem
1058 2110 1293 2178 Massiliensibus,
1308 2092 1373 2167 cum
1394 2110 1643 2168 Aveuiouensibus
1659 2119 1689 2169 el
1708 2112 1772 2168 aliis
1787 2113 1858 2170 bui·

208 2222 273 2265 esse
286 2207 410 2265 ablatam
424 2222 506 2280 spem
519 2207 708 2280 expeditionis
720 2210 930 2267 transmarinae.
1057 2210 1144 2279 timis,
1162 2206 1356 2267 Montiortium
1373 2208 1529 2281 superavit,
1544 2208 1619 2281 apud
1634 2208 1779 2267 civitatem
1792 2211 1860 2267 Bel-

242 2304 287 2363 Ad
301 2305 455 2363 Galliarum
467 2306 619 2378 episcopos
631 2307 789 2378 presertim
803 2307 909 2377 scribit,
931 2322 1004 2379 quos
1057 2306 1226 2381 liquadrum.
1247 2307 1308 2375 Quo
1331 2303 1405 2362 iacto
1421 2307 1547 2379 cognito,
1564 2307 1660 2378 plures
1678 2305 1863 2365 deiectiones

209 2401 375 2460 adhortatur
388 2411 418 2459 ut
430 2404 559 2460 omnium
575 2403 687 2460 animos
708 2405 841 2461 excitent.
855 2406 891 2461 Et
903 2405 931 2460 iu
945 2412 1003 2461 loto
1058 2412 1162 2462 secutae
1184 2411 1259 2472 sunt,
1281 2402 1349 2461 dum
1373 2404 1465 2475 ipsam
1485 2404 1617 2485 Tolosam
1645 2402 1699 2460 sibi
1715 2405 1862 2463 alienaret

208 2499 256 2557 iilo
271 2498 363 2571 primo
378 2514 466 2567 anno,
485 2506 560 2557 totus
582 2508 625 2557 est
649 2498 685 2557 ad
703 2500 895 2574 comparanda
910 2501 1002 2560 subsi·
1057 2498 1236 2569 lioniortius,
1253 2514 1352 2573 quum,
1377 2498 1516 2557 exhausta
1544 2502 1665 2573 pecunia
1678 2501 1708 2559 iu
1724 2500 1862 2560 diverses

208 2596 358 2654 diaTerrae
371 2599 491 2655 Sancte.
651 2629 652 2632 =
1057 2598 1195 2657 bellorum
1222 2600 1377 2671 impensas,
1407 2597 1552 2655 civitatem
1580 2599 1697 2672 triginta
1730 2599 1862 2658 millibus

245 2698 356 2752 intereo
376 2693 526 2752 defunctus
539 2704 583 2753 est
595 2696 749 2770 imperator
763 2698 1001 2772 Constantinopo·
1058 2711 1219 2754 morcarum
1232 2696 1390 2753 mulctavit.

207 2793 314 2850 lilanus
338 2794 488 2863 Henricus,
509 2794 538 2850 in
559 2793 641 2867 cujus
660 2797 753 2853 iocum
777 2797 878 2855 Petrus
907 2811 1004 2854 comes
1094 2796 1161 2852 lieo
1170 2801 1213 2851 est
1227 2794 1317 2851 serios
1332 2791 1470 2851 sactorum
1489 2792 1526 2850 ad
1548 2793 1672 2866 primum
1685 2795 1863 2854 Houoriiiii

208 2889 476 2950 Autissiodorensis.
489 2890 597 2963 (Pierre
610 2891 645 2949 dc
655 2892 818 2966 Courtenai)
834 2894 959 2967 eligitur.
1058 2892 1243 2950 Pontiboelus
1255 2906 1361 2947 aunum
1376 2890 1653 2963 pertinentiumsed
1662 2891 1861 2963 majestatem,

245 2987 341 3045 Erite
363 2989 450 3046 cessit
468 2990 555 3045 etiam
575 2987 629 3046 boc
645 3005 721 3047 annu
743 2992 870 3048 ioannes
891 2991 1004 3064 Augilis
1058 2998 1087 3047 et
1101 2989 1326 3063 amplitudinem,
1337 3003 1371 3046 ac
1381 2987 1550 3062 dignitatem
1564 2988 1690 3046 historiae
1703 3005 1762 3046 non
1776 2991 1863 3048 iuss

209 3098 268 3141 rex.
297 3085 388 3156 Hujus
413 3085 501 3143 fllium
532 3087 697 3157 Henrieum,
727 3085 821 3145 adbuc
853 3088 1002 3161 parvulum
1056 3089 1192 3147 niandsm
1212 3095 1289 3161 puto,
1312 3087 1369 3144 nisi
1390 3089 1419 3144 in
1439 3088 1509 3160 ipsis
1523 3087 1658 3160 genuinis
1672 3086 1862 3147 documentis

209 3180 338 3239 Pontifex
353 3181 452 3257 recipit
471 3181 524 3239 sub
535 3197 588 3239 suo
600 3191 628 3241 et
640 3182 787 3242 beatorum
802 3184 1002 3261 Apostolorum
1058 3201 1122 3259 qum
1136 3186 1208 3244 inira
1219 3185 1376 3255 tradentur,
1388 3185 1499 3244 scilicet
1512 3186 1542 3242 iu
1557 3186 1650 3259 primo
1662 3185 1861 3258 Epistoiarum

209 3279 285 3336 Petri
295 3286 324 3336 et
335 3279 416 3336 Perdi
431 3280 589 3351 patrocinio
606 3287 634 3338 et
645 3296 744 3355 regem
757 3282 855 3341 Gellio
869 3280 1001 3342 deborla·
1058 3284 1191 3359 sequenti
1204 3284 1286 3343 libro.

209 3383 254 3433 tur
269 3375 304 3433 ab
318 3375 479 3437 invadentis
489 3379 648 3452 Anglorum
661 3387 746 3439 terre.
