3982 6196
126 355 184 429 611
754 354 983 418 EPISTOLAE.
1008 355 1085 417 bib.
1110 356 1150 417 11.
1721 357 1781 419 1118

126 515 344 579 inficiationis
355 529 421 578 non
433 519 535 587 esset,
548 516 735 593 saepedictae
744 516 842 578 terrae
853 517 926 578 sta-
977 518 1048 593 jam
1076 515 1127 576 bis
1151 515 1243 577 citati
1268 515 1493 592 peremptorie
1523 514 1782 592 contempserint

126 612 738 687 tumimmutaverantetturbauerant,
751 613 928 675 necadhuc
982 628 1194 690 comparere,
1225 613 1580 674 excommunicationis
1615 612 1781 675 sententia

127 710 168 772 ab
182 711 290 789 ipsius
309 711 498 773 turbatione
513 728 553 773 ac
567 711 798 774 molestatione
813 728 927 772 cessa-
982 710 1180 772 innodantes
1200 711 1232 772 et
1249 712 1359 772 ratum
1378 710 1540 772 habentes
1555 711 1642 787 quod
1658 709 1781 772 factum
1903 708 1907 716 “

126 808 217 881 bant,
237 809 434 870 nominatim
449 808 847 886 auctoritatehpostolica
868 825 929 868 ex·
982 807 1032 868 est
1061 823 1121 884 per
1148 811 1344 869 executores
1375 807 1570 885 praedictos,
1601 810 1669 868 tam
1702 824 1801 873 nos-.

125 905 389 967 communicatos
415 904 456 966 ab
485 906 534 969 616
560 905 756 967 denunciari
788 904 927 980 singulis
982 906 1066 965 tram
1083 920 1181 981 quam
1201 905 1287 966 latas
1305 904 1410 966 abeis
1430 906 1613 967 sententias
1633 905 1783 982 praecipi·

126 1002 244 1064 diebus
261 1002 437 1066 dominicis
452 1005 485 1066 et
500 1003 592 1067 sestis
615 1003 745 1081 publice
760 1018 929 1081 praecepe-
982 1018 1055 1063 mus
1070 1002 1309 1064 inuiolabiliter
1332 1003 1514 1075 obseruari,
1535 1005 1572 1066 ut
1588 1004 1782 1065 damnosam
1858 1053 1868 1068 ,

125 1102 215 1174 runt,
233 1100 448 1178 prohibentes
468 1102 685 1163 nihilominus
705 1102 739 1162 in
762 1101 861 1163 terris
876 1101 929 1177 ip-
983 1099 1045 1160 sibi
1059 1117 1153 1161 suam
1175 1101 1320 1163 sentiant
1336 1101 1589 1173 contumaciam,
1613 1100 1680 1179 qui,
1703 1103 1781 1179 jus-

127 1214 241 1260 sorum
258 1199 427 1276 quodlibet
441 1202 685 1261 sacramentum
700 1215 760 1260 seu
779 1198 927 1260 divinum
983 1197 1056 1259 titia
1070 1197 1134 1259 sibi
1150 1198 1297 1276 undique
1321 1198 1432 1260 oblata
1454 1199 1653 1276 contempta,
1668 1199 1708 1260 de
1724 1199 1781 1259 in-

124 1296 285 1369 oflicium,
301 1299 424 1374 praeter
446 1299 661 1375 parvulorum
677 1296 877 1374 baptismum
895 1296 929 1356 et
978 1296 1070 1371 juria
1084 1296 1204 1373 potius,
1221 1297 1259 1358 ut
1278 1297 1326 1358 ita
1341 1296 1500 1368 dicamus,
1516 1312 1615 1374 quam
1639 1297 1679 1359 de
1705 1299 1782 1374 jure

124 1394 342 1458 morientium
360 1395 582 1472 poenitentias,
599 1394 784 1457 celebraris
796 1397 928 1456 116666-
982 1393 1109 1465 confisi,
1122 1392 1158 1454 in
1169 1408 1230 1455 sua
1245 1393 1371 1456 ducunt
1383 1393 1510 1457 malitia
1524 1394 1778 1472 persistendum.

123 1492 202 1553 dum
225 1507 307 1554 vero
322 1491 362 1553 de
381 1492 512 1554 Ghoisel
536 1493 705 1554 dominum
723 1491 925 1564 Sessifontis,
1021 1491 1182 1563 Quocirca
1198 1490 1409 1553 universitati
1426 1492 1545 1554 vestrae
1565 1492 1784 1570 6611166616-

123 1589 296 1651 0ddonem
317 1590 358 1651 de
382 1592 504 1652 Sancta
521 1590 648 1663 Fidola,
669 1590 871 1667 Stephanum
887 1589 927 1651 (16
981 1588 1047 1650 lica
1062 1590 1185 1666 scripta
1207 1589 1403 1650 mandamus
1418 1592 1451 1651 61
1465 1589 1613 1653 districte
1628 1590 1784 1667 praecipi-

125 1687 275 1759 Selcnai,
300 1689 352 1747 W.
378 1687 419 1749 de
446 1688 564 1749 'lanlai
588 1688 758 1750 dominum
782 1687 822 1748 de
837 1687 925 1759 Arci,
982 1702 1066 1758 mus,
1082 1688 1244 1763 quatenus
1257 1688 1325 1747 tam
1340 1687 1430 1763 ipses
1446 1703 1544 1764 quam
1559 1703 1673 1749 omnes
1691 1703 1783 1764 prae-

124 1784 285 1844 Milonem
307 1783 348 1845 de
368 1786 489 1846 Sancto
510 1786 716 1858 Florentino,
738 1785 845 1845 tilium
865 1784 928 1846 do·
981 1781 1078 1854 fatos,
1095 1782 1129 1843 et
1142 1781 1239 1853 alios,
1256 1785 1292 1843 ut
1301 1781 1425 1843 dictum
1435 1785 1496 1854 est,
1512 1796 1627 1843 eorum
1638 1781 1784 1843 fautores

124 1882 348 1943 minaesancti
358 1882 925 1961 Valeriani,StephanumdeLacon,
981 1880 1150 1956 tamquam
1168 1879 1473 1940 excommunicatos
1496 1879 1622 1940 arctius
1649 1879 1783 1941 evitan-

123 1981 177 2039 W.
195 1978 240 2041 de
260 1979 370 2052 Boeri,
398 1979 589 2057 Philippum
612 1980 733 2042 Boisen
756 1981 797 2041 de
821 1980 925 2050 Flaci,
981 1977 1042 2048 166,
1073 1975 1228 2053 praefatas
1261 1976 1460 2050 sententias,
1487 1975 1618 2052 gratia,
1649 1976 1724 2038 odio
1749 1977 1783 2039 et

123 2076 309 2137 (luidonem
319 2075 511 2149 deNoiecis‚
524 2077 770 2139 Herbortumde
780 2077 925 2149 Ρ616166,
981 2073 1100 2134 timore
1110 2074 1313 2150 postpositis,
1326 2073 1468 2150 singulis
1478 2072 1595 2135 diebus
1605 2074 1781 2136 dominicis

123 2173 293 2237 andream
316 2171 358 2233 de
383 2173 538 2250 Espoisse
560 2173 730 2235 dominum
748 2173 926 2250 (1611666-
982 2170 1015 2231 61
1042 2169 1182 2245 festivis,
1208 2170 1348 2247 pulsatis
1376 2171 1547 2247 campanis
1576 2171 1609 2232 et
1636 2170 1784 2232 candelis

125 2270 230 2340 mont,
246 2269 927 2343 81666666601666166616,0166661666
982 2268 1154 2340 accensis,
1183 2267 1374 2330 solemniter
1401 2269 1437 2329 in
1465 2268 1586 2330 uestris
1610 2267 1782 2341 ecclesiis,

123 2365 927 2438 castellionelimbazois,oddonemdeSoili‚Her·
982 2364 1112 2427 sublato
1136 2365 1369 2443 appellationis
1395 2365 1578 2436 obstaculo,
1608 2364 1784 2442 publicetis

124 2479 223 2525 reum
237 2463 278 2525 de
293 2464 425 2535 Vlrson,
440 2463 620 2525 liebertum
635 2465 676 2525 de
691 2468 824 2537 Homer,
842 2469 927 2526 Hen·
983 2465 1016 2525 61
1030 2462 1160 2526 16616116
1176 2463 1211 2523 16
1223 2463 1300 2523 aliis
1309 2462 1403 2525 vobis
1412 2462 1552 2525 subditis
1568 2463 1664 2524 modo
1680 2462 1784 2523 simili

123 2560 232 2622 ricum
245 2559 286 2621 de
299 2559 393 2631 Scili,
410 2560 570 2621 (larinum
583 2561 624 2622 (16
638 2562 792 2637 Μ66666,
808 2562 927 2623 Henri-
983 2560 1164 2637 publicari,
1188 2560 1420 2622 denunciando
1451 2560 1669 2621 nihilominus
1696 2560 1783 2637 quod

122 2674 198 2719 cum
213 2658 248 2719 et
262 2656 430 2718 Galterum
445 2657 485 2718 de
501 2658 628 2729 Printu,
645 2659 678 2720 et
692 2657 872 2721 liebertum
887 2660 928 2720 de
982 2657 1089 2719 dictus
1110 2657 1255 2718 lirardus
1279 2661 1414 2734 propter
1431 2657 1571 2718 nimium
1590 2673 1784 2720 excommu-

124 2754 295 2831 Somepui,
312 2754 381 2832 qui,
397 2755 484 2817 sicut
498 2755 706 2832 acceperant,
722 2758 846 2818 terram
861 2772 929 2818 ma·
982 2754 1161 2816 nicationis
1188 2755 1423 2831 contemptum,
1451 2771 1525 2817 cum
1546 2757 1617 2832 jam
1641 2754 1685 2816 sit
1710 2756 1784 2832 ipse

122 2851 477 2915 nifesteturbaverant
502 2852 730 2930 saepedictam,
756 2870 822 2915 una
851 2871 927 2916 cum
982 2851 1107 2929 duplici
1116 2853 1249 2914 vinculo
1260 2852 1447 2925 innodatus,
1458 2852 1580 2930 poterit
1590 2868 1656 2914 non
1667 2853 1782 2914 imme-

122 2951 224 3012 terris
238 2950 309 3011 suis
325 2950 698 3028 denunciarijusserunt
717 2951 819 3012 simili
830 2952 926 3013 modo
982 2949 1046 3012 rito
1061 2949 1241 3011 formidare
1259 2966 1301 3013 ne
1314 2950 1426 3012 notam
1445 2950 1595 3013 incurrat
1611 2951 1779 3013 haereticae

122 3047 251 3109 eisdem
267 3047 440 3110 sententiis
460 3047 637 3121 involutos,
656 3048 720 3109 hac
738 3049 927 3112 conditione
981 3048 1173 3124 pravitatis3
1198 3050 1230 3111 et
1245 3065 1306 3110 nos
1328 3049 1462 3126 propter
1483 3049 1546 3111 hoc
1567 3050 1682 3110 contra
1705 3064 1781 3109 eum

121 3144 289 3222 apposita,
304 3144 334 3205 si
347 3147 471 3206 terram
493 3145 712 3209 molestauere
734 3149 792 3208 aut
806 3146 926 3209 turba·
981 3145 1121 3208 forsitan
1149 3145 1378 3223 procedamus,
1415 3150 1514 3224 prout
1549 3148 1665 3209 contra
1698 3146 1782 3208 tales

122 3258 203 3303 rere
210 3242 417 3319 praedictam,
434 3258 494 3303 seu
505 3242 545 3305 de
555 3246 676 3307 caetero
687 3246 808 3307 statum
821 3244 926 3322 ipsius
982 3244 1155 3306 consuevit
1178 3245 1323 3321 procedi,
1346 3260 1421 3306 cum
1439 3244 1474 3305 in
1488 3245 1551 3306 hoc
1566 3245 1700 3320 negotio
1718 3260 1782 3321 pa·
1867 3284 1870 3291 -

124 3340 400 3417 praesumpserint
420 3341 625 3417 perturbare,
656 3357 770 3404 omnes
789 3344 925 3420 pertur—
982 3353 1052 3400 cem
1068 3339 1100 3400 et
1110 3339 1275 3416 iustitiam
1297 3340 1535 3415 amplexemur.
1553 3342 1620 3401 Vos
1635 3355 1715 3415 ergo
1734 3339 1784 3400 sic

122 3437 258 3500 batores
286 3453 347 3499 666
370 3438 598 3501 molestatores
624 3441 723 3501 terrae
744 3440 924 3517 praedictae,
981 3435 1183 3512 praeceptum
1210 3435 1429 3513 apostolicum
1452 3437 1683 3513 exsequamini
1698 3436 1782 3496 dili-

116 3538 180 3599 661
203 3551 321 3598 eorum
344 3535 379 3597 in
404 3537 468 3598 bac
496 3537 589 3613 parte
610 3536 758 3600 fautores
772 3539 845 3615 pari
861 3554 925 3600 ex·
981 3537 1110 3609 genter,
1126 3533 1211 3611 quod
1228 3549 1295 3593 non
1309 3532 1490 3595 rideamini
1505 3548 1620 3609 pacem
1633 3537 1666 3595 61
1679 3533 1783 3611 Justi-

122 3631 435 3695 communicationis
448 3633 614 3695 sententia
633 3633 844 3696 involvendo.
981 3631 1062 3693 tiam
1069 3646 1136 3691 non
1146 3630 1297 3707 diligere,
1314 3646 1376 3692 nec
1391 3629 1525 3706 possitis
1537 3631 1578 3691 (16
1592 3630 1784 3693 inobedien-

160 3732 287 3792 Verum
311 3729 418 3791 dictus
447 3730 606 3804 Erardus,
635 3730 713 3797 licet
733 3730 925 3808 huJusmodi
981 3728 1029 3790 tia
1043 3727 1259 3805 reprehendi,
1285 3727 1342 3788 sed
1369 3727 1409 3788 de
1432 3727 1605 3804 diligentia
1619 3728 1730 3805 potius
1750 3729 1783 3790 61

121 3826 308 3888 6661661166
328 3826 461 3905 quidam
477 3826 624 3904 episcopi
644 3827 924 3905 solemmiterpu-
981 3823 1168 3887 obedientia
1201 3840 1275 3902 quae
1303 3823 1488 3886 antefertur
1512 3824 1659 3886 uictimis
1690 3840 1783 3886 com-

120 3923 292 3993 blicarint,
326 3924 358 3986 et
394 3939 453 4002 per
488 3940 566 3985 suas
596 3924 737 3991 fecerint
764 3924 924 3989 dtoeceses
981 3922 1133 3984 mandari
1157 3921 1306 3987 :scituri
1337 3921 1423 4003 quod
1452 3921 1480 3982 si
1509 3921 1614 4003 aliqui
1641 3920 1781 3983 forsitan

120 4020 388 4096 publicari,ipsis
399 4022 725 4099 tamencontemptis,
737 4022 924 4103 saepedictae
982 4018 1083 4098 (quod
1108 4036 1175 4080 non
1203 4017 1383 4097 credimus)
1399 4020 1435 4080 in
1459 4018 1564 4096 ipsius
1584 4019 1782 4081 executione

119 4122 221 4180 terrae
244 4119 366 4179 statum
382 4119 593 4195 praesumpsit
620 4120 767 4196 graviter
788 4121 924 4196 666166-
981 4116 1128 4179 mandati
1146 4117 1273 4179 inventi
1299 4117 1424 4179 fuerint
1437 4115 1541 4194 tepidi
1555 4117 1608 4179 uel
1630 4117 1776 4190 remissi,

120 4214 213 4287 bare,
242 4216 440 4277 exercendo
453 4232 519 4277 una
544 4232 618 4278 cum
641 4216 827 4279 fautoribus
855 4217 924 4279 suis
980 4231 1097 4277 eorum
1116 4214 1152 4275 in
1171 4213 1394 4279 obedientiam
1409 4216 1462 4278 uel
1477 4215 1716 4292 negligentiam
1731 4216 1781 4278 616

120 4312 154 4373 16
186 4328 264 4374 eam
290 4312 445 4374 incendia
474 4315 508 4375 61
534 4314 687 4392 rapinas,
710 4316 744 4377 et
762 4317 831 4378 tam
853 4315 927 4393 ipse
980 4312 1171 4375 curabimus
1184 4312 1361 4389 castigare,
1374 4312 1460 4390 quod
1475 4329 1573 4391 poena
1588 4329 1703 4375 eorum
1716 4316 1781 4376 erit

120 4426 221 4487 quam
233 4408 321 4471 dicta
335 4410 395 4471 Ph.
408 4412 631 4489 contemptum
644 4413 846 4490 contemptui
859 4412 922 4473 ad·
979 4410 1109 4473 caeteris
1122 4412 1157 4471 in
1170 4410 1369 4488 exemplum,
1391 4427 1466 4472 cum
1481 4427 1689 4489 nequaquam
1704 4415 1782 4473 tan·

115 4509 310 4585 jungentes,
328 4508 368 4569 ad
386 4509 558 4585 praefixum
578 4508 640 4572 sibi
661 4510 841 4573 terminum
862 4525 924 4572 neo
978 4510 1046 4571 tam
1063 4508 1320 4570 inobedientiam
1334 4508 1511 4569 debeamus
1525 4509 1779 4571 conniventibus

119 4607 296 4677 venerunt,
322 4621 382 4667 nec
404 4605 567 4667 miserunt
581 4623 641 4684 pro
656 4623 692 4668 se
705 4606 835 4685 aliquos
851 4607 924 4670 ido·
979 4606 1084 4668 oculis
1102 4606 1318 4682 pertransire.
1342 4608 1462 4667 Datum
1485 4606 1642 4667 Laterani
1656 4608 1701 4667 ill
1717 4623 1779 4668 no-

118 4719 202 4765 neos
221 4704 432 4779 responsales
453 4703 578 4765 diutius
599 4705 788 4781 expectati:
806 4721 925 4783 quam·
979 4719 1041 4765 nas
1061 4703 1232 4772 februarii,
1247 4718 1335 4763 anno
1354 4702 1510 4767 secunde.

118 4815 220 4877 quam
232 4801 321 4861 idem
342 4800 487 4862 Erardus
507 4817 568 4878 per
587 4817 666 4862 suas
681 4800 777 4863 nobis
792 4802 923 4863 litteras

118 4898 295 4969 intimarit,
312 4898 398 4975 quod
422 4898 538 4960 venire
562 4914 629 4959 non
652 4900 761 4976 potuit
786 4902 923 4976 propter
1018 4900 1055 4960 In
1066 4897 1218 4959 eumdem
1229 4897 1361 4959 modum
1372 4898 1532 4975 scriptum
1542 4900 1592 4962 est
1602 4915 1702 4977 super
1714 4899 1778 4965 hoc

118 5010 271 5071 guerras,
288 5011 361 5071 quae
385 4995 498 5072 utique
522 5011 588 5057 nen
611 4996 839 5067 excusatione,
864 4996 922 5058 sed
977 4994 1085 5059 Vallis
1100 4995 1242 5055 secretae
1265 4992 1315 5074 (6)
1336 4997 1671 5062 Praemonstratensis.
1687 4997 1779 5062 ordi-

118 5091 289 5153 derisione
310 5091 419 5168 potius
441 5092 637 5166 existertmt,
663 5094 923 5155 cumcomitissa
977 5092 1041 5165 nis,
1067 5085 1317 5155 suessionensis
1342 5092 1506 5167 dioecesis
1531 5098 1570 5157 R.
1591 5093 1638 5175 (b)
1665 5095 1777 5161 Sancti

118 5189 183 5250 sibi
204 5204 361 5264 guerram
383 5205 450 5251 non
470 5190 622 5259 moverit,
643 5189 700 5251 sed
718 5191 790 5267 ipse
813 5192 922 5268 potius
976 5191 1115 5253 ioannis
1128 5190 1163 5250 16
1171 5190 1287 5252 Vincis
1296 5189 1481 5265 abbatibus,
1489 5195 1522 5255 et
1534 5196 1573 5257 (1.
1588 5192 1633 5272 (6)
1649 5192 1776 5254 decano

117 5286 311 5348 comitissa.
325 5287 394 5348 Nos
409 5287 522 5361 igitur,
541 5287 691 5350 volentes
712 5287 921 5355 imminenti·
978 5289 1222 5352 Suessionensi.
1239 5290 1321 5354 Cum
1335 5289 1416 5365 olim
1439 5289 1566 5361 (1116616,
1584 5274 1655 5357 illia
1678 5292 1776 5351 Cam-

118 5382 180 5445 bus
190 5383 352 5461 periculis
362 5382 498 5445 obviare
513 5400 574 5461 per
583 5401 658 5463 quae
670 5383 798 5447 turbari
811 5388 923 5463 posset
976 5388 1085 5463 paniae
1100 5386 1282 5457 comitissa,
1297 5388 1373 5460 etc,
1390 5389 1549 5462 usquein
1570 5403 1631 5448 sua
1651 5387 1775 5450 ducunt

119 5496 186 5542 non
207 5481 422 5542 mediocriter
442 5482 548 5545 totum
569 5497 720 5558 regnum,
737 5482 828 5560 ipsos
843 5500 923 5560 pro·
976 5484 1103 5546 malitia
1131 5484 1385 5561 persistendum.
1415 5488 1546 5547 Deinde
1571 5485 1774 5557 subjicitur:

118 5581 193 5658 pter
209 5594 326 5641 eorum
346 5579 588 5641 contumaciam
608 5579 830 5653 manifestam,
846 5597 921 5643 cum
976 5582 1139 5653 Quocirca
1156 5581 1349 5647 discretioni
1371 5583 1490 5644 vestrae
1512 5582 1774 5659 parapostolica

156 5711 198 5787 (a)
217 5709 381 5771 Eustochio
415 5707 455 5783 (b)
470 5708 598 5769 liedulfo.
639 5711 677 5787 (ct
692 5711 813 5771 Gubloni
827 5710 862 5770 de
877 5713 979 5785 Chezy.
