3900 6202
81 294 153 356 213
720 281 950 360 EPISTOLAE.
973 284 1052 345 LIB.
1076 287 1101 346 Ι.

1672 299 1734 364 214

90 447 271 516 certissime
288 443 520 521 cognoscatur,
535 440 667 519 integra
680 444 837 506 maneant
851 445 883 508 et
936 446 1012 507 rent
1026 445 1206 521 asserebat,
1221 446 1324 511 abbas
1334 449 1367 513 et
1380 451 1536 515 monachi
1550 454 1735 520 metuentes

89 548 215 626 quieta,
241 542 458 605 nibilominus
477 540 658 603 inhibendo
679 557 721 604 ne
748 543 821 620 quis
847 543 883 604 in
938 558 979 604 11
994 543 1140 608 libertati
1153 548 1283 623 praefati
1296 551 1491 613 monasterii
1505 556 1617 629 posset
1628 570 1671 616 ex
1682 555 1736 616 in-

90 662 163 709 eum
185 644 243 705 aut
267 656 417 715 uxorem,
433 640 488 701 uel
510 640 674 712 homines,
696 656 755 702 seu
781 641 882 703 etiam
938 642 1116 718 quisitione
1127 645 1317 723 hujusmodi
1328 650 1557 725 praejudicium
1565 654 1732 727 generari,

90 748 212 810 terram
226 739 278 803 vel
290 739 451 801 familiam
464 754 559 799 suam
571 739 884 801 excommunicatio·
939 740 1090 802 eumdem
1103 744 1293 821 episcopum
1308 745 1350 807 ab
1365 747 1461 809 initio
1476 749 1652 812 admittere
1668 767 1734 812 no-

90 844 140 911 nis
152 841 209 904 uel
223 837 391 901 interdicti
405 837 605 900 sententiam
617 837 689 899 sine
707 838 883 900 manifesta
937 837 1087 914 luerunt;
1111 841 1168 902 sed
1183 843 1391 919 postmodum
1405 861 1448 906 ne
1462 846 1632 909 videretur
1647 848 1735 925 quod

91 944 122 1006 et
133 936 324 1001 rationabili
345 952 447 999 causa
461 935 674 1014 promulgare
691 938 881 1014 praesumat.
938 934 1062 998 habere
1078 938 1204 1001 vellent
1214 941 1366 1003 velamen
1381 944 1517 1005 malitiae
1533 945 1732 1020 libertatem,

90 1035 283 1102 Discretioni
304 1036 425 1097 uestrae
457 1050 519 1112 per
550 1035 733 1112 apostolica
760 1035 883 1112 scripta
938 1031 1026 1093 ducti
1043 1034 1254 1112 simplicitate
1269 1053 1330 1099 sua
1342 1042 1593 1112 consenserunt,
1601 1042 1637 1103 ut
1646 1042 1735 1104 idem

90 1136 291 1205 mandamus,
318 1133 481 1210 quatenus
512 1148 612 1209 super
634 1133 687 1194 his
713 1148 781 1194 non
806 1148 885 1209 per·
939 1130 1113 1208 episcopus
1136 1134 1322 1211 inquireret
1353 1136 1394 1198 de
1420 1137 1508 1199 statu
1540 1140 1736 1201 monasterii

91 1232 225 1297 mittatis
238 1231 372 1293 eosdem
391 1246 410 1291 a
427 1246 593 1308 quoquam
612 1246 672 1307 per
683 1230 884 1309 injustitiam
939 1228 1120 1304 saepedicti,
1137 1233 1280 1310 receptis
1299 1235 1392 1310 prius
1411 1235 1600 1312 patentibus
1614 1237 1735 1299 litteris

91 1330 272 1406 molestari3
290 1328 552 1391 contradictores
564 1343 812 1407 percensuram
825 1343 883 1391 ec-
938 1324 1123 1401 abeodem,
1146 1330 1233 1407 quod
1260 1347 1320 1409 per
1339 1332 1588 1410 inquisitionem
1612 1335 1735 1413 hujus-

93 1427 318 1499 clesiasticam,
339 1425 563 1504 appellatione
582 1426 775 1504 postposita,
792 1442 885 1489 com-
938 1424 1027 1485 modi
1054 1425 1142 1489 dicto
1173 1430 1375 1492 monasterio
1404 1432 1635 1509 praejudicium
1668 1449 1735 1495 non

93 1524 260 1603 pascendo.
287 1523 381 1597 Quod
406 1525 436 1585 si
461 1540 529 1585 non
557 1539 682 1597 omnes,
714 1524 790 1597 eto,
818 1524 883 1585 duo
938 1527 1034 1590 tieret
1053 1526 1089 1587 in
1108 1525 1267 1587 futurum.
1286 1530 1391 1590 Porro
1411 1529 1666 1608 dictoepiscopo
1682 1532 1737 1591 in-

14 1690 15 1697 ,
92 1622 241 1694 11111111,
256 1621 319 1684 111.
335 1622 455 1683 Datum
467 1622 636 1695 Laterani,
648 1624 708 1684 Vll
722 1621 883 1683 kalendas
938 1626 1091 1705 quirente
1109 1624 1197 1686 circa
1220 1641 1397 1702 personam
1416 1627 1546 1689 abbatis
1567 1644 1667 1706 super
1684 1628 1738 1689 di-

92 1718 254 1788 tebruarii,
268 1719 482 1798 pontificatus
497 1719 603 1782 nostri
616 1735 703 1782 anno
716 1718 835 1797 primo.
937 1723 1045 1787 versis
1072 1722 1235 1794 articulis,
1264 1723 1304 1784 de
1326 1724 1445 1801 quibus
1470 1726 1582 1786 nullus
1611 1726 1737 1788 clamor

558 1897 560 1901 ¹
938 1818 1136 1899 pervenerat
1150 1819 1192 1880 ad
1214 1819 1376 1893 eumdem,
1391 1821 1423 1882 et
1440 1822 1525 1882 alies
1537 1822 1572 1883 in
1588 1822 1736 1900 inquisi-

403 1922 572 2010 CLXXV

856 1950 862 1961 ·
937 1920 1030 1982 tione
1057 1918 1132 1995 ipsa
1158 1917 1387 1994 multipliciter
1413 1919 1608 1993 excedente,
1635 1921 1737 1982 iidem

939 2016 1041 2081 abbas
1056 2018 1089 2079 et
1098 2017 1280 2078 conuentus
1297 2017 1446 2080 videntes
1461 2020 1547 2095 quod
1561 2019 1737 2096 episcopus

93 2118 885 2194 1111111118.οΜ1111111111111111111111-

127 2219 179 2278 nis
206 2221 246 2279 in
276 2219 394 2279 Vincis
423 2217 885 2281 cinnomannorum

130 2316 397 2376 suessionensis.

385 2444 421 2502 ab
437 2441 498 2516 J'en.
520 2443 589 2502 1117

121 2566 233 2632 lueet,
245 2566 298 2619 lib.
310 2567 333 2627 l,
342 2566 417 2632 epist.
432 2566 486 2617 1111.
499 2567 558 2618 bles.
573 2568 610 2619 La
621 2568 697 2619 Porte
710 2567 745 2618 du
758 2566 853 2633 1111111.

14 2724 16 2753 t
97 2710 129 2767 lit
140 2708 328 2783 inquirentis
340 2709 464 2782 quadem
480 2710 619 2768 electione
639 2711 806 2768 monasterii
820 2713 886 2768 Der·

14 2790 15 2795 ’
125 2813 184 2857 ren.
203 2800 273 2872 quia
295 2799 448 2872 illegitime
469 2797 543 2856 lacta
563 2798 710 2857 dicebatur
729 2813 765 2856 ex
786 2798 886 2857 ordine

126 2889 207 2960 episc.
226 2888 417 2947 catalaunen.
436 2894 464 2946 et
473 2886 578 2945 deinde
599 2886 885 2946 relerentedSedem

125 2975 327 3048 Apostolicum.

129 3094 306 3166 Honorius,
329 3093 406 3165 etc,
423 3093 553 3155 dilectis
573 3093 651 3154 tiliis
671 3094 780 3156 sancti
791 3095 886 3156 Cris-

98 3190 157 3267 pini
176 3191 330 3268 Majoris,
355 3191 390 3253 et
409 3192 517 3253 sancti
545 3191 685 3253 ioannis
714 3192 750 3253 in
771 3192 886 3254 Vineis

97 3287 271 3361 abhatibus,
292 3289 327 3350 et
343 3288 469 3350 decano
485 3290 592 3351 sancti
607 3289 759 3351 Gervasii
781 3292 886 3353 Sues-

98 3383 261 3447 sionensis.

130 3483 241 3545 Dilecti
258 3482 323 3544 tilii
343 3485 383 3545 A.
404 3482 506 3544 abbas
521 3483 715 3545 monasterii
731 3487 885 3556 Derven,

98 3579 126 3641 et
136 3583 223 3657 Hugo
236 3581 439 3659 procurator
448 3582 630 3643 conventus
643 3582 791 3659 ejusdem
806 3582 884 3655 loci,

14 3746 16 3751 ‚
98 3675 241 3741 innostra
252 3680 691 3756 proposueruntpraesentia
701 3662 888 3753 constituti,¹

938 2116 1011 2192 ipse
1026 2130 1235 2193 nequaquam
1245 2114 1316 2176 zelo
1326 2116 1535 2177 rectitudinis
1548 2116 1736 2190 duceretur,

941 2214 1059 2275 Sedem
1080 2211 1304 2289 apostolicam
1328 2212 1551 2289 appellarunt.
1573 2214 1737 2277 Praedicto
1795 2274 1800 2281 .

940 2327 1019 2387 ergo
1035 2309 1153 2371 abbate
1174 2309 1209 2370 in
1225 2309 1345 2371 itinere
1359 2311 1516 2372 veniendi
1530 2312 1572 2373 ad
1589 2312 1738 2373 nostram

940 2408 1153 2487 presentiam
1192 2407 1381 2481 constitute,
1407 2408 1445 2470 ut
1481 2409 1738 2486 appellationem

940 2506 1197 2584 prosequeretur
1231 2504 1405 2581 emissam3
1437 2505 1527 2566 idem
1562 2506 1738 2584 episcopus

940 2604 1088 2679 legitima
1105 2619 1220 2665 eorum
1242 2603 1465 2680 appellatione
1484 2605 1681 2681 contempta,
1702 2605 1739 2666 in

940 2702 1050 2779 ipsum
1069 2700 1220 2763 abbatem
1242 2700 1469 2776 depositionis,
1486 2702 1520 2763 et
1537 2702 1573 2762 in
1590 2701 1738 2764 fautores

940 2803 1013 2877 epus
1041 2798 1395 2875 excommunicationis
1430 2799 1629 2862 sententiam
1657 2815 1740 2877 pro-

941 2896 1113 2972 nulgavit,
1123 2895 1321 2973 praecipiens
1332 2896 1509 2957 conventui
1519 2896 1665 2958 utalium
1674 2896 1738 2957 sibi

941 2994 1081 3071 eligeret
1092 2994 1127 3054 in
1140 2993 1350 3055 abbatemet
1361 2993 1440 3055 licet
1453 2994 1545 3070 prior
1553 2994 1658 3070 ipsius
1673 2993 1739 3055 loci

942 3091 1295 3154 excommunicationis
1322 3091 1520 3153 sententiam
1544 3092 1740 3169 protulisset

941 3191 1072 3268 publice
1093 3191 1129 3251 in
1143 3189 1309 3251 conuentu
1322 3189 1358 3250 in
1376 3206 1490 3251 omnes
1504 3190 1581 3250 illos
1596 3191 1663 3268 qui,
1678 3189 1740 3250 ab·

940 3288 1017 3351 bate
1031 3288 1189 3366 praedicto
1205 3287 1462 3364 appellationem
1473 3304 1572 3366 quam
1583 3287 1741 3350 emiserat

941 3386 1172 3464 prosequente,
1189 3385 1231 3445 ad
1245 3385 1435 3464 hujusmodi
1448 3387 1643 3448 electionem
1658 3402 1739 3464 pro-

941 3485 1060 3545 cedere
1074 3482 1294 3558 attentarent3
1311 3483 1446 3560 quidam
1460 3484 1571 3545 tamen
1584 3484 1739 3545 monachi

941 3582 1021 3643 dicti
1037 3581 1102 3643 loci
1124 3580 1258 3643 circiter
1277 3580 1465 3657 quindecim
1484 3581 1542 3642 aut
1556 3581 1737 3654 sexdecim,

942 3696 1042 3757 quum
1062 3679 1130 3740 sint
1151 3679 1326 3755 plusquam
1353 3677 1738 3756 quadragintaquinque

99 3776 267 3850 quodcum
278 3775 388 3837 felicis
399 3777 567 3837 memoriae
578 3778 887 3854 Innocentiuspapa
941 3775 1531 3851 11111111111111111,1111111111
1546 3774 1741 3836 locimona-

14 3878 16 3943 1
100 3873 316 3946 predecessor
341 3875 454 3935 noster
482 3874 561 3935 olim
596 3874 744 3937 audisset
772 3891 887 3937 eorum
942 3875 1052 3946 chum,
1087 3872 1246 3949 praedicta
1280 3871 1624 3932 excommunicatione
1652 3887 1738 3933 con-

14 4020 15 4025 ,
100 3972 329 4034 monasterium
355 3986 429 4032 esse
452 3970 594 4032 liberum
622 3972 655 4034 et
685 3973 885 4050 exemptum,
941 3972 1075 4048 tempta,
1098 3970 1222 4045 eligere
1250 3968 1542 4045 praesumpserunt,
1569 3968 1739 4046 1111111-

100 4066 128 4126 et
139 4069 354 4130 catalaunen.
382 4070 554 4145 episcopos
569 4069 721 4146 quaedam
744 4071 779 4131 in
801 4071 885 4147 ipso,
942 4086 1044 4147 copus
1063 4084 1184 4129 munus
1206 4065 1447 4128 benedictionis
1466 4065 1637 4142 impendit.
1654 4066 1739 4138 Quia

101 4177 151 4237 per
163 4168 231 4242 ejus
246 4164 408 4228 abbatum
419 4164 595 4238 incuriam,
607 4183 797 4243 usurpasse,
814 4168 886 4244 ipse
941 4182 1021 4229 vero
1036 4165 1131 4227 nobis
1146 4181 1213 4225 non
1228 4163 1377 4225 constitit
1396 4162 1436 4225 de
1456 4164 1649 4240 praemissis,
1669 4164 1741 4226 dis-

14 4298 16 4327 ,
101 4260 203 4323 solens
231 4264 303 4325 tam
330 4263 437 4339 ipsius
473 4263 669 4325 monasterii
699 4263 887 4327 libertatem
943 4264 1083 4326 cretioni
1097 4264 1217 4325 vestrae
1231 4276 1291 4339 per
1307 4261 1490 4337 apostolica
1505 4263 1629 4339 scripta
1643 4278 1741 4323 man-

14 4394 16 4415 t
102 4372 189 4432 quarn
207 4359 409 4438 apostolicae
442 4360 536 4422 Sedis
559 4361 725 4437 Justitiam
751 4378 889 4424 conser—
942 4362 1255 4438 damus,quatenus
1281 4359 1408 4421 vocatis
1430 4359 1487 4437 qui
1512 4359 1741 4423 1111111111-

102 4468 182 4524 vare,
206 4457 393 4519 venerabili
417 4456 514 4520 tratri
535 4461 649 4520 nostro
672 4460 885 4521 suessionen.
942 4460 1051 4532 candi,
1080 4458 1258 4536 inquiratis
1280 4457 1454 4533 superbis
1478 4457 1620 4519 sollicite
1645 4457 1739 4519 veri-

102 4551 290 4631 episcopoet
311 4555 542 4632 conjudicibus
563 4557 633 4617 suis
648 4572 889 4618 causamcom-
942 4558 1054 4629 tatem,
1085 4558 1119 4618 et
1146 4556 1176 4616 si
1202 4554 1297 4617 uobis
1323 4554 1509 4616 constiterit
1533 4570 1604 4615 rem
1628 4554 1742 4615 taliter

103 4649 181 4712 nisit
200 4652 393 4730 hujusmodi
412 4654 687 4729 cognoscendam,
707 4655 785 4715 dum
808 4656 888 4717 tunc
943 4671 979 4716 se
1006 4653 1141 4726 habere,
1169 4652 1365 4714 reuocantes
1391 4651 1427 4711 in
1448 4652 1570 4712 statum
1595 4649 1741 4712 debitum

102 4746 305 4811 Catalaunen.
316 4750 553 4827 episcopus‚ad
567 4752 786 4814 imitationem
801 4768 890 4830 prae·
944 4752 1102 4830 quidquid
1139 4750 1213 4827 post
1253 4748 1509 4824 appellationem
1548 4747 1741 4823 bup'usmodi

14 4900 15 4903 ,
103 4839 300 4909 decessorum
313 4862 462 4920 suorum,
474 4848 577 4910 multa
593 4849 657 4910 sibi
676 4850 839 4912 niteretur
852 4851 888 4912 in
942 4847 1138 4910 inveneritis
1156 4845 1275 4906 illicite
1294 4843 1501 4915 attentatum,
1518 4844 1742 4906 contradicto-

101 4940 255 5015 jamdicto
265 4946 469 5007 monasterio
478 4962 654 5024 usurpare,
668 4964 809 5026 quorum
820 4964 888 5010 non
943 4962 997 5009 res
1011 4946 1042 5007 si
1056 4943 1112 5023 qui
1124 4942 1249 5005 fuerint
1265 4941 1320 5003 uel
1335 4940 1475 5002 rebelles
1490 4956 1550 5018 per
1563 4958 1741 5005 censuram

102 5035 156 5101 luit
165 5043 361 5105 auctoritate
368 5059 571 5120 processum,
581 5044 654 5122 ipso
669 5046 825 5124 episcopo
838 5062 889 5108 ce·
944 5043 1170 5122 apostolicam,
1192 5039 1415 5118 appellatione
1435 5040 1629 5117 postposita,
1647 5057 1741 5103 com-

103 5133 188 5200 dente
201 5140 335 5202 interim
347 5141 547 5218 pontificalis
556 5144 668 5205 oneris
681 5145 887 5220 dignitatem.
943 5140 1118 5220 poscendo.
1141 5138 1294 5200 Audiatis
1313 5137 1521 5215 postmodum
1542 5155 1616 5216 quae
1639 5138 1741 5200 iidem

105 5232 207 5311 Nuper
219 5239 328 5300 autem
342 5255 442 5315 quum
452 5240 654 5302 venerabilis
664 5241 890 5306 fraternoster
944 5240 1046 5302 abbas
1066 5240 1099 5301 et
1121 5237 1277 5298 monachi
1297 5252 1356 5313 pro
1372 5235 1525 5299 libertate
1548 5235 1741 5297 monasterii

106 5330 308 5397 catalaunen.
322 5336 497 5414 episcopus
510 5355 683 5401 successor
697 5340 814 5417 ipsius,
832 5357 891 5403 ac·
944 5338 1009 5409 sui,
1024 5337 1057 5398 et
1069 5351 1142 5413 quae
1160 5332 1318 5412 praefatus
1331 5333 1506 5410 episcopus
1520 5334 1636 5395 contra
1647 5331 1742 5393 illam

105 5429 213 5492 cedens
232 5432 274 5493 ad
299 5435 538 5496 monasterium
558 5436 771 5511 antedictum,
788 5439 890 5501 uellet
945 5435 1079 5496 duxerit
1104 5432 1329 5511 proponenda,
1351 5433 1384 5493 et
1404 5447 1539 5492 causam
1559 5445 1659 5505 super
1678 5430 1742 5492 hoc

106 5521 141 5584 de
151 5526 251 5603 ipsius
263 5530 349 5593 statu
364 5531 545 5609 inquirere,
557 5534 598 5596 de
613 5552 677 5612 quo
690 5552 726 5598 se
737 5538 890 5614 quaedam
945 5534 987 5595 ad
1012 5548 1073 5594 nos
1101 5531 1279 5594 remittatis
1304 5528 1509 5591 sufficienter
1531 5527 1739 5602 instructam,

108 5622 228 5689 11111111
246 5641 320 5705 quae
345 5628 457 5693 limam
485 5632 702 5697 correctionis
723 5650 888 5714 exposce·
944 5630 1153 5714 praefigentes
1176 5628 1326 5707 partibus
1349 5625 1528 5690 terminum
1551 5626 1741 5704 competen-
