3900 6202
205 313 266 375 aut

208 475 333 537 nostras
346 473 607 536 confirmationis
622 474 684 535 etc.
697 474 816 535 batum
833 472 1000 545 Laterani,

209 590 254 636 un
282 573 410 634 decimo
439 571 602 633 kalendas
625 572 753 645 Martii,
782 572 994 650 pontificatus

208 672 315 734 nostri
329 687 417 733 anno
431 670 550 748 primo.

501 920 708 1008 dcxxxii

206 1130 258 1190 Ad
271 1126 478 1189 coniventem
491 1127 696 1188 rreoaasierit
709 1130 744 1189 S.
759 1128 1005 1192 Bertbotonuet

476 1228 517 1286 de
533 1226 730 1301 carpineta.

496 1401 529 1459 {9
547 1399 616 1460 sehr.
635 1402 714 1460 litt.

346 1506 465 1574 [dabelli
479 1506 554 1558 ltalia
565 1508 651 1559 Sacra.
665 1509 693 1567 Τ,
707 1509 726 1560 i.
744 1522 769 1574 p.
782 1506 864 1574 ttae]

206 1635 337 1706 blandai,
360 1643 393 1694 ut
418 1651 506 1708 quum
529 1635 690 1693 Gualterius
720 1635 846 1708 ipsorum
866 1635 955 1696 abhas
975 1637 1005 1695 io

241 1727 421 1783 l‘enncnsem
436 1725 602 1797 episcopum
616 1725 655 1782 sit
668 1732 842 1797 assumptus,
854 1725 908 1783 sibi
919 1727 1005 1784 talem

241 1814 398 1889 praeficiant
408 1814 437 1871 io
448 1820 602 1888 pastorem,
616 1814 664 1887 qui
677 1821 756 1871 tanto
769 1822 911 1889 congruat
925 1817 1006 1874 oneri

241 1912 269 1962 et
284 1901 395 1960 honori.

245 2049 414 2111 Honorius
428 2049 614 2127 episcopus,
625 2064 740 2111 servus
751 2064 922 2112 servorum
932 2049 1003 2112 Dei.

245 2147 382 2210 Dilectis
397 2146 476 2209 liliis
491 2146 669 2209 conventui
684 2149 881 2210 monasterii
898 2148 1005 2211 sancti

204 2244 440 2307 Bartholomoei
452 2244 493 2306 de
506 2245 692 2323 Carpineto,
709 2246 850 2308 salutem
866 2249 1007 2323 ethpos·

206 2342 340 2404 tolicam
352 2341 788 2415 benedictionem-Quum
802 2344 1002 2418 Gualterius,

203 2440 370 2518 quondam
385 2439 487 2501 abbas
502 2442 622 2513 vester,
640 2440 675 2501 in
690 2444 898 2503 Peonensem
913 2441 1006 2518 epis-

205 2553 324 2616 copum
339 2538 383 2599 sit
394 2538 594 2614 assumptus,
610 2554 652 2599 ne
666 2539 906 2600 monasterium
921 2555 1001 2601 ves-

204 2637 294 2698 trum
318 2635 443 2697 diutius
467 2637 601 2698 maneat
624 2637 772 2698 Pastoris
799 2637 917 2699 solatio
933 2637 1004 2699 des·

204 2734 351 2806 titutum,
368 2734 581 2797 universitati
600 2735 720 2797 restrae
742 2751 801 2812 per
813 2734 1004 2812 Apostoliea

204 2832 328 2910 scripta
347 2832 560 2905 mandamus,
585 2833 749 2910 quatenus
772 2833 1006 2895 convenienti-

204 2928 1002 3008 businunum,Spiritussanctigratiainvocata,

207 3027 305 3090 talem
338 3026 433 3090 vobis
476 3027 667 3105 praeficiatis
707 3044 766 3105 per
810 3029 1005 3090 electionem

205 3125 402 3186 canonicam
416 3124 452 3185 ih
472 3126 649 3202 pastorem,
666 3126 722 3203 qni
736 3126 829 3187 tanto
844 3130 1006 3201 congruat

206 3223 340 3285 onerist
350 3222 480 3283 honori.
491 3224 609 3284 Datum
621 3223 1005 3295 Laterani,XIkalendas

206 3319 328 3394 martii,
343 3319 554 3398 pontificatus
569 3321 675 3382 nostri
689 3337 778 3384 anno
792 3321 911 3400 primo.

492 3579 722 3668 CCXXXIII

298 3802 350 3862 Ad
364 3803 658 3876 archiepiscopum
675 3802 710 3863 et
723 3803 912 3877 capitatum

478 3902 729 3962 Brocarcrtses.

491 4045 528 4102 20
544 4042 615 4102 lchr.
640 4046 719 4102 lili.

251 4158 354 4224 [Menai
363 4159 496 4211 Sacrorum
507 4158 676 4209 conciliorum
687 4172 754 4210 nora
764 4164 789 4209 et
798 4158 959 4225 amplissime

403 4237 528 4290 collectio.
545 4243 564 4289 t.
586 4238 666 4297 XXII,
687 4253 712 4303 p.
734 4239 815 4304 teeti

206 4373 333 4442 intimat,
348 4387 381 4429 se
395 4372 424 4429 in
434 4372 483 4430 lite
497 4372 634 4431 intereos
647 4379 676 4430 et
689 4362 936 4448 archiepiscopum
949 4378 1003 4434 To·

241 4460 736 4534 letanumsuperprimatiavertcnte
747 4464 904 4522 terminum
914 4480 1005 4538 usque

242 4550 279 4610 od
295 4558 412 4609 octavas
425 4552 609 4608 Pentecostes
627 4551 756 4625 proxime
775 4550 895 4622 suturas,
918 4570 1002 4630 prop·

241 4650 286 4699 ter
295 4641 513 4698 instructionem
528 4653 633 4709 cauete,
650 4655 700 4713 per
713 4640 899 4699 restitutionis
918 4643 1005 4701 bene·

242 4729 339 4788 ssciom
353 4730 396 4787 eis
411 4728 581 4803 indulgissc.

246 4874 605 4952 Honoriusepiscopus,
619 4889 735 4936 servus
753 4877 1004 4949 servorumbci,

207 4972 394 5035 venerabili
415 4972 512 5033 tratri
532 4971 795 5050 archiepiscopo,
820 4975 854 5036 et
876 4973 1006 5037 dilectis

208 5070 287 5132 liliis
300 5068 440 5146 capituli
451 5069 685 5143 Bracarensis,
699 5069 883 5134 salutemet
894 5075 1005 5151 Apos-

206 5167 342 5232 tolicam
354 5164 632 5228 benedictionem.

247 5268 367 5328 Coram
385 5262 494 5325 felicis
509 5263 678 5326 memoria
697 5265 810 5327 innoc.
824 5281 910 5345 papa
924 5284 1007 5345 prae-

208 5364 382 5427 decessore
397 5362 510 5424 nostro
523 5360 580 5423 lite
593 5361 680 5424 inter
691 5362 916 5426 venerabilem
931 5365 1004 5428 lra-

207 5464 291 5524 trem
314 5460 465 5523 nostrum
486 5458 774 5536 arehiepiscopum
797 5461 1004 5534 Toletannm,
1059 5456 1119 5517 bili
1140 5456 1214 5518 viro
1231 5455 1437 5517 Wlodislavo
1463 5454 1540 5516 duci
1568 5453 1608 5515 de
1634 5455 1748 5528 Kalis,
1769 5456 1871 5517 salu-

208 5560 242 5619 et
253 5561 298 5630 te,
316 5558 420 5620 irater
437 5557 699 5634 archiepiscope,
726 5574 827 5635 super
848 5560 1005 5636 primatia

210 5653 403 5715 solemniter
422 5654 629 5718 contestata:
654 5653 749 5717 vobis
768 5653 832 5717 luit
844 5671 1004 5738 peremp-

824 311 1000 374 HONORII
1020 311 1065 373 111
1087 312 1236 376 OPERA.

1799 318 1860 380 288

1058 472 1165 535 torius
1186 473 1348 537 terminus
1363 474 1565 552 assignatus,
1579 490 1739 554 quocum
1752 478 1863 541 ratio-

1058 571 1155 633 nibus
1170 574 1203 635 et
1218 572 1466 635 defensionibus
1482 574 1603 635 vestris
1622 577 1861 653 procuratores

1059 670 1195 733 idoneos
1217 671 1259 732 ad
1282 671 1399 733 sedem
1427 673 1659 756 apostolicam·
1668 674 1861 737 mitteretis.

1058 769 1127 831 Nos
1151 771 1262 831 autem
1286 769 1446 833 habentes
1466 772 1540 833 rata
1570 772 1742 849 praedicta,
1763 771 1862 835 vobis

1058 867 1343 941 denunciavimus,
1352 870 1736 947 nedenuocxpectaretis
1747 870 1862 944 citari,

1059 966 1137 1043 qnia
1161 965 1227 1027 nisi
1246 968 1484 1045 compararetis
1504 968 1647 1030 termino
1668 968 1860 1045 assignato,

1058 1065 1105 1135 tu,
1116 1064 1220 1126 irater
1227 1065 1489 1144 archiepiscope,
1497 1082 1556 1143 per
1564 1068 1606 1138 te,
1620 1067 1674 1128 rel
1688 1082 1752 1144 per
1765 1068 1865 1129 suffl-

1059 1162 1202 1223 cientem
1221 1165 1481 1240 procuratorem,
1505 1180 1630 1243 uosque
1649 1165 1711 1226 iiiii
1724 1166 1864 1243 capitu-

1059 1259 1128 1320 lum
1143 1275 1204 1337 per
1218 1259 1356 1323 idoneos
1370 1263 1593 1339 responsales,
1609 1279 1670 1325 nos
1683 1263 1865 1325 nihilomi-

1060 1374 1123 1419 nus
1138 1358 1393 1436 procederemus
1405 1359 1440 1420 in
1455 1360 1530 1437 ipso
1538 1361 1686 1437 negotio,
1701 1363 1867 1439 quantum

1055 1456 1186 1532 justitia
1211 1457 1405 1534 postularet.
1430 1460 1553 1519 Verum
1582 1458 1698 1536 elapso
1715 1460 1865 1521 termino

1060 1554 1249 1627 constituto,
1275 1556 1349 1632 post
1371 1557 1635 1634 expectationem
1661 1573 1729 1619 non
1751 1558 1867 1619 modi-

1060 1668 1143 1725 cam,
1172 1655 1429 1731 comparuorunt
1458 1654 1572 1715 dilecti
1610 1655 1671 1716 iiiii
1699 1655 1867 1731 magister

1060 1750 1250 1812 scholarum
1273 1752 1307 1813 et
1324 1752 1485 1828 magister
1507 1752 1700 1814 Dominicus
1719 1752 1866 1815 canoni-

1061 1865 1119 1911 cus
1133 1850 1361 1918 Bracarensis,
1376 1852 1504 1912 vestras
1517 1851 1612 1912 nobis
1627 1851 1757 1912 litteras
1771 1867 1865 1928 prae-

1060 1947 1246 2019 sententes,
1276 1947 1397 2025 quibus
1431 1964 1488 2011 eos
1523 1964 1597 2009 esse
1625 1950 1866 2026 procuratores

1059 2047 1188 2107 vestros
1201 2046 1236 2106 in
1249 2061 1350 2108 causa
1369 2045 1539 2124 praedicta,
1558 2046 1603 2108 ita
1619 2048 1705 2124 quod
1720 2048 1867 2125 uterque

1060 2144 1094 2205 in
1117 2144 1259 2206 solidum
1278 2143 1471 2223 apparebat.
1498 2144 1561 2206 Sed
1588 2145 1678 2222 quia,
1704 2148 1743 2207 nt
1765 2145 1865 2207 dice-

1060 2242 1150 2316 bant,
1166 2259 1234 2304 non
1248 2244 1429 2305 attulerant
1451 2243 1692 2320 depositionem
1710 2234 1862 2316 testium,

1061 2341 1170 2404 etalia
1185 2342 1406 2413 munimenta,
1425 2340 1618 2403 dilationem
1638 2358 1713 2403 cum
1727 2343 1868 2404 instan-

1059 2440 1107 2502 tia
1126 2440 1347 2516 postularunt.
1369 2441 1548 2517 Postquam
1567 2454 1648 2502 vero
1669 2441 1792 2501 contra
1812 2456 1867 2502 eos

1059 2537 1249 2600 interlocuti
1273 2536 1397 2599 inimus
1432 2553 1533 2615 super
1558 2536 1717 2599 dilatione
1745 2539 1866 2617 petita,

1059 2635 1191 2698 tandem
1214 2635 1382 2711 indulgeri
1403 2635 1554 2697 ecolesiae
1574 2637 1777 2697 Bracarensi
1811 2637 1867 2698 di-

1060 2733 1218 2796 lationem
1260 2734 1396 2811 propter
1433 2733 1685 2796 instructionem
1727 2750 1864 2807 cansae,

1060 2846 1120 2909 per
1131 2831 1294 2893 auxilium
1309 2830 1530 2893 restitutionis
1545 2832 1580 2891 in
1593 2832 1764 2908 integrum
1782 2849 1867 2910 pos-

1059 2930 1234 2992 tularunt:
1258 2928 1454 2991 exhibentes
1481 2944 1582 3007 super
1609 2930 1673 2991 hoo
1698 2945 1745 2991 ex
1768 2932 1867 3008 parte

1059 3028 1171 3091 vestra
1194 3027 1338 3106 speciale
1361 3026 1564 3091 mandatum.
1587 3028 1658 3090 Nos
1682 3028 1803 3090 antem
1828 3029 1868 3090 de

1060 3126 1197 3188 fratrum
1213 3127 1401 3187 nostrorum
1415 3126 1566 3198 consilio,
1583 3126 1744 3203 usquead
1762 3127 1864 3189 octa-

1058 3241 1118 3287 vas
1136 3225 1346 3286 Pentecostes
1366 3225 1517 3302 proxime
1531 3224 1671 3297 suturas,
1686 3240 1747 3302 per
1759 3226 1868 3287 resti-

1058 3322 1196 3385 tutionis
1215 3322 1423 3395 beneficium,
1443 3323 1484 3384 ad
1504 3322 1537 3383 id
1561 3321 1656 3384 vobis
1679 3323 1869 3384 terminum
1948 3384 1949 3401 ,

1059 3420 1215 3482 duximus
1241 3420 1509 3496 indulgendum:
1541 3435 1602 3498 per
1633 3419 1868 3498 Apostolicam

1059 3519 1153 3581 vobis
1173 3518 1372 3581 sententiam
1401 3518 1626 3596 praecipiendo
1649 3517 1863 3591 mandantes,

1059 3618 1223 3695 quatenus
1246 3617 1295 3677 sic
1314 3616 1468 3678 instructi
1487 3616 1708 3692 compareatis
1730 3615 1769 3677 in
1789 3618 1865 3679 ter-

1059 3714 1162 3788 mino,
1177 3713 1263 3792 quod
1278 3729 1379 3775 causa
1395 3730 1490 3775 suum
1504 3714 1617 3776 sortiri
1631 3713 1740 3792 possit
1760 3714 1866 3776 effee-

1059 3814 1129 3875 tum
1155 3834 1163 3872 :
1193 3812 1273 3890 quia
1316 3828 1428 3889 quum,
1469 3812 1559 3874 ultra
1599 3811 1866 3890 peremptorium

1060 3911 1276 3987 assignatum,
1293 3909 1352 3972 diu
1366 3909 1410 3971 sit
1429 3909 1465 3970 in
1490 3909 1596 3986 ipsius
1620 3910 1779 3971 Toletani
1793 3910 1863 3972 dis-

1060 4009 1227 4087 pendium,
1245 4007 1393 4085 ejusdem
1406 4023 1517 4069 causae
1538 4006 1665 4068 decisio
1685 4009 1864 4085 protelata,

1059 4108 1138 4169 tunc
1153 4106 1299 4185 prolecto
1324 4106 1359 4167 in
1380 4121 1420 4167 ea
1435 4107 1595 4182 quantum
1615 4105 1802 4182 postulabit
1816 4122 1868 4167 ra-

1060 4205 1106 4266 tio
1123 4203 1349 4281 procedemus.
1368 4203 1487 4265 Datum
1497 4203 1665 4271 Laterani,
1681 4204 1712 4263 X
1727 4202 1866 4265 kalend.

1061 4301 1183 4371 martii,
1199 4300 1411 4378 pontificatus
1430 4300 1536 4362 nostri
1550 4314 1639 4363 anno
1654 4302 1679 4362 1.

1345 4504 1569 4592 CCXXXIV

1140 4675 1192 4734 Ad
1216 4675 1456 4736 Wtodtoiaoum
1476 4675 1597 4735 ducem
1612 4675 1655 4736 de
1670 4675 1780 4736 Ketis.

1340 4839 1377 4898 22
1396 4837 1466 4897 lebr.
1498 4841 1552 4898 lit

1124 4980 1254 5045 [Thalnam
1264 4981 1430 5033 bonomonte
1445 4981 1568 5033 Polonire.
1579 4988 1600 5032 t.
1612 4982 1632 5043 l,
1647 4996 1675 5049 p.
1686 4981 1711 5043 ³,
1723 4992 1754 5033 n·
1763 4982 1806 5048 o]

1125 5144 1272 5211 llortotur,
1285 5149 1316 5199 ut
1330 5141 1395 5199 duci
1406 5140 1514 5201 Silesiae
1527 5147 1655 5200 castrum
1673 5141 1710 5200 do
1721 5142 1804 5201 Kalis

1389 5231 1530 5289 restituat.

1099 5358 1266 5420 Honorius
1276 5357 1559 5435 episcopusete...
1569 5356 1691 5420 dilecto
1706 5357 1776 5419 tilio
1793 5374 1864 5420 no-

1059 5554 1216 5617 temeto..
1233 5553 1390 5632 Exposita
1411 5551 1507 5614 nobis
1529 5552 1640 5614 dilecti
1656 5552 1718 5613 iiiii
1733 5552 1865 5614 nobilIs

1059 5652 1124 5717 viri
1143 5653 1183 5715 H.
1210 5651 1287 5714 duci
1312 5650 1441 5713 Silesiae
1466 5650 1661 5728 conquestio
1684 5648 1865 5729 patefecit,
