3928 6200
204 318 265 377 103
763 312 941 373 HONORII
965 311 1091 372 PAPAE
1112 311 1158 371 111
1178 311 1290 371 VITA.

1794 312 1958 373 aot]

204 474 319 539 liberis
334 474 507 537 1611166166
520 473 581 534 est.
597 474 639 534 At
649 473 784 533 Petrum
792 469 1000 533 Autissiodo-
1054 469 1241 533 ionicorum
1280 468 1423 530 militum
1468 467 1740 548 (instructissima
1780 470 1855 532 acie

203 589 337 635 rensem
355 588 510 651 proceres
527 569 721 646 delegerunt
734 565 868 648 (16166.
882 568 932 630 111.
949 569 998 641 13,
1055 565 1267 646 procedente)
1280 582 1419 628 numero
1434 587 1442 626 s
1457 566 1605 628 Aderunt
1619 567 1649 627 N
1651 566 1855 629 iserniensis
1957 582 1958 643 j

203 688 232 733 6.
250 674 279 743 3,
296 672 360 747 51.
382 665 589 745 Bergomas).
611 668 673 728 Hic
694 666 797 743 igitur
812 668 942 738 Petrus,
957 682 1001 727 ex
1055 680 1165 727 comes
1188 666 1222 726 et
1235 663 1433 726 walcherus
1452 666 1657 725 Francorum
1681 665 1772 740 16616
1795 680 1856 726 ca·
1957 672 1958 755 j

204 769 332 830 Latinis
348 766 464 828 tertius
480 765 625 826 Orientis
644 766 834 841 imperator,
849 781 924 825 cum
938 781 1001 842 pu·
1055 763 1219 824 merarius
1244 760 1376 841 (16166.
1395 762 1446 823 111.
1464 763 1512 832 19,
1529 777 1557 822 6.
1572 764 1603 833 3,
1620 763 1640 838 5
1655 763 1689 837 13
1707 763 1853 835 PlatinA,
1957 816 1958 827 ,

202 867 343 929 1616166
358 864 489 924 ielicius
504 863 569 924 sihi
593 863 738 925 futurum
754 861 918 934 diadema,
934 878 999 938 quo
1055 860 1173 921 Naucl.
1189 857 1382 938 gerendi).
1405 859 1468 921 Sed
1490 860 1524 921 et
1541 859 1613 936 ipse
1626 862 1855 922 Romanorum
1957 854 1958 925 3

202 963 400 1040 Apostolicae
419 961 513 1023 Sedis
528 962 759 1023 auctoritatem
774 959 924 1021 devotius
940 958 1001 1020 ad·
1054 958 1236 1035 imperator
1257 957 1459 1029 Eridericus,
1484 957 1540 1034 qui
1566 957 1681 1018 Crucis
1709 957 1774 1018 sibl
1799 958 1855 1018 si-

203 1059 376 1133 hibuisset,
392 1056 1001 1136 6661161611666116661116161616-
1055 1071 1156 1131 6666
1203 1054 1403 1131 adigendum
1443 1054 1672 1126 constituerat,
1712 1057 1855 1116 Romam

202 1158 392 1231 irationem,
408 1157 598 1219 Romamad
612 1156 807 1228 Honorium,
822 1154 1001 1216 confirma·
1055 1151 1234 1229 proiectus.
1259 1151 1400 1213 Honorii
1422 1154 1520 1230 jussu
1543 1151 1718 1228 Augustali
1737 1151 1857 1214 diade-
1957 1152 1958 1167 ³

202 1256 304 1318 tionis
336 1270 450 1327 causa,
479 1254 716 1331 prosectionem
744 1252 891 1329 suscepit
925 1267 999 1312 cum
1055 1251 1142 1311 mate
1177 1250 1408 1326 inauguratus,
1445 1249 1487 1310 ed
1522 1248 1760 1327 perficiendum
1788 1249 1859 1311 iter
1957 1254 1958 1275 ³

203 1368 309 1415 uxore
330 1368 370 1413 ac
389 1351 521 1413 illiahus
542 1352 679 1429 aliquot.
700 1351 865 1427 Exceptus
887 1350 1000 1426 itaque
1054 1347 1394 1425 Hierosolymitanum
1423 1361 1499 1408 sese
1520 1346 1669 1408 accinxit
1691 1346 1851 1426 (Usperg.
1957 1344 1958 1363 ³

200 1464 223 1515 a
238 1450 398 1513 Pontidce
411 1466 538 1511 summa
550 1449 773 1526 gratulatione
783 1447 882 1527 atque
894 1446 1001 1508 hono-
1055 1461 1110 1505 an.
1128 1448 1221 1506 1166.
1236 1447 1333 1521 1220;
1348 1447 1470 1507 16166.
1483 1445 1535 1507 tit
1557 1445 1606 1518 19,
1619 1459 1648 1506 6.
1662 1446 1693 1516 3,
1714 1443 1857 1523 princ).
1957 1448 1958 1461 ²

202 1548 378 1621 riticentia,
408 1550 444 1610 in
465 1548 610 1611 Basilica
644 1549 677 1609 S.
703 1545 875 1608 Laurentii
905 1544 1000 1607 extra
1056 1542 1365 1605 86116111161161
1390 1542 1606 1604 coronatione
1628 1542 1728 1621 paulo
1754 1542 1857 1619 plura

203 1662 316 1707 muros
332 1661 455 1707 corona
475 1644 651 1722 Augustali
674 1643 828 1716 donatur,
841 1643 877 1705 ut
890 1644 1001 1717 Egna-
1054 1639 1207 1701 16161166.

202 1744 270 1806 tius
280 1746 452 1806 memorat.
470 1742 700 1817 Quamobrem,
726 1745 762 1803 ut
783 1739 999 1801 1601166166
1094 1736 1239 1799 Profecti
1254 1736 1356 1813 igitur
1367 1736 1403 1797 16
1413 1737 1527 1799 hostes
1540 1738 1725 1798 Saracenos
1736 1736 1860 1799 Chris-

202 1842 359 1919 trajicere
370 1841 633 1903 Christianorum
644 1840 809 1902 exercitus
822 1839 943 1916 posset,
960 1853 999 1898 eo
1054 1834 1138 1896 tiani
1152 1835 1287 1907 milites,
1300 1835 1397 1896 irrito
1411 1833 1482 1896 1616
1492 1833 1606 1896 labore
1620 1833 1726 1895 adniti
1738 1834 1857 1896 omnia

203 1939 334 2001 16116166
345 1956 409 2017 quo
418 1942 489 2018 jam
502 1938 885 2015 constantinopolitanus
896 1936 1000 1997 latino
1053 1933 1119 1994 risi
1144 1934 1231 2003 sunt,
1257 1932 1298 1994 oh
1317 1948 1418 1994 unam
1437 1949 1551 1994 rerum
1568 1932 1714 1994 omnium
1739 1932 1857 2009 perni-

202 2052 325 2113 genere
340 2039 520 2115 imperator
532 2036 740 2114 proiecturus
751 2033 998 2112 expectabatur,

203 2134 422 2197 deliberatum
433 2137 484 2198 est
494 2138 607 2196 Romae
618 2133 810 2196 utioannes
819 2131 859 2193 de
868 2130 1000 2192 Colum-

205 2247 249 2295 na
269 2233 451 2294 cardinalis
467 2232 623 2294 Asiaticas
636 2229 858 2308 expeditionis
871 2229 999 2305 legatus

202 2330 409 2393 decernetur.
426 2333 497 2391 Hoc
511 2330 614 2406 igitur
626 2328 746 2391 comite
760 2330 879 2389 Petrus
893 2328 1000 2402 impe-

145 2504 150 2513 ,
202 2428 295 2489 16161
318 2444 394 2488 666
409 2442 574 2490 uxoreae
596 2426 739 2498 filiabus,
755 2424 1001 2486 tantummodo-

203 2540 267 2602 que
278 2527 409 2587 centum
423 2541 463 2586 ac
478 2523 654 2601 sexaginta
677 2523 810 2584 selectis
824 2521 997 2594 militibus,

202 2622 238 2683 in
252 2623 367 2684 Asiam
378 2622 616 2699 profectionem
630 2622 735 2698 66161.
760 2621 881 2697 legato
896 2618 1001 2696 igitur

203 2736 278 2781 666
291 2720 503 2797 imperatrice
517 2736 557 2782 66
570 2720 710 2796 reliquis
723 2718 1001 2793 Constantinopo-

202 2817 261 2878 lim
287 2820 378 2880 recta
406 2818 638 2895 pergentibus,
665 2816 737 2894 ipse
766 2815 997 2893 Dyrrachium,

203 2915 386 2977 obsidionis
401 2932 503 2977 causa
522 2914 700 2992 proiectus,
726 2913 832 2975 irritis
847 2911 999 2974 omnibus

202 3012 376 3075 conatibus
392 3015 466 3090 post
479 3012 650 3073 biennium
664 3011 756 3081 obiit,
774 3010 917 3071 lieberto
930 3008 999 3073 tilio

205 3111 381 3187 imperium
394 3110 597 3187 relinquens,
612 3108 715 3170 Gallis
726 3108 918 3184 Latinisque
930 3122 1002 3184 pro·

204 3208 336 3272 ceribus
349 3206 636 3284 applaudentibus.
650 3204 862 3285 (1116611161.
879 3204 935 3265 lib.
947 3204 998 3276 30,

204 3320 233 3369 6.
259 3308 290 3378 7,
309 3306 349 3380 83
372 3307 493 3366 16166.
520 3304 572 3365 tit.
596 3304 645 3376 19,
671 3320 700 3365 6.
722 3305 753 3375 3,
778 3303 856 3378 §13
880 3302 998 3362 Naucl.

204 3417 317 3476 gener.
338 3404 395 3478 413
420 3400 551 3466 Bonfin.
575 3404 708 3468 Rerum
729 3403 847 3477 11666.
870 3401 947 3460 Dec.
967 3400 997 3471 2,

203 3497 261 3559 111.
278 3499 325 3579 7).

243 3596 412 3663 Η6661166
424 3598 527 3674 igitur
538 3598 573 3658 16
585 3612 715 3659 66666
726 3595 839 3657 61166
850 3609 1002 3672 quaqua·-

203 3709 333 3766 versus,
348 3694 458 3756 missis
482 3695 601 3771 legatis
620 3695 661 3754 de
682 3692 893 3771 suscipiendo
912 3693 1000 3753 Cru-

1055 2030 1150 2102 ciem,
1167 2030 1368 2092 discordiam
1383 2030 1531 2092 scilicet:
1557 2031 1590 2092 61
1613 2045 1653 2091 ea
1668 2029 1802 2106 quidem
1817 2031 1857 2091 ut

1055 2128 1260 2205 pertinacior
1276 2130 1374 2199 esset,
1404 2127 1527 2205 duplex
1547 2126 1619 2188 1611.
1640 2127 1855 2202 Hungaricus

1054 2241 1117 2286 rex
1135 2225 1309 2286 diuturnos
1333 2239 1536 2301 magnosque
1564 2223 1726 2300 pertaesus
1753 2223 1855 2285 laho-

1054 2338 1125 2391 res,
1148 2318 1330 2384 dissidebat
1352 2338 1373 2384 a
1396 2325 1525 2385 Joanne
1543 2322 1857 2398 Hierosolymorum

1054 2435 1143 2497 rege,
1162 2422 1261 2497 atque
1281 2436 1301 2482 a
1319 2420 1450 2498 reliquo
1469 2419 1562 2481 illius
1584 2419 1745 2480 exercitu.
1773 2421 1861 2481 Om-

1054 2517 1151 2579 nibus
1175 2518 1278 2594 igitur
1299 2517 1447 2580 collectis
1473 2517 1613 2579 seorsim
1637 2517 1708 2577 suis
1732 2517 1854 2594 copiis,

1054 2616 1153 2693 atque
1179 2614 1305 2692 ingenti
1339 2616 1592 2692 peregrinorum
1626 2614 1856 2693 multitudine,

1053 2714 1089 2773 in
1100 2715 1264 2790 Europam
1278 2713 1364 2775 redit
1379 2735 1386 2773 :
1404 2713 1491 2774 unde
1505 2715 1673 2790 permotus
1688 2712 1858 2774 Hieroso·

1055 2810 1234 2887 lymitanus
1261 2811 1451 2888 patriarcha
1479 2813 1512 2872 et
1530 2809 1729 2886 Apostolicas
1754 2809 1855 2870 Sedis

1054 2908 1183 2984 legatus
1204 2908 1372 2984 Pelagius,
1405 2907 1491 2985 quod
1517 2909 1610 2969 tauta
1632 2907 1768 2967 levitate
1797 2922 1861 2967 res

1055 3006 1238 3068 christiana
1261 3007 1369 3083 coepta
1393 3006 1679 3075 intermitteretur,
1707 3006 1853 3081 votaque

1055 3105 1357 3175 contemnerentur,
1383 3103 1418 3164 in
1447 3118 1559 3178 regem
1579 3102 1688 3180 ipsum
1712 3103 1854 3176 Hunga-

1054 3216 1139 3273 rum,
1155 3216 1196 3262 66
1207 3200 1353 3277 reliquos
1365 3200 1422 3276 qui
1437 3200 1604 3261 hominem
1617 3198 1852 3276 sequerentur,

1055 3297 1276 3359 anathematis
1296 3296 1459 3375 judicium
1481 3295 1849 3375 61616111(16166.111.

1056 3396 1104 3467 19,
1117 3412 1146 3456 6.
1165 3396 1228 3470 3,§
1243 3396 1279 3471 13
1302 3394 1420 3456 Naucl.
1438 3410 1555 3471 gener.
1568 3392 1634 3474 11).
1647 3394 1852 3456 111666666

1055 3492 1361 3570 Hierosolymorum
1381 3508 1445 3554 rex
1461 3491 1659 3569 Apostolicae
1679 3492 1775 3554 Sedis
1798 3490 1853 3552 le-

1055 3590 1132 3666 gato
1157 3590 1355 3651 66666166
1383 3588 1575 3662 dissidebat,
1595 3588 1683 3667 quod
1702 3588 1758 3649 hic
1781 3602 1858 3665 616-

1055 3686 1231 3763 tectionem
1254 3702 1415 3764 armaque
1434 3686 1570 3748 terenda
1597 3688 1635 3747 16
1654 3685 1861 3748 sulthanum

204 3792 253 3852 616
268 3793 375 3869 61666,
394 3793 430 3854 61
445 3793 613 3870 expeditio
627 3791 687 3853 illa
704 3790 945 3862 absolveretur,
961 3805 1001 3851 ac
1055 3784 1293 3862 Babylonicum
1321 3784 1525 3857 decerneret,
1551 3783 1609 3845 ille
1632 3784 1857 3846 differendum

206 3889 375 3955 Eriderico
404 3891 603 3968 imperatore
635 3888 719 3952 duce
754 3888 859 3966 copiae
887 3902 1001 3949 omnes
1056 3882 1273 3960 opportunius
1288 3882 1505 3944 existimaret.
1534 3884 1607 3944 Rex
1624 3883 1736 3944 16666
1753 3881 1855 3944 rebus

204 3987 408 4065 traiicerent,
422 3988 665 4051 deliberaverat
686 3986 858 4068 (Trithem.
876 3988 1002 4061 01166.
1056 3979 1185 4041 bellicis
1209 3979 1319 4056 legato
1333 3980 1484 4057 peritior,
1506 3981 1718 4056 arrogantius
1754 3996 1854 4041 suam

204 4084 388 4164 Hirsoup.)
408 4086 512 4148 Auxit
538 4088 779 4146 Germanorum
807 4083 936 4144 animos
964 4080 1000 4141 in
1057 4079 1190 4139 secutus
1213 4077 1424 4149 sententiam,
1445 4076 1545 4153 legati
1561 4078 1756 4154 Apostolici,
1777 4093 1855 4138 cum

206 4196 280 4241 eam
291 4181 528 4258 prosectionem
539 4178 1003 4257 Pontificisprolataprophe·
1057 4192 1122 4253 quo
1143 4175 1244 4237 etiam
1256 4177 1490 4251 Hungarorum
1509 4190 1571 4236 rex
1585 4175 1747 4246 senserat,
1757 4175 1856 4252 judi-

204 4277 272 4338 1166
285 4278 461 4349 666166116,
474 4275 620 4339 tuturum
636 4277 672 4340 ut
683 4292 785 4354 prope
798 4276 886 4337 diem
899 4278 1002 4337 Terra
1058 4274 1145 4335 cium
1160 4272 1295 4333 difficile
1311 4271 1483 4348 probabat.
1507 4272 1698 4333 secesserat
1714 4272 1856 4333 enimin

207 4376 328 4435 Sancta
348 4373 547 4457 Christianis
566 4388 703 4436 cessura
717 4373 815 4436 esset.
833 4371 1000 4451 (Usperg.,
1059 4370 1200 4448 Syriam.
1220 4368 1284 4430 Sed
1299 4370 1414 4447 666166
1430 4385 1450 4431 6
1469 4368 1578 4444 166616
1599 4370 1768 4441 evocatus,
1792 4385 1857 4446 pa-

206 4486 261 4531 66.
289 4470 420 4532 Domini
441 4470 543 4550 1217).
575 4472 614 4537 Et
635 4472 724 4533 66116
754 4470 1004 4547 praedictionem
1057 4469 1136 4541 1611,
1171 4467 1371 4544 tandemque
1403 4467 1454 4527 illi
1493 4466 1630 4544 obsequi
1666 4467 1853 4539 constituit,

205 4567 1004 4646 16616666666666161,66661ο66616661666
1056 4564 1189 4627 tametsi
1216 4564 1350 4643 plurimi
1374 4564 1519 4626 militum·
1541 4563 1642 4625 duces
1666 4563 1797 4625 homini
1811 4564 1857 4624 il-

206 4666 320 4728 urbem
347 4668 532 4727 16616166
557 4666 665 4730 nostri
691 4680 832 4743 crepere.
860 4664 924 4727 Sed
943 4665 1003 4726 Dei
1057 4663 1125 4726 lam
1147 4663 1183 4725 in
1208 4662 1406 4723 Sulthanum
1431 4660 1585 4722 bellicam
1613 4660 1856 4737 profectionem

206 4767 322 4826 nutum
337 4765 436 4842 atque
448 4780 544 4842 opem
558 4780 640 4842 6666
656 4763 845 4825 Christiana
859 4778 880 4824 a
892 4778 931 4824 se
944 4778 1004 4840 per
1057 4759 1298 4831 dissuaderent,
1323 4774 1405 4836 quos
1429 4759 1558 4834 legatus
1578 4757 1669 4819 velut
1693 4758 1857 4819 consilio-

206 4862 344 4924 dissidia
359 4864 489 4935 avertit,
503 4865 539 4925 ut
550 4878 627 4925 mox
642 4862 802 4925 dicemus.
1057 4874 1131 4919 rum
1145 4857 1332 4920 turbatores
1344 4856 1653 4919 excomunicatione
1668 4855 1855 4919 mulctavit.

247 4961 419 5022 Exercitus
452 4962 564 5039 itaque
596 4961 706 5023 omnis
736 4959 1002 5021 Christianorum
1059 4953 1193 5033 (16166.
1213 4956 1263 5016 tit.
1293 4955 1342 5027 19,
1371 4970 1400 5015 6.
1426 4955 1457 5015 3.
1482 4956 1554 5030 §3;
1575 4952 1858 5015 Bononiensem

203 5060 275 5135 jam
294 5058 417 5119 sensim
439 5060 652 5132 conveniens,
670 5058 803 5121 tandem
822 5057 858 5118 in
876 5055 1000 5127 Asiam,
1057 5049 1502 5130 Η66661.,1)66.2,111.7).

207 5155 362 5218 hortante
380 5157 539 5228 Honorio,
564 5157 753 5233 trajecerat.
779 5156 859 5216 Erat
886 5153 1003 5214 161116
1096 5153 1214 5213 Actum
1241 5149 1344 5225 igitur
1369 5151 1539 5210 6166666
1564 5163 1643 5223 1666
1666 5147 1728 5221 661,
1755 5149 1792 5210 61
1814 5165 1859 5210 ex

207 5254 389 5330 Hungariae
404 5268 466 5315 rex
479 5252 640 5323 Andreas,
654 5254 800 5315 loannes
816 5252 856 5314 de
869 5254 1002 5312 Brenna
1057 5247 1238 5326 1666161161
1254 5246 1356 5323 legati
1370 5246 1536 5323 praecepto
1550 5260 1645 5307 arma
1665 5245 1702 5306 in
1718 5246 1858 5309 Sultha-

208 5352 306 5415 antea
338 5351 538 5413 Viennensis
566 5350 646 5422 dux,
678 5349 1002 5425 Hierosolymitauus
1059 5362 1137 5407 num
1152 5346 1372 5417 sumerentur,
1391 5360 1431 5405 ac
1444 5345 1482 5406 ut
1495 5343 1705 5408 6666166161
1718 5360 1858 5421 compa-

208 5463 280 5520 rex,
305 5449 362 5510 sed
389 5449 423 5511 et
445 5447 544 5525 Cypri
577 5462 708 5525 quoque
738 5462 800 5508 rex
831 5445 1003 5508 16611666
1059 5444 1189 5505 1616161
1203 5442 1382 5513 exercitus,
1398 5440 1506 5504 edicta
1524 5439 1740 5517 proponenda
1755 5456 1858 5503 cura-

208 5563 283 5608 cum
297 5546 488 5622 ingentibus
512 5545 654 5607 militum
669 5544 790 5621 copiis3
816 5543 956 5607 aderant
972 5542 1005 5604 et
1058 5541 1122 5613 vit,
1150 5540 1186 5603 ut
1212 5540 1286 5617 ipsa
1319 5538 1547 5616 apostolorum
1579 5538 1671 5600 Petri
1697 5539 1732 5599 et
1757 5538 1858 5599 Pauli

208 5643 351 5717 nustriae
365 5646 400 5706 et
408 5642 560 5708 Basariae
573 5643 674 5705 duces
689 5657 764 5704 cum
778 5640 906 5718 ingenti
916 5643 1004 5703 Teu·
1058 5637 1198 5706 solemni
1212 5638 1277 5709 die,
1298 5636 1448 5717 quisquis
1462 5634 1550 5699 bello
1565 5633 1763 5713 militiaeque
1781 5634 1859 5697 ido-
