3900 6202
158 259 217 323 tar
774 261 949 324 HONORII
970 264 1015 324 Ill
1036 264 1185 329 OPERA.
1744 267 1804 332 168

161 420 223 483 bus
242 434 285 483 ex
302 418 499 483 testamento
517 417 748 482 decedentium
767 420 957 499 relinquen·
1009 422 1084 484 lans
1107 422 1234 486 arabis
1260 424 1329 486 suis
1355 424 1475 488 litteris
1495 440 1554 501 per
1582 424 1746 498 eumdem,
1767 430 1805 489 ut

158 519 225 593 tur,
248 532 308 579 seu
321 518 357 579 in
371 518 462 595 ipsos
485 516 606 579 trabes
629 517 744 579 contra
757 518 956 595 Apostolicae
1011 520 1118 596 ipsum
1131 520 1324 598 reciperetis
1347 522 1601 584 in-canonicnm
1624 522 1714 583 etin
1728 520 1802 584 ira-

160 616 255 678 Sedis
263 616 391 677 indulta
399 615 596 677 sententiam
604 615 955 677 excommunicationis
1013 618 1109 691 trem3
1127 621 1222 696 cnjus
1239 616 1391 696 precibus
1406 636 1449 681 ex
1468 633 1508 680 eo
1528 634 1677 680 annuere
1695 617 1805 680 dista

160 716 219 776 aut
241 712 409 776 interdicti
432 712 705 790 praesumpserint
731 713 954 789 promulgare,
1009 712 1107 785 listis,
1132 714 1210 791 quia
1237 717 1485 777 concessionem
1503 715 1692 794 praebendae
1712 716 1807 777 illins

159 812 214 873 vel
233 809 371 872 decimis
389 809 538 871 laborum
560 810 601 872 de
620 809 719 872 terris
741 809 863 872 babilis
877 810 954 872 ante
1009 809 1050 871 ad
1065 826 1124 872 vos
1139 812 1298 873 dicebatis
1316 814 1412 890 lapsu
1426 812 1584 891 temporis
1600 813 1804 874 devolutam.

160 909 343 970 Concilium
387 909 543 985 generale
581 924 641 969 seu
679 909 955 971 nutrimentorum
1010 909 1156 985 Cumque
1177 926 1277 986 super
1304 911 1481 972 cellatione
1502 909 1689 987 praebendae
1712 910 1807 971 illius

159 1005 319 1081 ipsorum,
338 1005 458 1082 spretis
478 1005 676 1081 apostolicae
698 1005 793 1065 Sedis
812 1004 955 1082 privile·
1009 1005 1169 1067 intervos
1189 1007 1223 1069 et
1244 1007 1469 1069 venerabilem
1494 1007 1631 1068 fratrem
1654 1010 1808 1069 nostrum
1938 986 1939 1017 ¹

159 1101 269 1179 legite,
295 1102 503 1180 extorquere,
520 1101 702 1165 monitione
716 1103 900 1179 praemissa,
926 1102 955 1161 si
1010 1102 1184 1165 Carnoten.
1199 1103 1390 1181 episcopum
1407 1104 1525 1167 suisset
1536 1104 1674 1182 qnaestio
1692 1105 1805 1166 susci-

160 1200 239 1261 laici
253 1199 388 1271 inerint,
404 1199 535 1276 publice
554 1199 701 1261 candelis
717 1198 877 1271 accensis,
891 1215 955 1259 ex·
1008 1200 1088 1272 tata,
1100 1200 1360 1277 proponentibus
1370 1200 1463 1262 vobis
1476 1200 1687 1262 donationem
1698 1201 1807 1278 ipsius

161 1297 471 1360 communicationis
500 1298 663 1359 sententia
690 1297 887 1374 percellatis.
920 1295 955 1357 Si
1009 1296 1194 1373 praebendae
1209 1297 1250 1358 ad
1264 1315 1324 1359 ros
1339 1298 1467 1376 dejure
1481 1299 1649 1377 spectum
1669 1314 1709 1359 ac
1721 1298 1809 1376 epis·

160 1411 240 1458 rere
279 1394 393 1456 clerici
424 1393 477 1456 vel
506 1394 658 1455 canonici
684 1394 855 1471 regulares
895 1407 955 1454 seu
1009 1407 1091 1471 copo
1106 1396 1288 1466 asserente,
1305 1395 1392 1473 quod
1407 1395 1517 1457 desua
1533 1395 1748 1458 concessione
1762 1395 1803 1457 ad

162 1493 319 1555 monachi
343 1491 483 1563 luerint,
510 1491 731 1569 appellatione
760 1491 897 1564 remota,
914 1490 954 1551 ab
1009 1490 1203 1567 praedictum
1216 1491 1419 1553 cardinalem
1435 1491 1620 1569 praehendae
1633 1494 1806 1554 concessio

162 1590 271 1652 cilicio
296 1591 329 1651 et
353 1589 514 1651 beneficio
547 1588 771 1666 suspendatis,
803 1588 954 1649 neutram
1009 1586 1204 1664 pertinebat.
1234 1588 1443 1649 Venerabilis
1467 1588 1572 1651 linter
1608 1589 1723 1651 noster
1746 1605 1804 1651 ar-

160 1687 344 1750 relaxaturi
366 1687 563 1749 sententiam
585 1686 689 1748 donec
702 1685 872 1763 praedictis
885 1684 956 1747 lra-
1009 1684 1802 1763 cbiepiscopussenonen.proposuitexadverso,

161 1786 267 1848 tribus
296 1784 446 1861 plenarie
472 1782 699 1858 sa‘tislaciant;
727 1784 759 1846 et
782 1784 851 1843 tam
876 1782 954 1844 laici
1009 1781 1095 1859 quod
1109 1798 1209 1859 quum
1220 1781 1397 1860 praebenda
1412 1782 1471 1842 1lla
1482 1797 1542 1860 per
1551 1798 1676 1843 annum
1688 1784 1721 1845 et
1733 1798 1808 1844 arn-

162 1899 260 1960 quam
276 1881 388 1943 clerici
402 1881 578 1942 saeculares
591 1881 648 1960 qui
659 1896 718 1957 pro
730 1881 876 1942 violenta
888 1896 955 1940 ma·
1009 1878 1096 1955 plius
1107 1880 1178 1956 jam
1189 1879 1352 1951 vacasset,
1365 1879 1511 1956 potestas
1524 1879 1715 1942 conterendi
1729 1894 1804 1942 eam

160 1977 955 2056 nuuminjectioneanathematisvincnlosuerint
1009 1975 1185 2052 adipsum
1212 1974 1320 2038 iuerat
1355 1975 1536 2037 secundum
1568 1976 1806 2038 Lateranensis

161 2076 431 2153 innodati,qunm
442 2074 773 2152 dioecesaniepiscopi
784 2074 904 2136 litteris
913 2074 953 2135 ad
1009 2072 1131 2135 statuta
1155 2060 1288 2134 concilii
1317 2072 1483 2134 devoluta.
1511 2073 1605 2134 Unde
1627 2074 1696 2135 tam
1716 2073 1804 2134 idern

162 2173 280 2235 Sedem
307 2171 530 2250 apostolicam
554 2172 741 2245 venientes,
771 2171 813 2233 ab
840 2172 954 2234 eodem
1009 2168 1280 2247 archiepiscopus
1294 2186 1355 2247 pro
1369 2169 1623 2232 conservatione
1635 2170 1722 2247 ¹iuris
1736 2170 1803 2243 sni,

159 2270 295 2332 vinculo
309 2272 500 2333 mereantur
514 2269 656 2331 absolvi.
669 2269 774 2330 Villas
794 2269 904 2331 autem
919 2269 954 2330 in
1009 2282 1107 2344 quam
1125 2267 1300 2343 episcopus
1323 2269 1358 2329 et
1380 2265 1538 2344 praelatus
1563 2268 1724 2343 magister
1743 2283 1806 2345 pro

162 2367 376 2445 quibusbona
391 2367 623 2443 praedictorum
635 2366 776 2427 fratrum
785 2366 838 2428 vel
851 2366 955 2427 homi·
1004 2366 1082 2440 jure
1095 2379 1253 2425 concesso
1268 2363 1433 2425 cardinali
1448 2363 1605 2440 predicto
1620 2364 1662 2425 ad
1685 2364 1804 2425 sedem

160 2479 240 2527 num
255 2480 390 2525 suornm
400 2479 459 2541 per
468 2462 660 2525 violentiam
672 2462 803 2525 detenta
818 2462 952 2532 iuer-int,
1008 2461 1230 2538 apostolicam
1262 2461 1481 2537 appellarunt.
1509 2462 1558 2522 Tu
1583 2476 1724 2538 quoque,
1753 2460 1805 2522 tili

162 2560 308 2639 quandiu
323 2561 369 2622 ibi
391 2561 478 2633 sunt,
491 2560 658 2622 interdicti
673 2561 847 2622 sententiae
869 2577 952 2638 sup·
1008 2558 1143 2630 decane,
1157 2573 1231 2618 cum
1246 2556 1442 2634 quibusdam
1452 2557 1539 2630 aliis,
1559 2573 1601 2618 ne
1615 2557 1699 2619 citra
1716 2558 1805 2619 deli-

161 2660 302 2736 ponatis.
319 2658 437 2720 batum
450 2658 617 2731 Laterani,
632 2658 730 2719 tertio
745 2657 820 2718 idus
830 2646 955 2736 janua·
1007 2655 1188 2718 berationis
1208 2656 1331 2717 nostrae
1352 2656 1511 2717 statutum
1525 2654 1650 2733 aliquid
1664 2655 1805 2718 ordina·

159 2757 215 2830 rii,
229 2756 439 2834 pontificatus
454 2755 561 2818 nostri
573 2770 660 2817 anno
674 2755 792 2835 prime.
1008 2753 1100 2815 retur
1118 2752 1158 2813 de
1178 2751 1354 2829 praehenda
1373 2752 1542 2830 praedicta,
1565 2753 1712 2815 nostram
1734 2770 1804 2816 au·
1822 2828 1825 2831 ,

1008 2850 1166 2912 dientiam
1176 2850 1361 2927 appellasti.
1371 2851 1440 2911 Nos
1449 2849 1639 2926 igiturdicti
1650 2852 1819 2929 magistri*
1833 2853 1839 2862 ‘

1007 2947 1161 3009 meritum
1181 2947 1399 3020 attendentes,
1424 2947 1478 3008 cui
1497 2962 1598 3024 super
1622 2947 1805 3012 sufficienti

460 3008 651 3096 CXXXVI
1008 3044 1196 3107 niter-arura
1211 3044 1405 3107 ermannus
1420 3044 1599 3123 plurimum
1612 3045 1805 3109 testimonia

1009 3142 1243 3218 suffragantur,
1280 3142 1321 3203 ad
1352 3157 1467 3219 preces
1501 3141 1580 3203 dicti
1607 3142 1802 3217 cardinalis,

159 3223 212 3283 Ad
241 3224 409 3284 decanum
437 3224 471 3284 65
496 3223 685 3297 capitulum
712 3223 950 3284 CaWOXssllSeS·
1008 3230 1105 3316 quem
1130 3239 1218 3301 inter
1239 3238 1325 3300 alios
1350 3238 1473 3300 iratres
1498 3239 1629 3300 nostros
1661 3240 1805 3317 speciali

452 3332 557 3408 itinn.
579 3335 657 3392 litt.
1008 3337 1175 3412 diligimus
1190 3336 1345 3411 caritate;
1358 3335 1507 3397 volentes
1524 3335 1743 3398 nibilominus
1759 3338 1804 3400 de

193 3459 313 3522 flam,
330 3456 376 3509 m),
388 3460 408 3517 1,
416 3458 491 3523 ,pap
504 3456 557 3508 132,
570 3459 629 3509 ps,
641 3459 677 3510 L,-
692 3459 767 3509 por„
781 3457 815 3510 p„
828 3458 922 3524 mm,
1008 3433 1115 3494 medio
1129 3436 1275 3495 vestrum
1288 3449 1418 3494 omnem
1435 3432 1609 3494 discordiae
1624 3434 1801 3496 materiam

519 3564 520 3567 =
1008 3546 1172 3603 amovere,
1199 3546 1266 3591 non
1294 3530 1452 3591 babentes
1482 3530 1669 3606 respectum
1693 3530 1736 3591 ad
1761 3546 1802 3594 ea

160 3600 293 3658 Declarat
316 3616 348 3659 ee
368 3600 551 3674 prebendam
573 3600 604 3658 in
636 3601 756 3659 ecclesia
787 3602 953 3661 carnotensi
1008 3628 1167 3704 quaeacta
1182 3628 1268 3699 sunt,
1286 3642 1359 3704 quae
1374 3625 1606 3705 fortemssent
1620 3628 1802 3690 secundum

195 3697 345 3791 vacantem
358 3691 536 3792 concessisse
547 3690 684 3764 magistro
694 3689 953 3749 Bartclericocar
1008 3722 1223 3785 subtilitatem
1242 3723 1329 3801 juris
1352 3722 1501 3785 invalida
1528 3724 1688 3801 reputari,
1713 3740 1804 3802 ΡΜ·

194 3777 282 3836 ⁶¹¹¹⁸¹¹
296 3779 325 3837 s·
345 3778 473 3837 'mmm'
1006 3819 1147 3881 bendam
1174 3821 1280 3897 ipsam
1303 3820 1401 3882 tertia
1429 3818 1514 3881 seria
1544 3820 1697 3897 proxima
1723 3823 1801 3885 ante

198 3922 377 3997 Honorius,
397 3925 472 3996 etc,
498 3923 623 3986 decano
647 3923 681 3986 et
699 3922 843 4002 capitulo
867 3924 951 3985 Gar-
1007 3917 1220 3980 Nativitatem
1255 3916 1386 3978 Domini
1413 3916 1572 3993 magistro
1599 3918 1801 3981 contulimus

158 4019 270 4083 neten.
1007 4018 1198 4087 memorato,
1219 4015 1434 4076 decernentes
1449 4013 1581 4075 irritum
1601 4015 1636 4077 et
1651 4016 1754 4078 inane
1771 4016 1800 4078 si

202 4117 294 4179 Sicut
328 4117 467 4179 dilectus
502 4117 592 4180 tilius
632 4119 747 4180 noster
776 4120 809 4180 S.
846 4118 952 4179 sancti
1007 4113 1083 4189 quid
1097 4113 1138 4173 de
1150 4110 1325 4188 praebenda
1339 4111 1412 4188 ipsa
1426 4111 1461 4171 in
1482 4110 1714 4188 praejudicium
1725 4129 1801 4175 con-

159 4208 298 4272 Adriani
321 4211 481 4273 diaconus
503 4211 683 4272 cardinalis
707 4227 813 4288 nuper
826 4226 951 4289 propo·
1007 4209 1167 4270 cessionis
1186 4209 1310 4271 nostrae
1325 4208 1399 4285 post
1413 4208 1669 4285 appellationem
1684 4210 1727 4271 ad
1739 4226 1800 4272 nos

160 4304 227 4367 suit
238 4321 349 4367 coram
369 4306 476 4380 nobie,
497 4307 620 4368 dudum
642 4308 790 4385 tempore
813 4307 952 4370 concilii
1006 4305 1153 4382 legitime
1189 4305 1418 4383 interpositam
1456 4304 1556 4391 inerit
1591 4306 1799 4369 attentatum.

159 4401 326 4479 generalis
357 4403 557 4466 venerabilis
590 4404 694 4466 irater
724 4406 839 4467 noster
871 4405 953 4466 Car·
1007 4404 1167 4475 Quocirca
1182 4402 1516 4465 universitativestrae
1536 4403 1799 4480 parapostolica

159 4501 270 4563 noten.
290 4501 463 4579 episcopus
478 4503 566 4579 apud
591 4502 708 4564 sedem
728 4502 951 4581 apostolicam
1006 4500 1130 4578 scripta
1157 4498 1377 4578 praecipiendo
1401 4499 1607 4573 mandamus,
1637 4502 1799 4577 quatenus
1873 4539 1876 4544 -

159 4599 367 4668 constitutus,
382 4599 417 4660 in
436 4600 567 4676 signum
584 4599 771 4662 dilectionis
790 4601 952 4677 etgratiee
1007 4598 1130 4660 dictum
1169 4597 1364 4674 magistrum
1404 4597 1562 4673 tanquam
1603 4599 1799 4660 canonicum

160 4696 315 4773 specialis
342 4696 532 4759 conferendi
560 4697 771 4776 praebendam
797 4714 898 4759 unam
917 4698 951 4759 in
1006 4697 1152 4758 vestrum
1170 4695 1314 4771 benigna
1338 4694 1371 4756 et
1387 4693 1535 4756 fraterna
1559 4696 1697 4758 caritate
1710 4695 1800 4757 trao-

159 4794 300 4855 ecclesia
325 4794 500 4856 carnoten.
531 4796 637 4857 eidem
663 4796 827 4858 cardinali
852 4795 953 4857 cessit
1005 4793 1083 4855 tetis
1102 4794 1137 4854 in
1161 4792 1314 4854 omnibus
1333 4807 1406 4869 quae
1429 4791 1471 4852 ad
1494 4791 1706 4868 praebendam
1723 4808 1801 4871 per-

160 4893 213 4976 tus
232 4891 265 4952 et
284 4891 421 4953 tradidit
434 4892 639 4969 potestatem,
663 4892 745 4955 dans
767 4892 830 4954 sibi
852 4909 952 4970 super
1006 4892 1112 4952 tinent
1126 4888 1190 4951 sibi
1202 4888 1373 4950 humiliter
1383 4888 1635 4966 respondentes3
1651 4889 1800 4967 alioquin

159 4987 951 5067 bocsuastestimonialeslitterassigilloproprio
1006 4988 1135 5050 dilectis
1162 4987 1240 5049 filiis
1268 4985 1396 5058 abbati,
1430 4986 1535 5062 priori
1563 4986 1596 5047 et
1623 4986 1799 5049 cellerario

157 5084 341 5147 roboratas.
364 5087 579 5159 Postmodum
600 5088 709 5149 autem
732 5088 820 5150 idern
842 5087 952 5149 cardi·
1006 5090 1129 5148 sanctae
1150 5083 1325 5146 Genovelae
1349 5081 1513 5144 Parisien.
1542 5081 1660 5144 damus
1677 5084 1800 5146 nestris

148 5182 245 5244 'nalis
260 5182 460 5245 certificatus
475 5200 534 5261 per
546 5185 674 5246 litteras
695 5184 842 5263 episcopi
857 5185 952 5246 ante-
1005 5183 1126 5246 litteris
1144 5182 1180 5242 in
1194 5180 1370 5253 mandatis,
1386 5181 1423 5242 ut
1445 5179 1510 5257 ipsi
1529 5178 1704 5257 praelatum
1727 5197 1803 5243 ma·

158 5280 237 5342 dicti
253 5280 338 5359 quod
354 5281 445 5342 carta
466 5279 643 5359 praebenda
663 5281 814 5355 vacabat,
836 5283 953 5344 aucto-
1005 5281 1145 5357 gistrum
1169 5280 1205 5340 in
1229 5279 1361 5356 plenam
1386 5275 1572 5354 praebendae
1593 5277 1700 5355 ipsius
1722 5293 1802 5356 pos-

157 5374 256 5439 ritate
284 5368 445 5440 cessionis
475 5378 580 5455 ipsius
612 5378 823 5455 praebendam
845 5380 951 5457 ipsam
1006 5377 1188 5439 sessionem
1212 5375 1418 5436 inducantet
1440 5374 1597 5436 tueantur
1614 5374 1797 5437 inductum.

158 5476 329 5535 vacentem
355 5476 514 5551 magistro
537 5478 613 5537 Bar.
644 5477 766 5539 clerico
792 5491 852 5538 suo
878 5477 951 5539 viro
1006 5473 1281 5545 contradictores,
1307 5472 1336 5532 si
1353 5472 1411 5548 qui
1425 5470 1559 5544 inerint,
1575 5470 1628 5531 rel
1656 5470 1799 5534 rebelles

158 5568 271 5642 ntique
283 5572 419 5644 provido
441 5575 473 5634 et
485 5572 629 5636 discreto
643 5574 817 5646 concessit,
831 5576 950 5650 postu·
1006 5587 1065 5650 per
1088 5585 1262 5633 censuram
1287 5568 1560 5639 ecclesiasticam,
1590 5567 1721 5630 sublato
1738 5585 1800 5647 ap-
1926 5606 1931 5615 ·
