3928 6200
101 313 127 374 81
724 308 954 370 EPISTOLAE.
978 312 1056 370 LIB.
1080 311 1104 369 Ι.
1701 312 1741 372 82

102 467 656 533 Cluniacensisordinisvicesimam
671 483 892 546 suorumpro-
944 471 997 532 ter
1030 469 1197 531 devotioni
1232 472 1352 532 vestrae
1380 471 1533 532 volumus
1567 484 1741 531 assensum

102 571 246 631 reatuum
263 583 328 644 pro
351 566 500 628 subsidio
519 569 631 628 Terrae
654 567 782 627 Sanctae
793 567 891 643 juxta
946 568 1163 645 apostolicum
1184 568 1360 645 impertiri.
1385 570 1431 629 Ea
1463 570 1597 645 propter
1621 568 1742 630 vestris

102 665 174 745 quod
191 665 228 725 in
242 665 399 741 generali
415 664 562 745 Concilio
578 664 689 725 extitit
703 664 891 726 ordinatum
946 666 1225 744 postulationibus
1235 667 1330 742 grato
1343 667 1578 728 concurrentes
1588 682 1739 739 assensu,

102 768 217 840 integre
232 763 339 825 saciat
352 763 518 831 exbiberi,
527 762 561 824 et
574 761 635 825 tibi
648 762 789 823 fideliter
800 762 891 823 assi·
946 764 987 826 ad
1003 765 1175 842 exemplar
1188 764 1295 825 felicis
1318 765 1559 827 recordationis
1574 766 1741 825 Innocen-

102 862 198 940 guari,
214 861 414 924 discretioni
426 863 494 923 tuae
502 876 562 937 per
571 859 754 937 apostolica
769 859 893 937 scripta
945 863 986 926 tii
1019 865 1120 940 Papae
1147 862 1401 939 praedecessoris
1437 862 1551 935 nostri,
1583 877 1742 939 personas

103 960 485 1037 mandemusquatenus,
501 957 707 1020 sicutselicis
723 957 891 1019 memoriae
946 961 1086 1032 vestras,
1098 977 1173 1021 cum
1188 961 1341 1022 omnibus
1354 960 1451 1021 bonis
1466 976 1538 1038 quae
1555 961 1744 1036 impraesen-

103 1062 182 1135 Papa
189 1057 420 1136 praedecessor
434 1057 545 1118 noster
554 1054 615 1117 tibi
625 1055 701 1117 viva
714 1071 795 1118 voce
804 1071 894 1132 prae-
946 1059 1069 1121 tiarum
1084 1058 1327 1120 rationabiliter
1341 1058 1515 1135 possidetis
1530 1057 1636 1119 autin
1652 1058 1743 1118 futu-

17 1188 18 1195 *
103 1157 189 1234 cepit,
197 1155 395 1216 vicesimam
410 1154 517 1231 ipsam
531 1152 687 1229 recipias,
704 1155 737 1214 et
751 1152 786 1213 in
799 1153 893 1215 solu·
947 1173 1021 1218 rum
1027 1157 1128 1233 justis
1141 1156 1259 1227 modis,
1270 1156 1448 1233 praestante
1459 1156 1743 1232 Dominopoteri-

102 1254 215 1317 tionem
226 1253 417 1314 debitorum
429 1251 808 1315 Cluniaceusiscoenobii
819 1266 893 1312 eam
947 1255 992 1316 tis
1028 1254 1185 1331 adipisci,
1221 1254 1281 1315 sub
1320 1254 1409 1315 beati
1444 1254 1534 1315 Petri
1567 1254 1600 1314 et
1628 1254 1742 1314 nostra

102 1367 207 1430 ponus,
224 1367 300 1412 eam
313 1350 584 1422 sollicitudinem,
598 1349 632 1411 et
640 1349 849 1424 vigilantiam
859 1348 893 1408 in
948 1352 1154 1429 protectione
1164 1351 1373 1429 suscipimus
1386 1352 1583 1412 auctoritate
1593 1365 1743 1427 praesen-

102 1450 158 1511 boc
170 1449 330 1525 satagens
344 1446 514 1516 adhibere,
534 1447 571 1508 ut
591 1446 789 1508 solutionem
804 1445 892 1508 duo-
947 1450 1031 1512 tium
1054 1449 1203 1511 districte
1224 1449 1412 1511 inhibentes
1436 1464 1478 1510 ue
1508 1449 1641 1526 aliquis,
1670 1448 1742 1510 sine

102 1563 169 1608 rum
181 1546 329 1607 millium
344 1560 543 1618 marcarum,
560 1560 643 1622 quas
658 1543 745 1605 idem
760 1543 894 1622 praede·
948 1547 1124 1609 manifesta
1138 1547 1171 1608 et
1185 1546 1375 1608 rationabili
1391 1562 1502 1619 causa,
1528 1546 1564 1607 iu
1583 1560 1743 1622 personas

102 1660 207 1706 cessor
218 1644 337 1706 noster
346 1643 484 1721 praelato
495 1641 811 1719 menobioinspectis
822 1644 894 1719 ejus
949 1648 1077 1708 vestras
1101 1645 1454 1706 excommunicationis
1480 1646 1538 1705 aut
1560 1645 1595 1705 in
1619 1644 1744 1705 terram

101 1741 352 1805 necessitatibus
368 1740 541 1812 mutuavit,
557 1740 703 1803 nobisex
717 1740 897 1817 ipsavice-
948 1744 1094 1806 vestram
1123 1743 1290 1804 interdicti
1330 1744 1510 1819 praesumat
1546 1742 1744 1803 sententiam

102 1841 180 1901 sima
193 1841 295 1917 prout
310 1842 383 1917 jam
405 1839 511 1900 dictus
533 1839 759 1915 praedecessor
780 1839 893 1899 noster

102 1938 263 2015 disposuit
285 1936 489 2008 faciendam,
517 1936 685 2013 impediri,
713 1951 772 1998 seu
796 1936 895 1996 nimis

102 2036 223 2097 differri
245 2052 307 2113 per
325 2036 417 2097 tuam
440 2033 605 2097 incuriam
625 2049 691 2096 non
710 2033 893 2109 contingat.

101 2135 213 2195 batum
228 2134 398 2206 Laterani,
411 2136 441 2194 ΙΙ
453 2133 498 2193 id.
511 2131 710 2205 novembris,
727 2132 897 2209 pontifica-

103 2234 151 2293 tus
163 2231 267 2294 nostri
278 2246 369 2293 anno
381 2230 499 2309 primo.

454 2445 542 2532 LIX

121 2619 170 2677 Ad
178 2619 369 2678 thncbonv
379 2616 593 2677 comitissam
600 2629 640 2676 oc
653 2617 876 2677 ilteobcldum

368 2714 489 2774 1111111111
504 2716 625 2787 ipsius.

388 2826 422 2884 11
440 2840 507 2883 nov.
529 2826 609 2884 12111.

135 2950 239 3016 [Toulet
250 2952 372 3016 Lsyettss
384 2950 419 3000 du
430 2952 511 3000 tresel·
520 2949 564 2999 des
574 2949 681 3008 chartas,
694 2954 712 2999 t.
725 2949 745 3009 l,
764 2963 792 3014 p.
803 2948 858 3008 137,

259 3032 262 3038 “
436 3044 462 3080 u.
479 3029 559 3094 list}

17 3240 18 3243 Ἴ
110 3165 180 3222 Buba
194 3166 314 3223 Honorii
328 3181 410 3240 pape
420 3167 471 3234 ΙΙΙ,
483 3179 538 3237 qua
552 3163 588 3221 ad
603 3165 749 3237 exemplar
762 3167 899 3222 lnuocon-

17 3272 19 3285 ·
142 3255 170 3310 tii
190 3270 270 3327 pape
294 3255 515 3329 precedessoris
536 3254 589 3322 sul,
607 3268 746 3326 personas
768 3261 796 3312 et
824 3253 898 3311 bona

143 3343 271 3401 Blsnclra
294 3343 449 3402 comitisse
483 3343 648 3414 Campaniae
680 3350 708 3399 et
742 3341 899 3400 Tbecbaldi

142 3433 260 3502 remitis,
278 3432 329 3489 tilii
352 3432 424 3506 ejus,
445 3430 498 3489 sub
515 3446 567 3489 sua
587 3430 705 3504 speclali
724 3432 900 3504 protectione

143 3522 265 3594 sltscipit.

147 3647 309 3710 Honorius
344 3647 536 3725 episcopus,
578 3661 694 3708 servus
727 3662 900 3707 servorum

114 3745 177 3816 liei,
190 3745 295 3807 nobili
315 3745 448 3806 mulieri
462 3747 499 3806 B.
511 3732 700 3806 ‘comitissae
727 3758 766 3804 ac
784 3743 894 3805 Theo·

114 3840 213 3916 baldo,
236 3843 315 3905 nato
340 3842 460 3920 ipsius,
488 3839 602 3903 comiti
628 3839 828 3918 Campaniae,
845 3857 902 3902 sa-

116 3938 206 4000 lutem
220 3941 253 4003 et
264 3939 481 4017 apostolicam
493 3937 768 3999 benedictionem.

150 4038 301 4108 Qmmvis
339 4036 529 4115 Apostolica
567 4035 684 4108 SedeS,
723 4034 789 4107 cui,
823 4034 901 4096 licet

116 4132 272 4209 immeriti,
283 4135 512 4213 praesidemus,
532 4133 689 4211 tanquam
704 4132 811 4194 mater
824 4133 902 4193 uni-

17 4274 18 4291 .
116 4233 244 4294 versalis
270 4232 424 4294 omnibus
448 4231 577 4309 aperiat
599 4230 730 4291 viscera
755 4230 898 4307 pietatis,

117 4331 298 4392 nontamen
313 4346 429 4391 omues
451 4327 570 4407 aequali
591 4328 714 4390 affectu
733 4327 903 4406 prosequi·

17 4470 18 4473 ,
115 4426 173 4499 tur,
192 4429 247 4489 sed
269 4428 346 4490 illos
369 4427 488 4504 majori
510 4426 732 4503 praerogativa
746 4425 856 4502 diligit
870 4426 902 4487 et

116 4521 247 4588 honorat
261 4542 344 4604 quos
364 4526 399 4585 in
415 4524 590 4586 devotione
605 4508 670 4584 sua'
684 4523 810 4600 reperit
823 4538 903 4600 pro-

17 4696 18 4701 *
115 4621 306 4686 niores.Nos
316 4622 610 4700 igiturdevotionis
619 4620 794 4693 fervorem,
805 4635 901 4698 quem

115 4723 334 4797 progenitores
349 4720 451 4783 vestri
466 4720 507 4781 ad
523 4722 706 4782 Romanam
719 4718 903 4779 Ecclesiam

114 4815 262 4882 habuisse
288 4821 483 4891 noscuntur,
511 4817 544 4880 et
572 4833 633 4878 vos
658 4815 700 4877 ad
726 4831 902 4892 personam

115 4918 253 4979 nostram
264 4916 389 4978 habere
402 4913 589 4986 noscimini,
604 4913 811 4975 attendentes
822 4928 905 4990 prae·

115 5012 160 5074 ter
178 5030 353 5077 commune
368 5013 514 5076 debitum
533 5012 635 5074 officii
655 5011 843 5089 pastoralis,
861 5027 904 5071 ex

115 5126 172 5186 quo
184 5129 299 5175 curam
310 5113 344 5174 et
356 5110 613 5174 sollicitudinem
628 5125 744 5187 gerere
756 5109 905 5186 cogimur

114 5209 306 5285 pupillorum
331 5210 365 5272 et
392 5209 579 5279 viduarum,
606 5207 784 5285 specialem
809 5206 904 5268 vobis

116 5308 247 5379 gratiam
263 5307 472 5380 exhibentes
485 5307 521 5367 in
536 5306 678 5383 hisquae
700 5322 720 5366 a
735 5303 830 5365 nobis
851 5320 906 5365 se-

17 5470 18 5473 ,
117 5404 250 5466 cundum
261 5408 368 5467 Deum
383 5404 546 5466 duxeritis
556 5402 756 5480 requirenda
768 5403 906 5479 gratan-

151 5532 188 5607 (ll
207 5538 285 5595 Certe
299 5537 386 5606 bulte,
400 5534 503 5594 scellee
518 5550 554 5592 en
566 5534 661 5607 plomb
673 5550 722 5591 sur
731 5535 791 5591 lacs
801 5532 906 5592 desoie

120 5619 200 5678 rouge
210 5615 238 5665 et
249 5610 349 5682 jaune,
361 5621 527 5664 commones
543 5622 593 5679 par
609 5620 665 5662 urie
680 5604 816 5663 initiales
829 5604 904 5677 jour,

17 5706 20 5737 ;
121 5687 146 5738 ct
159 5677 183 5734 lc
196 5695 260 5738 uonr
275 5678 314 5737 du
330 5693 404 5752 pape
426 5676 551 5737 cett-crit
572 5692 607 5735 eu
630 5677 727 5735 lettres
746 5674 904 5751 allongtcs.

951 1842 1171 1919 promulgare,
1189 1856 1318 1919 semper
1333 1841 1432 1902 etiam
1448 1840 1629 1901 admonitio
1643 1854 1747 1900 cano-

950 1942 1026 2002 nica
1041 1940 1271 2017 praemittatur,
1288 1939 1354 1999 nisi
1377 1936 1460 2000 forta
1474 1938 1552 2001 talis
1567 1937 1668 1999 luerit
1680 1952 1744 1997 ex-

951 2055 1064 2101 cessus
1079 2038 1163 2114 quod
1176 2037 1324 2098 ordinem
1331 2037 1546 2114 judiciarium
1557 2051 1623 2096 non
1633 2034 1746 2112 requi-

950 2139 1012 2200 rat
1028 2137 1077 2199 Ad
1093 2135 1165 2196 haec
1179 2135 1375 2212 adjicientes
1389 2134 1565 2196 statuimus
1584 2134 1629 2204 ut,
1645 2133 1745 2193 sivos

950 2236 986 2298 in
1012 2235 1123 2312 aliquo
1153 2232 1395 2310 praesenseriiis
1421 2231 1614 2308 aggravari,
1640 2229 1745 2291 libere

950 2334 1044 2397 vobis
1068 2335 1168 2396 liceat
1183 2333 1299 2394 Sedem
1320 2330 1541 2409 apostolicam
1565 2328 1744 2405 appellare.

952 2434 987 2494 Si
1003 2434 1077 2511 quis
1085 2447 1166 2494 vero
1179 2432 1252 2509 post
1259 2428 1526 2508 appellationem,
1534 2427 1575 2488 ad
1588 2442 1647 2487 nos
1661 2425 1748 2501 legi-

950 2531 1031 2594 time
1051 2530 1292 2607 interpositam,
1314 2529 1349 2588 in
1371 2542 1431 2589 vos
1453 2526 1505 2587 vel
1525 2526 1650 2587 terram
1670 2538 1748 2585 vos-

950 2631 1036 2691 tram
1051 2625 1405 2690 excommunicationis
1418 2624 1471 2685 vel
1482 2622 1650 2684 interdicti
1665 2635 1746 2681 sen-

951 2727 1072 2790 tentias
1109 2724 1379 2803 promulgaverit,
1412 2722 1502 2799 ipsas
1538 2718 1747 2781 decernimus

952 2839 1018 2886 non
1039 2825 1165 2895 tenere,
1191 2823 1237 2883 ita
1259 2820 1345 2898 quod
1365 2819 1479 2880 clerici
1502 2818 1607 2878 terrae·
1626 2814 1747 2877 vestrae

952 2921 1086 2999 propter
1111 2921 1175 2982 hoc
1198 2918 1311 2981 divina
1337 2916 1553 2978 nihilominus
1577 2913 1747 2976 celebrare

952 3020 1085 3081 valeant
1100 3019 1132 3080 et
1145 3034 1205 3079 vos
1219 3017 1279 3088 eis,
1296 3016 1369 3076 sine
1383 3012 1644 3076 contradictione
1658 3025 1747 3088 qua-

952 3117 1043 3191 libet,
1057 3118 1231 3179 interesse.
1254 3114 1345 3177 Nulli
1367 3129 1447 3189 ergo
1461 3112 1632 3173 hominum
1647 3107 1748 3168 liceat

953 3217 1040 3277 lianc
1061 3215 1216 3292 paginam
1238 3214 1360 3275 nostrae
1376 3209 1601 3288 protectionis
1618 3206 1747 3267 inhibi-

952 3314 1053 3375 tionis
1078 3316 1112 3375 et
1132 3310 1377 3374 constitutionis
1412 3308 1606 3383 infringere,
1631 3304 1684 3366 vel
1717 3302 1748 3364 ei

954 3427 1038 3473 ausu
1047 3410 1225 3475 temerario
1236 3407 1414 3471 contraire.
1427 3407 1462 3467 Si
1473 3405 1547 3483 quis
1562 3404 1674 3465 autem
1685 3401 1749 3462 boc

954 3511 1118 3573 attentare
1133 3504 1389 3585 presumpserit,
1402 3502 1663 3578 indignationem
1677 3515 1750 3559 om-

953 3606 1133 3687 nipotentis
1153 3606 1212 3667 Dei
1236 3606 1269 3666 et
1291 3603 1463 3665 beatorum
1487 3600 1578 3662 Petri
1598 3598 1631 3659 et
1651 3595 1749 3657 Pauli

954 3705 1178 3784 apostolorum
1198 3705 1270 3781 ejus
1297 3717 1333 3762 se
1367 3699 1498 3760 noverit
1522 3697 1747 3758 incursurum.

955 3805 1073 3865 Datum
1086 3800 1251 3871 Laterani,
1266 3801 1297 3860 ll
1311 3796 1420 3858 idibus
1432 3792 1631 3864 novembris,
1641 3789 1751 3868 ponti-

954 3902 1071 3964 ficatus
1083 3899 1188 3961 nostri
1201 3912 1288 3958 anno
1298 3895 1405 3973 primo
1419 3890 1478 3973 (1).

995 4040 1038 4097 In
1068 4036 1225 4097 eumdem
1256 4033 1331 4106 fera
1360 4030 1501 4090 moderno
1532 4020 1749 4099 Longipontis

955 4135 1092 4196 cisterc.
1115 4131 1186 4194 ord.
1211 4127 1441 4190 suessionens.
1464 4123 1573 4195 dioec,
1588 4121 1621 4183 et
1635 4123 1668 4182 S.
1686 4121 1749 4181 Jo-

955 4231 1076 4294 bannis
1092 4232 1126 4291 in
1136 4228 1251 4290 Vineis
1268 4225 1442 4289 abbatibus
1461 4224 1494 4286 et
1505 4224 1630 4285 decano
1645 4220 1750 4299 Sues-

956 4329 1116 4401 sionensi,
1132 4327 1243 4390 verbis
1258 4325 1482 4402 competenter
1496 4319 1630 4383 mutatis
1645 4331 1752 4392 risorie

955 4433 1000 4492 cd
1011 4431 1155 4491 verbeces
1175 4427 1347 4488 interesse.

1324 4592 1391 4678 LX

1148 4751 1200 4810 Ad
1220 4745 1408 4820 capitulum
1428 4741 1558 4802 Malea.

1247 4859 1281 4916 lt
1300 4871 1366 4913 nov.
1384 4854 1466 4930 1116.

1082 4977 1216 5042 [insieme
1223 4973 1289 5039 juris
1297 4969 1412 5021 maouici
1423 4968 1456 5019 ad
1469 4981 1531 5018 ann.
1540 4965 1622 5031 {slat

959 5090 1077 5147 Fructus
1096 5081 1256 5157 praebendae
1281 5078 1420 5136 debentur
1436 5076 1575 5133 canonico
1595 5071 1705 5132 absenti
1724 5078 1753 5129 et

1039 5178 1066 5233 in
1079 5173 1195 5231 servitio
1209 5167 1380 5243 apostolice
1396 5165 1461 5225 Sedl
1475 5162 1674 5224 commoranti.

999 5292 1184 5362 Honorius,
1218 5291 1299 5358 etc..
1337 5285 1466 5348 dilectis
1499 5282 1578 5343 tiliis
1614 5277 1750 5356 capituli

959 5395 1080 5456 Melon.

996 5526 1049 5583 Sur
1063 5531 1108 5581 cet
1120 5534 1212 5604 usage
1229 5521 1441 5577 constammrut
1459 5512 1531 5571 suivi
1555 5525 1606 5638 par
1620 5510 1646 5568 la
1662 5506 1752 5591 chau-

960 5597 1073 5657 eellerie
1090 5605 1218 5651 romarus
1238 5604 1310 5663 pour
1330 5589 1371 5644 les
1386 5585 1476 5642 balles
1495 5582 1552 5640 scel
1564 5596 1614 5639 ees
1629 5595 1665 5638 en
1680 5593 1754 5651 sore,

960 5669 1102 5727 consulter
1117 5665 1143 5722 lo
1154 5669 1255 5722 suvant
1266 5656 1402 5718 mimoirc
1417 5656 1453 5715 de
1463 5657 1500 5716 ll.
1512 5653 1625 5714 baliste.
