3900 6202
8 3736 10 3765 l

9 3820 11 3851 l

9 3862 11 3887 l

9 3964 11 4017 g
101 3932 204 3994 0611616
211 3936 386 3995 Theutonici
398 3935 568 4007 desertores,
583 3952 743 4012 corumque
764 3937 890 3998 fautores

9 4024 11 4047 ¹
211 4039 339 4083 censura
353 4025 545 4084 ecclesiastica
555 4027 680 4084 coerceri
692 4027 782 4102 iubet.

108 332 161 394 137
731 324 960 388 EPISTOLAE.
983 325 1062 387 LIB.
1085 325 1110 386 Ι.
1685 321 1743 383 138

104 484 350 558 concordiensi,
363 484 502 546 salutem
516 485 550 547 et
563 482 778 562 apostolicam
791 485 895 547 bene-

103 584 289 647 uodonem.

138 684 188 743 Ex
201 679 323 742 litteris
335 678 448 742 fratris
459 677 563 741 nostri
577 678 776 758 patriarchae
789 678 895 757 6661-

102 777 234 856 lejensis
248 776 448 853 accepimus,
465 774 551 855 quod
573 779 609 838 0.
628 776 792 855 quondam
807 777 894 837 Gon-

102 874 282 938 cordiensls
304 873 478 951 episcopus
497 872 580 935 adeo
601 873 778 936 ecclesiam
799 888 894 934 suam

102 970 263 1048 oppressit
288 985 391 1032 onere
418 969 614 1045 debitorum,
644 969 731 1048 quod
754 969 894 1032 dilectus

102 1067 184 1129 nlius
202 1069 243 1129 A.
268 1067 394 1129 electus
414 1082 587 1131 successor
610 1067 716 1146 ipsius
736 1082 804 1130 uon
823 1066 895 1128 suf-

102 1164 164 1226 6611
183 1179 229 1225 ex
253 1163 403 1241 ejusdem
430 1162 645 1242 proventibus
671 1180 791 1226 usuras
812 1178 893 1242 per-

101 1260 227 1323 solvere
260 1261 434 1323 annuales.
469 1261 564 1324 Unde
595 1256 692 1323 nobis
723 1260 895 1322 humiliter

101 1357 310 1436 supplicavit,
317 1358 355 1419 ut
368 1374 469 1436 quum
481 1358 568 1421 idem
576 1359 786 1437 episcopatus
796 1358 895 1419 aliter

101 1455 247 1532 reparari
260 1471 330 1517 non
344 1455 460 1533 possit,
476 1456 606 1534 aliquas
630 1454 671 1519 de
693 1456 800 1534 ipsius
815 1470 896 1534 pos·

100 1551 302 1613 sessionibus
318 1552 525 1615 distrahendi
537 1553 718 1625 licentiam,
732 1567 793 1631 pro
807 1568 896 1630 prae-

100 1648 162 1711 fato
169 1648 285 1712 debito
293 1650 473 1713 relevando
480 1650 587 1713 eidem
597 1650 702 1713 electo
713 1650 894 1713 concedere

101 1747 325 1823 dignaremur.
354 1747 515 1821 Quocirca
539 1747 690 1812 districte
714 1747 809 1811 vobis
835 1763 895 1826 per

99 1843 289 1920 1666661166
309 1844 435 1923 scripta
448 1844 655 1918 mandamus,
678 1846 842 1923 quatenus
854 1845 894 1907 de

100 1939 202 2004 debito
215 1940 295 2019 ipso
307 1941 469 2018 inquisita
483 1941 675 2019 diligentius
689 1942 841 2016 veritate,
855 1958 894 2005 ac

101 2036 318 2100 consideratis
339 2038 598 2102 circumstantiis
623 2040 805 2112 universis,
833 2040 897 2102 ha-

100 2132 206 2197 bentes
219 2150 297 2212 prae
312 2134 418 2197 oculis
436 2135 542 2197 solum
557 2136 743 2212 Dominum,
766 2138 895 2199 tautum

99 2230 135 2293 de
148 2231 421 2309 possessionibus
442 2233 552 2294 minus
565 2233 703 2296 utilibus
716 2234 892 2307 vendendi,

100 2344 167 2390 cum
184 2329 298 2406 ipsius
320 2329 521 2406 patriarchae
540 2331 680 2393 consilio
699 2330 764 2393 sibi
789 2332 896 2394 licen-

99 2425 172 2488 tiam
198 2426 374 2500 tribuatis,
400 2427 559 2505 quantum
589 2428 631 2489 ad
661 2428 893 2491 allevationem

99 2521 196 2601 ipsius
210 2523 323 2587 debiti
335 2521 524 2604 (noveritis)
549 2526 718 2603 expedire,
734 2526 893 2590 attentius

100 2620 276 2697 provisuri,
292 2623 330 2683 ut
351 2636 392 2683 ne
412 2622 500 2684 dicta
522 2623 664 2684 ecclesia
684 2623 763 2685 inde
786 2623 893 2687 detri-

99 2718 237 2780 mentum
249 2718 414 2793 incurrat,
426 2719 513 2783 unde
529 2719 659 2781 consuli
669 2719 733 2782 sibi
746 2719 852 2793 debet,
861 2721 895 2784 et

100 2816 132 2877 ut
147 2816 296 2892 pretium
315 2818 483 2893 receptum
505 2831 549 2878 ex
570 2816 675 2878 eisin
696 2817 894 2880 solutionem

6 2956 7 3003 3
100 2910 190 2975 debili
203 2914 284 2975 sine
298 2913 517 2976 diminutione
531 2913 642 2992 aliqua
658 2915 891 2983 committatur.

6 3020 8 3037 1
101 3009 209 3073 batum
228 3013 351 3073 Romae
370 3010 457 3086 apud
480 3012 637 3074 Sanctum
654 3013 800 3085 Petrum,
819 3016 894 3077 XIV

100 3104 159 3168 kal.
170 3110 264 3180 ian„
276 3107 490 3186 pontificatus
505 3108 611 3172 nostri
626 3125 713 3181 anno
728 3111 847 3189 primo.

441 3295 548 3382 CVII

101 3472 146 3531 ld
170 3473 449 3546 archiepiscopos
478 3472 511 3535 et
542 3475 715 3549 episcopos
744 3473 778 3536 et
808 3476 892 3536 otios

286 3568 451 3643 prolatos
464 3572 697 3632 eccieuoram.

388 3680 423 3738 la
436 3680 499 3739 dec.
518 3681 597 3739 1216.

153 3801 292 3866 [suabila.
304 3802 409 3855 Tabulas
419 3802 517 3854 ordinis
525 3804 687 3866 Theutonici,
699 3805 753 3859 tab.
763 3805 832 3872 dub]

133 4168 312 4238 Honorius,
329 4184 445 4232 servus
461 4185 633 4231 servorum
648 4171 720 4242 Dei,
745 4189 889 4235 venera-

100 4259 211 4326 bilibus
223 4265 386 4328 fratribus
395 4266 657 4344 archiepiscopis
668 4271 702 4331 et
710 4270 886 4347 episcopis,

102 4359 131 4420 et
150 4360 279 4424 dilectis
301 4361 379 4423 tiliis
398 4362 475 4424 aliis
490 4363 707 4426 ecclesiarum
727 4366 885 4443 praelatis,

102 4455 137 4515 ad
159 4473 241 4535 quos
260 4458 382 4522 litterae
407 4459 481 4521 istae
498 4462 725 4538 pervenerint,
748 4463 888 4525 salutem

11 4550 12 4559 ’
102 4551 131 4612 et
142 4555 356 4631 apostolicam
368 4554 643 4619 benedictionem.

136 4651 212 4713 Cum
246 4652 379 4716 dilectis
411 4652 489 4715 illlis
522 4652 681 4717 fratribus
713 4656 887 4734 hospitalis

104 4745 222 4811 6666666
240 4750 360 4812 Mariae
381 4751 660 4814 Theutonicorum
678 4754 889 4816 ierosolimi-

104 4840 164 4904 tani
191 4861 212 4909 a
238 4847 325 4910 Sede
352 4847 541 4925 Apostolica
569 4849 613 4911 sit
640 4849 821 4924 indultum,
852 4854 888 4914 ut

103 4951 207 5003 eorum
218 4943 380 5006 fratribus
393 4945 468 5022 post
479 4944 599 5007 factam
612 4946 647 5007 in
660 4963 775 5009 eorum
789 4948 886 5012 domo

103 5038 333 5111 professionem
351 5040 424 5103 sine
442 5042 590 5120 ipsorum
603 5043 739 5106 licentia
757 5061 826 5108 non
844 5047 888 5108 li-

104 5135 168 5196 ceat
193 5137 363 5201 discedere
389 5138 431 5200 ab
456 5140 590 5216 eadem;
610 5157 670 5218 per
696 5144 886 5219 Apostolioa

13 5248 14 5299 j
105 5229 188 5293 robis
201 5236 325 5313 scripta
338 5236 549 5310 mandamus,
569 5238 732 5315 quatenus
753 5256 887 5303 eorum-

104 5323 171 5389 dem
183 5329 313 5406 fratres,
332 5350 414 5410 quos
428 5333 469 5396 ab
492 5334 639 5412 ipsorum
655 5335 750 5399 domo
772 5338 885 5401 disce-

105 5420 176 5485 dere
188 5429 373 5507 contigerit,
384 5430 519 5494 licentia
533 5447 599 5494 non
621 5432 764 5508 obtenta,
782 5438 817 5498 ut
831 5453 887 5500 re-

947 502 1097 580 ipsorum
1122 499 1262 563 fratrum
1287 516 1354 561 non
1372 500 1508 562 teneant
1527 499 1740 570 voluntatem,
1803 540 1807 545 «

948 598 1071 675 singuli
1093 614 1152 676 per
1171 614 1248 660 suas
1270 597 1440 669 dioeceses,
1457 597 1639 659 monitione
1651 610 1742 673 prae·

948 694 1050 756 missa
1062 710 1307 773 percensuram
1320 695 1581 757 ecclesiasticam
1594 692 1745 770 appella-

947 792 1038 855 tione
1057 792 1249 869 postposita,
1261 792 1477 869 compellatis.
1494 792 1612 853 Datum
1630 793 1745 852 Romae

948 889 1034 966 apud
1048 889 1204 951 Sanctum
1217 889 1362 961 Petrum,
1378 892 1453 951 XIV
1462 889 1746 965 kalendasjanua-

946 986 1003 1057 rii,
1019 985 1230 1063 pontificatus
1245 988 1351 1049 nostri
1365 1002 1452 1048 anno
1467 987 1584 1064 primo.

1282 1184 1408 1271 CVIII

1067 1363 1121 1422 Ari
1134 1364 1329 1438 episcopum
1347 1364 1622 1426 Noviomeusem.

1244 1475 1279 1533 26
1291 1474 1353 1534 dec.
1371 1475 1450 1533 1216.

995 1596 1101 1661 (Regest.
1112 1597 1157 1648 lib.
1169 1598 1191 1659 1,
1200 1598 1274 1663 epist.
1286 1598 1339 1649 las.
1351 1600 1409 1651 1166.
1420 1599 1457 1650 La
1465 1600 1539 1650 Porta
1548 1598 1583 1649 du
1595 1597 1689 1659 lircil.)

949 1736 1077 1813 injungit
1093 1747 1125 1798 ut
1143 1740 1242 1814 puniat
1255 1740 1395 1813 quosdam
1409 1741 1564 1799 canonicos
1578 1741 1746 1799 monasterii

985 1828 1013 1886 S.
1032 1827 1232 1886 bartholomaei
1248 1830 1459 1900 Noviomcnsrs,
1480 1836 1519 1898 et,
1538 1829 1563 1887 si
1578 1844 1636 1886 non
1655 1830 1743 1887 corri-

984 1922 1122 1990 gantur,a
1133 1916 1209 1976 dicto
1219 1917 1393 1976 monasterio
1402 1925 1430 1975 ct
1443 1917 1478 1977 ab
1488 1919 1551 1975 aliis
1561 1918 1745 1976 monasteriis

984 2002 1114 2077 eiusdem
1128 2005 1317 2064 observantis
1329 2015 1486 2065 removeat.

987 2149 1165 2223 Honorius,
1182 2150 1257 2224 etc,
1273 2151 1459 2213 venerabili
1474 2151 1571 2213 fratri
1588 2153 1743 2228 episcopo

948 2246 1145 2309 Noviomen.

988 2343 1134 2406 Dilectus
1155 2344 1244 2406 filius
1265 2343 1367 2407 abbas
1388 2346 1495 2408 sancti
1509 2345 1745 2408 Bartholomaei

948 2441 1144 2503 Noviomen.
1165 2441 1293 2504 ordinis
1314 2442 1420 2504 sancti
1447 2443 1625 2519 Augustini
1648 2443 1744 2505 nobis

948 2536 1120 2600 humiliter
1133 2540 1344 2617 supplicavit,
1369 2541 1407 2602 ut
1429 2556 1529 2618 quum
1552 2541 1687 2618 quidam
1701 2540 1742 2601 de

948 2635 1118 2719 canonicis
1129 2637 1199 2698 suis
1209 2637 1454 2714 incorrigibiles
1463 2637 1643 2699 etrebelles
1654 2638 1744 2716 quie-

948 2733 1014 2795 tem
1026 2732 1131 2811 ipsius
1145 2733 1339 2796 monasterii
1351 2750 1440 2812 saepe
1449 2734 1593 2808 turbent,
1609 2735 1742 2797 eosdem

948 2829 1132 2893 faceremus
1155 2831 1304 2908 regulari
1330 2832 1537 2894 districtione
1562 2832 1739 2910 compesci.

948 2928 1029 2989 Cum
1040 2928 1145 3005 igitur
1156 2929 1223 2991 loci
1239 2929 1448 2991 dioecesanus
1462 2931 1599 3002 existas,
1616 2930 1739 2995 frater-

946 3025 1044 3088 nitati
1054 3026 1121 3089 tuae
1132 3041 1192 3103 per
1203 3027 1386 3103 apostolica
1396 3027 1520 3105 scripta
1532 3027 1739 3099 mandamus,

948 3123 1109 3202 gulatenus
1124 3125 1227 3185 Deum
1241 3123 1368 3185 habens
1383 3140 1452 3202 prae
1470 3124 1586 3198 oculis,
1602 3126 1741 3187 canoni-

947 3236 1004 3283 cos
1019 3234 1101 3298 quos
1114 3220 1150 3281 in
1172 3220 1288 3282 eodem
1309 3222 1512 3306 monasterio
1526 3222 1647 3300 quietis
1670 3221 1742 3283 fra-

945 3318 1034 3380 trum
1075 3317 1271 3381 inveneritis
1305 3318 1507 3392 turbatores,
1542 3319 1742 3396 regulariter

947 3430 1069 3492 arguas
1089 3415 1124 3477 et
1141 3415 1295 3492 castiges,
1318 3417 1351 3478 et
1369 3416 1398 3477 si
1420 3431 1477 3479 eos
1496 3416 1741 3493 incorrigibiles

946 3528 1020 3575 esse
1045 3513 1240 3587 constiterit,
1268 3529 1310 3575 ne
1338 3529 1546 3591 perpaucas
1573 3513 1740 3575 morbidas

946 3625 1024 3672 oves
1051 3626 1135 3688 grex
1159 3612 1250 3674 inlici
1275 3611 1386 3673 valeat
1414 3611 1608 3682 universus,
1636 3612 1738 3688 ipsos,

945 3707 1074 3771 sublato
1100 3709 1334 3787 appellationis
1359 3709 1545 3780 obstaculo,
1567 3723 1739 3770 removeas

944 3805 986 3866 ab
1001 3805 1116 3867 eodem
1130 3807 1167 3868 in
1185 3806 1261 3868 aliis
1277 3804 1487 3867 monasteriis
1508 3804 1657 3882 eiusdem
1674 3802 1737 3865 ob-

944 3903 1122 3965 servantiae
1136 3903 1178 3964 ad
1202 3902 1365 3978 agendum
1385 3902 1612 3979 poenitentiam
1634 3900 1740 3962 collo-

942 4000 1065 4072 cando,
1082 3999 1341 4063 contradictores
1361 4013 1614 4075 percensuram
1634 3998 1738 4059 eccle·

943 4097 1112 4159 siastioam
1125 4095 1373 4174 compescendo.
1388 4096 1507 4157 Datum
1520 4098 1633 4159 Romae
1648 4095 1736 4173 apud

945 4193 1101 4255 Sanctum
1118 4193 1263 4265 Petrum,
1285 4194 1363 4254 Xlll
1387 4191 1549 4254 kalendas
1573 4190 1735 4269 januarii,

943 4290 1153 4368 pontificatus
1168 4290 1273 4353 nostri
1287 4305 1375 4351 anno
1390 4289 1508 4367 primo.

1297 4502 1381 4589 uix

941 4684 993 4744 Ad
1020 4683 1194 4757 episcopos
1217 4681 1251 4742 et
1271 4680 1408 4742 abbates
1427 4694 1495 4753 per
1511 4680 1737 4753 campaniam

980 4777 1201 4840 Maritimum
1218 4776 1253 4839 et
1268 4778 1403 4838 terram
1414 4777 1558 4837 Laboris
1568 4774 1737 4835 666661666-

982 4876 1044 4937 tos.

1233 4967 1267 5025 27
1282 4964 1344 5024 dec.
1360 4965 1438 5024 1216.

941 5091 1121 5158 [liondiniuua
1140 5089 1288 5142 llonasterii
1308 5089 1509 5221 6ἷῃ6666616116
1521 5089 1606 5142 brevis
1618 5090 1735 5149 historia,

1285 5184 1311 5235 r·
1370 5170 1389 5235 -i

992 5306 1150 5367 Committit
1165 5303 1362 5387 defensionem
1382 5303 1499 5363 fratrum
1517 5303 1680 5364 casemarii

1174 5395 1371 5454 cisterciensis
1382 5394 1498 5451 ordinis.

106 5523 265 5587 vertamur
289 5525 332 5588 ad
358 5526 476 5604 ipsam,
499 5544 538 5591 ac
564 5529 650 5603 illos,
678 5531 720 5593 ad
746 5549 886 5610 quorum
980 5501 1233 5595 venerabilibus
1256 5529 1414 5593 fratribus
1437 5526 1612 5605 episcopis
1634 5527 1666 5589 et
1690 5528 1737 5589 ci-

14 5632 17 5697 r
108 5623 259 5686 consortia
284 5640 322 5686 so
347 5625 591 5699 transtulerint,
618 5630 653 5690 ut
680 5645 737 5692 eos
770 5634 885 5696 contra
941 5629 1036 5693 lectis
1057 5628 1135 5690 liliis
1164 5627 1355 5700 abbatibus,
1390 5625 1571 5704 prioribus,
1598 5626 1631 5688 et
1658 5626 1735 5688 aliis
