3968 6204
179 234 218 295 sl
648 230 825 292 nononn
846 229 892 289 111
914 206 1063 292 orum.
1080 259 1118 275 -
1133 231 1366 301 sennense.
1792 247 1834 307 32

182 394 260 455 tero
275 394 365 455 titius
384 390 640 466 ampuocouur
658 386 975 468 me(cant.v111,3).
1032 390 1111 453 Haec
1125 391 1177 455 θεῖ
1198 408 1277 455 area
1295 394 1356 457 illa
1369 395 1452 469 Noe,
1474 411 1533 474 per
1551 413 1650 476 quam
1664 400 1831 467 salvatum

180 494 286 553 Laeou
299 493 385 562 ejus,
411 488 506 561 idest,
527 487 723 564 temporalia
744 485 831 547 bona
845 485 906 547 sub
921 501 979 547 ca·
1032 488 1084 549 est
1096 504 1201 565 genus
1215 489 1408 555 humanum.
1428 495 1508 556 Haec
1526 498 1577 559 est
1590 496 1693 560 nibus
1711 500 1748 561 in
1762 517 1828 579 quo

181 589 248 666 pite
262 602 347 659 meo,
364 585 460 657 idest,
484 584 546 645 sub
568 583 688 644 mente.
709 584 804 644 Mens
823 584 912 644 enim
927 584 978 645 est
1033 587 1187 662 apparuit
1218 589 1378 652 Dominus
1411 592 1533 669 Moysi,
1568 594 1626 672 qui
1652 594 1829 661 videbatur

182 684 441 762 caputrationis,
456 681 543 759 quod
556 696 649 741 mens
660 697 733 741 mea
748 680 887 757 despicit
899 681 979 742 tem·
1032 683 1165 759 ardere3
1178 685 1256 761 qma
1266 685 1405 761 gravffla
1417 689 1548 765 quidem
1559 694 1830 772 apparuitvirgo,

181 783 320 862 poralta,
349 782 384 844 et
409 780 557 841 deutoro
583 782 688 851 iltius,
715 779 811 850 idest,
828 779 977 841 coelestia
1033 780 1165 856 quando
1189 782 1325 844 inventa
1351 786 1402 846 est
1424 785 1459 846 in
1480 789 1574 850 utero
1598 789 1746 852 habens:
1772 793 1831 854 sed

180 877 458 957 amplexabuntur
485 891 553 947 me,
583 874 679 947 idest,
695 875 833 937 trahunt
857 891 910 936 me
935 875 977 936 ad
1032 893 1100 938 non
1115 877 1380 951 comburebatur,
1395 882 1482 959 quod
1502 884 1580 961 igne
1598 885 1748 950 libidinis
1762 905 1832 952 non

180 991 327 1039 amorem
339 989 446 1047 suum,
463 972 501 1035 ut
512 972 660 1034 coelestia
670 972 818 1050 diligam,
831 988 898 1034 non
907 973 978 1034 ter-
1032 976 1084 1036 est
1097 977 1304 1054 consumpta,
1326 994 1366 1040 eo
1388 980 1475 1056 quod
1497 981 1537 1043 de
1562 983 1687 1060 Spiritu
1709 987 1830 1049 Sancto

179 1089 274 1141 rena,
288 1072 373 1150 quod
387 1071 499 1133 omnia
514 1070 681 1131 mundana
693 1071 725 1132 et
738 1071 872 1132 terrena
884 1071 979 1131 tran·
1032 1074 1105 1134 erat
1119 1071 1247 1134 habens
1263 1073 1299 1135 iu
1313 1076 1418 1138 utero.
1436 1078 1499 1140 Hic
1514 1080 1564 1141 est
1580 1078 1719 1143 thronus
1732 1099 1831 1160 quern

180 1170 288 1239 seunt,
315 1171 401 1232 sicut
427 1171 575 1231 Joannes
598 1168 805 1245 evangelista
826 1167 861 1228 in
882 1167 977 1245 epis·
1030 1184 1093 1232 rex
1117 1171 1273 1233 Salomon
1296 1171 1376 1235 tecit
1395 1174 1459 1236 sibi
1478 1175 1519 1237 de
1542 1176 1643 1239 ebore
1656 1181 1828 1255 grandem,

178 1268 249 1331 tola
261 1291 268 1328 :
282 1269 396 1331 Nolite
404 1271 548 1343 diligere
557 1269 725 1329 muudum
732 1280 841 1340 oeque
850 1279 892 1327 eo
901 1281 978 1339 ouae
1032 1266 1164 1343 quando
1179 1268 1358 1331 candorem
1371 1271 1560 1348 virgineum
1575 1274 1638 1335 sihi
1653 1275 1689 1336 in
1703 1276 1831 1340 habita·

178 1369 217 1428 iu
239 1368 367 1427 muodo
388 1365 481 1437 scirit,
508 1366 597 1438 quod
621 1366 771 1425 arundus
797 1362 926 1424 transit
943 1362 978 1423 et
1032 1363 1143 1424 otrlum
1166 1365 1343 1437 dedicarit,
1368 1369 1402 1430 et
1424 1368 1576 1433 introivit
1598 1388 1659 1449 per
1681 1372 1829 1436 clausam

179 1462 454 1537 coucupiscentia
474 1464 549 1534 ejus
566 1457 595 1539 (Ι
612 1462 708 1523 Joan.
722 1474 759 1533 11,
773 1457 837 1539 15).
854 1461 895 1521 Εῖ
910 1461 975 1521 Sa·
1030 1462 1161 1538 portam
1197 1463 1256 1525 lux
1290 1466 1324 1526 et
1360 1465 1462 1527 decus
1497 1469 1663 1532 universae
1693 1470 1830 1535 fahncae

181 1559 293 1621 lomon
309 1581 317 1620 :
348 1563 423 1621 Vidi
436 1559 560 1620 cuucto
577 1572 654 1633 quir
665 1558 753 1631 (tuat
772 1560 927 1631 sudreie,
943 1558 978 1619 et
1030 1559 1155 1620 mundi.
1173 1561 1236 1623 Hic
1250 1562 1301 1625 θεῖ
1313 1562 1493 1638 thalamus,
1508 1564 1550 1628 de
1564 1583 1629 1644 quo
1642 1567 1691 1628 ait
1702 1568 1827 1631 David:

180 1672 255 1720 cccc
276 1661 443 1719 uniuersa
466 1658 625 1729 oouttos;
648 1654 749 1735 (licei.
771 1670 794 1728 1,
818 1654 870 1735 14)
890 1655 975 1733 quod
1033 1659 1223 1731 Tamquam
1240 1674 1388 1735 sponsus
1401 1665 1570 1726 Dominus
1579 1667 1769 1739 procedens
1787 1669 1830 1729 dc

180 1755 366 1817 substantia
378 1755 479 1833 hurjus
500 1754 614 1815 mundi
632 1754 901 1830 esttransitoria,
916 1754 976 1815 illa
1031 1756 1180 1817 thalamo
1199 1771 1263 1819 suo
1290 1755 1394 1837 (Psal.
1416 1760 1464 1831 18,
1482 1757 1528 1840 6).
1554 1762 1634 1824 Haeo
1662 1762 1713 1824 θεῖ
1733 1763 1830 1839 virga

179 1854 221 1915 de
242 1853 326 1915 coelo
348 1853 522 1931 perpetum
545 1853 610 1914 ista
629 1852 716 1925 vilis,
734 1852 794 1914 illa
812 1853 973 1929 pretiosa3
1029 1853 1152 1926 Aaron,
1178 1869 1252 1930 quae
1275 1854 1354 1916 licet
1376 1853 1477 1918 fuerit
1499 1856 1595 1918 arida
1618 1857 1660 1918 ab
1686 1858 1828 1921 humore

179 1951 244 2013 ista
258 1953 404 2021 terrena,
424 1950 482 2012 illa
495 1950 621 2013 divina.
638 1951 719 2012 ltem
734 1966 793 2028 per
804 1950 975 2013 dexteram
1028 1947 1131 2018 virili,
1146 1949 1257 2012 subito
1282 1951 1394 2013 tamen
1418 1967 1555 2029 germen
1569 1954 1716 2031 protulit,
1739 1955 1773 2019 et
1792 1956 1831 2018 iu

179 2050 239 2112 Dei
253 2049 472 2126 intelligimus
490 2048 593 2110 uitam
611 2048 772 2123 futuram3
790 2064 851 2125 per
868 2046 974 2109 sinis-
1028 2044 1172 2108 fructum
1185 2047 1320 2109 uberius
1333 2050 1519 2126 pullulavit

178 2147 276 2221 tram,
291 2149 508 2224 intelligimus
520 2147 622 2209 vitam
637 2148 846 2223 praesentem.
863 2147 975 2208 nstitit
1068 2145 1148 2207 Haec
1157 2148 1267 2208 autem
1274 2147 1381 2224 virga,
1390 2147 1619 2221 iratres,hunc
1629 2148 1747 2211 florem
1755 2165 1831 2228 por·

178 2262 258 2324 ergo
277 2246 395 2324 regina
412 2261 432 2307 a
447 2244 573 2317 dextris
592 2244 664 2327 Dei,
681 2244 767 2321 quod
785 2245 887 2306 Beata
900 2244 975 2306 Ma·
1028 2241 1120 2314 tavit,
1134 2242 1266 2319 quando
1281 2247 1382 2306 Beata
1396 2245 1504 2307 Maria
1521 2246 1641 2308 Filium
1657 2262 1755 2308 suum
1766 2249 1829 2309 Do·

177 2346 231 2408 ria
248 2361 323 2406 cum
339 2342 479 2414 Christe,
497 2342 593 2414 idest,
610 2357 685 2403 cum
697 2341 766 2404 filio
781 2358 841 2404 suo
855 2341 975 2404 trium·
1027 2340 1155 2399 minum
1170 2340 1321 2402 nostrum
1337 2342 1489 2419 concepit
1509 2344 1582 2405 sine
1603 2343 1752 2406 libidinis
1770 2360 1828 2407 vo·

178 2442 342 2521 pharitio
368 2440 472 2502 coelis.
482 2438 577 2502 'Item
591 2455 652 2517 per
665 2439 835 2502 dexteram
849 2440 975 2502 intelli·
1027 2436 1164 2513 luptate,
1173 2436 1245 2499 sine
1253 2440 1364 2500 carnis
1373 2439 1620 2515 commixtione,
1628 2442 1702 2503 sine
1709 2445 1825 2519 partus

176 2540 268 2618 gitur
290 2539 410 2616 gratia,
432 2553 492 2615 per
512 2552 611 2615 quam
634 2537 713 2599 boni
730 2537 971 2615 justificantur3
1026 2533 1153 2607 dolore,
1164 2535 1418 2599 cummunditiae
1427 2538 1583 2615 puritate,
1592 2555 1665 2600 cum
1675 2540 1824 2617 corporis

178 2654 238 2716 per
262 2638 444 2709 sinistram,
469 2635 714 2697 demonstratur
738 2636 790 2696 ira
817 2636 889 2708 Dei,
914 2651 974 2713 per
1027 2630 1229 2708 integritate,
1243 2634 1336 2696 salvo
1353 2634 1464 2710 sigillo
1476 2635 1659 2715 ¹virginalis
1675 2636 1825 2713 pudoris.

178 2753 277 2814 quam
290 2734 371 2796 mali
385 2735 419 2796 et
432 2732 568 2811 pessimi
583 2733 792 2795 damnantur.
810 2734 882 2795 Stat
893 2749 973 2810 ergo
1027 2729 1090 2790 Hic
1105 2745 1183 2806 ergo
1199 2730 1260 2791 llos
1279 2730 1320 2792 de
1334 2731 1448 2793 radice
1462 2734 1556 2794 Jesse
1570 2733 1721 2795 ascendit
1732 2734 1767 2794 in
1779 2734 1827 2794 al·

177 2833 295 2910 regina
318 2849 339 2894 a
360 2832 486 2894 dextris
506 2831 567 2892 tilii
585 2831 648 2904 sui,
668 2832 747 2908 quia
759 2831 905 2909 quotidie
917 2848 974 2894 ro-
1027 2825 1098 2887 tum
1107 2827 1251 2904 quidem,
1263 2829 1320 2906 qui
1332 2830 1512 2907 assumpsit
1523 2830 1688 2908 primitias
1700 2831 1824 2894 nostrae

177 2932 234 3009 gat
257 2932 363 2992 tilium
387 2946 483 2992 suum
498 2930 535 2990 ut
555 2928 731 2990 distribuat
748 2929 891 3005 gratiam
909 2929 974 2990 im-
1028 2939 1147 2986 massae
1168 2941 1207 2987 eo
1227 2926 1313 3004 quod
1328 2927 1500 3003 ingressus
1514 2930 1565 2989 est
1576 2928 1733 2989 mundum
1749 2929 1823 2991 sine

176 3029 384 3107 patrantibus
424 3026 587 3089 auxilium
623 3042 730 3089 suum.
768 3027 847 3099 Quis
885 3028 974 3089 enim
1027 3022 1168 3096 macula,
1192 3024 1225 3085 et
1248 3026 1419 3101 peccatum
1443 3041 1509 3087 non
1533 3024 1622 3096 tecit,
1645 3042 1706 3087 nec
1728 3025 1826 3087 dolus

176 3128 295 3189 devote
313 3125 480 3187 invocavit
501 3141 586 3193 eam,
604 3126 638 3187 et
652 3140 719 3185 non
734 3126 785 3185 θεῖ
797 3125 974 3188 exauditus
1027 3120 1181 3183 inventus
1203 3124 1254 3185 est
1274 3122 1310 3183 in
1329 3138 1387 3185 ore
1406 3125 1489 3202 ejus.
1510 3125 1600 3186 Talis
1614 3126 1675 3196 est,
1691 3123 1823 3196 fratres,

176 3225 292 3286 abeat
312 3227 388 3301 Ipsa
403 3224 454 3285 θεῖ
473 3224 580 3284 mater
602 3222 751 3299 pulchrae
770 3222 970 3297 dilectionis,
1027 3218 1124 3294 virga
1146 3220 1272 3293 nostra,
1294 3220 1374 3281 talis
1397 3221 1447 3282 est
1463 3223 1566 3283 Beata
1579 3221 1682 3298 Virgo
1705 3220 1823 3294 Maria,

174 3321 316 3394 timoris,
334 3322 366 3383 et
380 3321 503 3383 sanctae
518 3320 601 3398 spei.
1026 3315 1105 3377 talis
1135 3318 1186 3377 est
1212 3317 1310 3379 stella
1335 3318 1460 3394 maris3
1487 3318 1565 3380 talis
1600 3320 1701 3380 etiam
1730 3318 1828 3381 debet

217 3422 260 3482 Ut
288 3435 367 3496 ergo
397 3418 544 3480 breviter
574 3418 736 3491 dicamus,
770 3419 844 3496 ipsa
869 3420 973 3482 Beata
1027 3427 1101 3474 esse
1116 3414 1230 3475 anima
1243 3416 1370 3485 nostra,
1384 3417 1420 3477 ut
1441 3416 1545 3493 possit
1566 3416 1732 3477 tirristum
1745 3433 1828 3478 oon-

175 3518 279 3595 Virgo
303 3518 354 3579 est
374 3515 460 3578 liber
484 3515 710 3593 generationis
737 3519 818 3579 iesu
836 3517 970 3589 Christi,
1028 3511 1150 3588 cipere,
1174 3512 1341 3589 parturire
1354 3514 1389 3575 et
1401 3529 1532 3590 parere.
1549 3515 1574 3575 0
1594 3517 1699 3590 virgae
1720 3515 1825 3576 recti-

176 3619 271 3694 cujus
289 3614 443 3692 quaterni
459 3613 537 3676 eunt
554 3613 671 3689 gratiae
692 3613 895 3688 differentes,
913 3631 974 3677 cu·
1026 3609 1118 3681 tudo,
1135 3626 1155 3670 o
1176 3609 1269 3671 floris
1282 3610 1510 3689 pulchritudo!
1526 3612 1628 3674 Beata
1643 3613 1738 3688 virga
1751 3628 1826 3689 quae

169 3716 227 3792 jus
241 3712 322 3775 solia
335 3712 389 3774 vel
403 3712 527 3773 chamae
543 3710 619 3772 sunt
631 3711 771 3774 virtutes
785 3712 972 3774 innumera·
1026 3705 1127 3769 talem
1151 3707 1268 3770 florem
1290 3708 1457 3786 produxit,
1483 3710 1584 3771 immo
1607 3708 1706 3771 beata
1729 3710 1826 3785 virga

174 3809 277 3883 biles,
304 3812 399 3887 cujus
429 3808 548 3871 litteren
573 3824 686 3869 aureae
706 3809 782 3870 sunt
800 3810 917 3886 gloriae
940 3811 973 3873 et
1027 3819 1100 3881 quae
1134 3806 1237 3868 talem
1272 3806 1416 3868 fructum
1451 3807 1594 3884 peperit,
1630 3807 1824 3869 benedictus

175 3907 368 3985 splendores
393 3905 656 3983 supercoelestes.
683 3908 785 3968 Beata
804 3908 906 3984 Virgo
921 3910 973 3970 est
1025 3905 1142 3965 venter
1163 3904 1251 3977 tuus,
1274 3906 1308 3964 et
1329 3904 1523 3965 benedictus
1547 3905 1673 3966 fructus
1697 3905 1824 3966 ventris

174 4005 260 4067 liber
282 4008 378 4082 cujus
405 4004 526 4065 litterae
553 4019 621 4065 non
652 4003 815 4077 delentur,
848 4005 884 4066 in
907 4022 971 4083 quo
1025 4000 1085 4062 tui.
1107 4003 1132 4062 0
1153 4017 1232 4063 rere
1255 4016 1378 4063 norum
1406 4000 1492 4077 quod
1516 3999 1616 4062 hodie
1637 4001 1716 4062 tecit
1735 4005 1825 4063 Deus

174 4118 289 4163 omnes
304 4100 428 4162 sanctae
445 4100 568 4161 animae
584 4098 828 4175 describuntur,
847 4101 882 4163 ut
896 4118 971 4164 oum
1026 4114 1126 4175 super
1146 4100 1270 4160 terram
1294 4097 1380 4176 quod
1405 4097 1500 4158 stella
1531 4097 1646 4167 solem,
1669 4100 1825 4162 creatura

173 4200 248 4277 ipsa
260 4200 362 4260 Beata
372 4198 510 4273 Virgine
522 4197 688 4275 accipiant
699 4201 826 4274 partem
841 4199 969 4276 gloriae,
1025 4197 1219 4268 creatorem,
1247 4195 1317 4256 tilia
1345 4196 1473 4272 patrem
1500 4196 1661 4274 concepit.
1688 4199 1735 4259 De
1759 4197 1828 4259 lrac

173 4297 266 4359 etin
292 4295 366 4373 ipsa
397 4295 563 4373 accipiant
587 4295 730 4357 fructum
753 4296 841 4359 vitae.
869 4299 971 4360 Beata
1025 4293 1121 4355 stella
1151 4293 1362 4370 prophetarit
1386 4292 1523 4353 Balaam
1548 4294 1680 4370 quando
1705 4294 1791 4356 dixit
1816 4317 1823 4355 :

173 4395 277 4471 Virgo
309 4397 360 4455 est
388 4392 472 4454 liber
504 4394 655 4469 signatus
683 4394 808 4469 septem
836 4395 968 4471 sigillis,
1025 4391 1273 4454 orietursteito
1287 4405 1333 4453 cor
1346 4393 1460 4463 Jacob,
1475 4391 1508 4452 et
1523 4391 1709 4467 consurget
1723 4395 1826 4468 virgo

176 4492 274 4563 idest,
297 4492 393 4552 donis
407 4491 524 4568 gratiae
540 4490 755 4568 septiformis,
776 4492 822 4553 ita
843 4495 879 4554 ut
893 4510 971 4570 pos·
1024 4504 1072 4551 cor
1089 4492 1212 4561 irruet,
1229 4490 1263 4550 et
1287 4492 1328 4552 de
1344 4491 1446 4550 Jocoo
1465 4490 1534 4551 erit
1548 4492 1607 4564 qui
1627 4490 1826 4551 dominetur

174 4590 278 4651 simus
294 4589 406 4651 dicere
422 4610 429 4649 ε
450 4588 614 4666 requievit
633 4604 733 4666 super
747 4605 820 4650 eam
833 4591 970 4667 spiritus
1026 4586 1138 4667 (Num.
1154 4603 1248 4659 xxrv,
1267 4589 1316 4659 17,
1332 4585 1396 4667 19).

173 4688 346 4766 sapientiae
366 4688 399 4749 θῖ
412 4687 612 4759 intellectus,
636 4688 772 4763 spiritus
794 4688 926 4749 consilii
939 4690 971 4751 et
1064 4686 1179 4748 Oritur
1189 4686 1294 4761 igitur
1302 4684 1353 4746 sol
1364 4686 1404 4746 de
1416 4684 1524 4757 stella,
1537 4685 1569 4746 et
1579 4683 1825 4746 demonstratur

173 4786 388 4856 tortitudinis,
408 4784 544 4862 spiritus
568 4785 716 4846 scientiae
736 4785 769 4846 et
789 4785 923 4862 pietatis
938 4788 971 4848 et
1025 4782 1822 4860 soiperstellam.Eratenimstellainaere,stella

173 4884 316 4961 replevit
334 4899 406 4944 eam
422 4883 559 4960 spiritus
572 4883 702 4944 timoris
717 4883 859 4945 Domini.
876 4883 970 4946 Unde
1024 4882 1059 4942 in
1084 4883 1189 4953 terra,
1209 4880 1260 4942 sol
1284 4880 1320 4941 in
1346 4879 1508 4957 praesepio
1527 4900 1534 4939 ε
1556 4879 1652 4941 stella
1679 4880 1713 4940 in
1732 4895 1822 4953 aere,

172 4985 321 5062 legitur:
354 4986 483 5047 Rorate
515 4989 589 5047 cccii
614 4988 773 5058 msiiper,
807 4987 842 5047 et
865 4989 971 5049 nudes
1024 4994 1143 5056 corpus
1158 4978 1241 5039 illud
1256 4977 1420 5052 lucidum;
1441 4977 1587 5038 8111118111
1602 4977 1822 5053 terra,Virgo

168 5083 460 5160 nicromanticum
474 5084 659 5159 operiatur
677 5084 775 5144 terro
791 5085 970 5160 oipcmui·
1024 5076 1147 5151 Maria3
1175 5076 1224 5137 sol
1249 5076 1285 5136 in
1311 5075 1491 5153 praesepio,
1521 5074 1669 5135 Christus
1695 5075 1820 5137 noster.

173 5184 233 5244 uei
251 5181 468 5244 salvotorem
487 5178 544 5258 (ls.
558 5195 635 5251 xnv,
653 5178 699 5259 7).
722 5181 801 5243 Haec
816 5183 866 5242 est
880 5182 969 5242 terra
1026 5173 1128 5235 Stella
1142 5174 1178 5234 tn
1193 5188 1272 5235 aere
1287 5172 1327 5234 de
1343 5188 1408 5249 qua
1420 5171 1560 5247 legimus
1571 5171 1606 5231 in
1618 5171 1822 5247 Evangelio:

173 5280 232 5341 illa
243 5278 344 5340 rubra
355 5279 395 5339 de
408 5293 472 5355 qua
482 5276 642 5338 formatus
650 5280 702 5339 est
713 5278 840 5354 primus
852 5279 967 5351 Adam,
1030 5274 1182 5334 Vidimus
1205 5275 1299 5333 euim
1317 5271 1452 5332 stellam
1469 5271 1545 5342 ujiu
1568 5271 1606 5329 iu
1626 5271 1771 5342 oriente,
1788 5272 1824 5333 et

175 5378 231 5454 qui
245 5377 308 5438 tuit
319 5375 426 5438 torma
439 5375 538 5453 primi
551 5375 641 5449 Adae,
657 5376 713 5453 qui
726 5377 857 5453 quando
872 5377 971 5438 incli-
1024 5374 1183 5433 verrimus
1196 5372 1347 5431 odorare
1358 5382 1438 5430 erim
1450 5366 1581 5446 (Matth.
1598 5383 1634 5439 n,
1654 5366 1700 5446 2).
1718 5368 1822 5431 Stella

175 5474 267 5535 navit
293 5476 393 5536 coelos
415 5475 449 5535 et
471 5473 651 5547 descendit,
673 5475 798 5536 veritas
822 5474 862 5535 de
880 5475 970 5536 terra
1025 5468 1061 5529 iu
1081 5470 1172 5530 terra
1198 5467 1238 5529 de
1264 5482 1329 5544 qua
1349 5466 1486 5527 Balaam
1506 5466 1663 5544 praediuit
1683 5465 1718 5526 in
1737 5481 1820 5543 pro-

174 5570 247 5632 orta
259 5573 319 5646 est,
332 5574 365 5633 et
376 5573 466 5634 terra
479 5573 593 5634 nostra
606 5571 695 5656 dedit
705 5570 848 5633 fructum
861 5586 968 5633 summ.
1025 5566 1138 5644 phetia
1170 5582 1230 5628 sua
1252 5588 1259 5626 :
1281 5566 1422 5628 orietur
1447 5566 1545 5628 stolia
1576 5579 1623 5626 cu
1649 5567 1762 5637 Jocod,
1787 5566 1822 5627 ct
