3980 6206
868 274 1043 342 HONORII
1067 280 1111 341 111
1133 277 1278 345 OPERA.

562 470 733 558 cultu

250 616 302 676 An
327 616 522 689 comcopnm
548 613 815 675 Butbmttensem
838 613 1044 686 einnonem

366 711 637 785 conventumque
656 710 920 772 Gtcstontenscs.

538 834 656 890 limati
677 831 754 891 itit.

327 939 457 1003 [wilkins
468 939 564 990 Concil.
575 938 715 990 Britannia
724 945 751 989 et
761 937 855 996 Hiber„
867 940 887 996 l,
898 938 966 1000 sos]

248 1048 489 1120 compositionem
505 1047 579 1103 inter
593 1047 760 1120 episcopum
782 1044 1004 1103 bathoniensem
1017 1051 1045 1102 et

297 1144 470 1195 conventum
481 1135 710 1194 Gtastouiensem
722 1134 822 1191 initam
834 1133 995 1191 conflrmat.

290 1254 467 1326 Honorius,
502 1268 619 1314 servus
643 1267 814 1313 servorum
836 1250 906 1319 Dei,
927 1266 1042 1312 vener.

250 1350 345 1415 tratri
371 1346 526 1429 episcopo
550 1345 690 1411 Bathon.
712 1351 851 1428 ejusque
873 1364 1046 1410 successo-

250 1450 353 1512 ribus.

291 1550 370 1609 Cum
388 1546 474 1609 inter
496 1542 541 1619 te,
566 1546 599 1608 et
618 1545 774 1623 priorem,
792 1542 825 1606 et
848 1546 1044 1606 conventum

241 1643 399 1723 ¹(lieston.
418 1660 517 1722 super
538 1644 661 1705 unione
676 1643 769 1705 Batb.
786 1644 818 1704 et
834 1642 980 1705 Glaston.
996 1658 1047 1704 ec·

251 1740 440 1813 etesiarum,
458 1756 555 1818 quam
569 1739 632 1816 ipsi
642 1736 780 1800 dissolvi
791 1739 955 1817 petebant,
969 1738 1047 1800 tuis·

252 1841 302 1901 set
315 1838 453 1917 quaestio
471 1837 595 1899 diutius
615 1837 777 1912 agitata...
802 1838 909 1898 Nos...
929 1853 1043 1898 tener.

251 1936 348 1998 tratri
371 1936 485 1997 nostro
512 1937 551 1995 R.
576 1933 748 1995 saresbur.
770 1934 936 2011 episcopo,
959 1936 993 1995 et
1007 1936 1043 1994 P.

251 2033 430 2094 Norvicen.
447 2032 563 2103 electo,
588 2028 772 2093 camerario
796 2032 922 2103 nostro,
951 2031 1046 2092 Sedis

250 2130 448 2208 Apostolicae
472 2129 593 2205 legato,
612 2128 734 2190 nostris
756 2126 907 2190 dedimus
925 2128 1046 2191 litteris

252 2227 287 2289 in
310 2225 486 2300 mandatis,
513 2226 634 2289 uttam
656 2227 700 2295 te,
727 2243 825 2304 quam
850 2227 996 2304 priorem
1014 2228 1047 2287 et

167 2386 169 2390 .
252 2328 450 2387 conventum
471 2323 647 2401 praedictos
672 2325 712 2385 ad
736 2318 948 2385 concordiam
968 2340 1048 2402 pru-

252 2422 367 2484 denter
382 2422 545 2484 noverint.
564 2422 627 2483 Sed
641 2422 719 2499 quia
738 2420 867 2498 lagatus
885 2421 1047 2483 interesse

252 2535 320 2581 non
336 2516 451 2596 potuit,
475 2518 640 2581 commisit
663 2517 754 2580 vices
774 2534 852 2580 suas
874 2518 985 2582 abbati
1006 2518 1046 2580 da

255 2618 433 2692 Radinges,
450 2632 562 2679 coram
577 2617 695 2695 quibus
717 2633 791 2678 cum
810 2618 846 2679 tu
861 2616 1049 2695 personali-

254 2718 322 2787 ter,
339 2717 371 2776 et
386 2715 433 2775 illi
446 2731 504 2792 per
518 2717 751 2793 procuratores
763 2711 1044 2792 comparuissetis,

252 2812 385 2873 tandem
401 2813 434 2873 in
451 2812 723 2890 compositionem
741 2812 950 2874 amicabilem
965 2826 1045 2875 con-

252 2910 431 2970 venistis...
447 2926 544 2988 quam
560 2911 758 2972 auctoritate
773 2910 961 2987 apostolica
973 2926 1049 2972 con·

252 3006 434 3078 firmamus,
458 3007 680 3084 unionemque
701 3006 892 3083 praedictam
916 3005 1048 3085 penitus

254 3103 493 3175 dissolventes,
523 3104 715 3176 statuimus,
745 3104 782 3165 ut
812 3106 1048 3165 monasterium

253 3201 400 3262 Glaston.
416 3201 456 3260 de
471 3202 592 3262 caetero
608 3200 669 3261 sub
680 3201 807 3277 proprii
817 3200 946 3262 abbatis
958 3202 1050 3277 regi-

223 3364 229 3371 ,
253 3297 342 3357 mine
357 3312 377 3358 a
390 3298 554 3359 conventu
569 3296 673 3359 libere
692 3297 848 3374 eligendi,
867 3297 965 3377 juxta
988 3315 1049 3360 re-

253 3393 387 3469 gulares
420 3392 650 3456 observantias
679 3395 920 3471 gubernetur...
949 3397 1049 3458 Salvo

251 3492 327 3569 jure
341 3492 534 3569 patronatus
546 3491 631 3570 quod
647 3509 710 3554 rex
720 3490 958 3555 lohannestibi
970 3512 1051 3556 con-

253 3589 331 3652 tuln
352 3591 387 3650 in
403 3589 605 3652 monasterio
625 3590 826 3668 supradicto.
847 3593 919 3653 Dat.
936 3593 1049 3654 Romae

255 3689 294 3749 16
308 3686 376 3748 kal.
388 3687 488 3762 junii,
507 3685 622 3749 iudict.
639 3688 711 3758 Vll,
732 3688 923 3751 MCGXVIII
940 3691 1051 3767 ponti-

255 3784 373 3846 ticatus
388 3801 476 3846 anuo
491 3786 601 3847 tertio.

556 3929 748 4016 CCLVIII

305 4056 358 4114 Act
370 4055 653 4129 Andcpnoeusmn
664 4053 699 4115 et
710 4057 1002 4117 Genonmnensem

521 4153 705 4224 epmcopos,
723 4152 784 4213 etc.

546 4262 580 4319 18
594 4260 662 4320 mail
678 4262 757 4321 ΜΒ.

350 4365 484 4430 [bouquet
494 4364 597 4417 Reoueil
606 4367 650 4417 des
662 4367 733 4427 hist,
744 4374 763 4418 t.
779 4368 847 4426 XtX,
859 4382 884 4435 p.
896 4367 955 4431 cem

453 4446 561 4509 Regest„
575 4447 620 4496 lib.
636 4448 664 4505 ll,
679 4447 752 4512 epist.
767 4450 850 4514 illu]

185 4555 191 4573 “
255 4548 297 4605 be
322 4545 454 4618 primatu,
473 4543 692 4619 erchIepiscopo
716 4545 921 4621 burdegalensi
951 4566 1050 4609 rursus

289 4634 450 4708 appellante
465 4633 602 4692 adversus
625 4636 843 4705 bituricensem,
859 4636 895 4694 ud
911 4637 1047 4697 intorme-

290 4725 397 4781 tionem
406 4721 574 4796 delegantur
582 4723 710 4797 episcopi
719 4724 908 4799 andegaven.
919 4734 948 4784 et
956 4729 1046 4787 ceno·

290 4826 407 4871 marren.

295 4921 461 4983 Honorius
476 4920 650 4999 episcopus
665 4923 913 4986 venerabilibus
930 4925 1048 4989 tratri-

250 5017 317 5079 bus
341 5018 572 5094 andegavensi
597 5018 647 5099 (a)
675 5022 708 5083 et
733 5024 974 5085 cenomanensi
1000 5024 1047 5105 (b)

254 5114 430 5192 episcopis,
446 5115 480 5177 et
494 5114 613 5178 dilecto
637 5116 706 5178 illio
727 5117 839 5180 abbati
853 5118 894 5182 de
916 5122 1048 5197 Burgo-

255 5213 300 5274 lio
316 5210 630 5290 (mundegavensis
641 5213 806 5289 dioecesis,
822 5217 973 5292 salutem,
984 5221 1046 5281 etc.

293 5310 483 5372 Venerabili
510 5311 612 5373 tratre
636 5314 750 5375 nostro
769 5313 971 5378 Bituricensi
992 5334 1050 5379 ar·

254 5407 464 5485 cbiepiscopo
480 5406 529 5487 (ct)
545 5409 729 5483 intimante,
750 5411 926 5474 didicimus
948 5417 1046 5493 quod,

291 5553 333 5621 (cl
349 5556 459 5614 Guillcl.
480 5557 516 5614 de
531 5559 715 5619 Bellomontc.
754 5560 794 5635 (b)
811 5565 972 5623 Hemalino.

292 5628 434 5697 trlbtlctr.
471 5630 511 5703 (n)
524 5630 638 5687 (liraldo
653 5630 688 5689 dc
704 5634 783 5692 Cres.
811 5634 848 5708 (r)
865 5636 1046 5695 Guillulrnum

1841 286 1897 350 763

1097 455 1171 503 cum
1186 441 1296 505 felicis
1314 440 1556 510 recordatiouis
1576 446 1791 510 Innocentius
1807 449 1896 527 Papa

1098 540 1322 616 praedecessor
1332 543 1572 605 nosterdilecto
1581 544 1652 606 lilio
1667 543 1782 606 abbati
1790 547 1898 622 Majo-

1097 638 1145 698 ris
1155 636 1350 701 monasterii
1357 643 1560 704 Turonensis
1573 642 1643 703 suis
1659 638 1738 703 olim
1752 642 1897 704 dedisset

1098 734 1218 797 litteris
1233 737 1268 798 in
1291 738 1456 800 mandatis
1475 741 1511 801 ut
1525 739 1626 802 testes
1644 755 1741 801 senes
1755 742 1791 802 et
1804 741 1898 801 vale-

1098 831 1294 906 tudinarios,
1310 850 1394 913 quos
1409 836 1569 898 adversus
1581 836 1812 898 venerabilem
1827 837 1896 898 lta-

1097 930 1182 991 trem
1197 933 1346 994 nostrum
1368 933 1647 1010 Burdegalensem
1665 934 1896 1011 archiepisco·

1098 1044 1177 1105 pum
1199 1027 1246 1109 (e)
1271 1029 1358 1091 idem
1383 1031 1483 1092 vellet
1504 1047 1606 1108 super
1628 1034 1705 1109 jure
1727 1028 1894 1108 primatiae

1099 1126 1292 1203 producere,
1312 1127 1361 1190 sic
1382 1128 1555 1206 reciperet
1582 1128 1669 1206 quod
1691 1129 1779 1190 nulli
1806 1128 1897 1192 fieret
1974 1146 1975 1153 ¹

1099 1223 1329 1301 praeJudicium
1343 1226 1396 1287 vel
1412 1240 1603 1302 gravamen,
1624 1226 1787 1303 praetatus
1808 1228 1893 1288 Bur-

1099 1321 1298 1398 degalensis,
1316 1339 1358 1385 ue
1372 1324 1407 1384 iu
1424 1325 1496 1400 ipso
1512 1323 1646 1399 negotio
1661 1324 1896 1400 procederetur

1100 1418 1316 1495 perillum,a
1338 1422 1607 1498 procuratoribus
1628 1421 1699 1481 suis
1721 1422 1895 1498 exceptio-
1943 1456 1954 1476 .

1100 1532 1159 1578 nes
1179 1516 1316 1579 frivolas
1336 1517 1463 1581 iaciens
1490 1519 1641 1596 allegari,
1665 1520 1819 1581 nostram
1842 1519 1896 1580 de—

1101 1631 1190 1675 mum
1205 1615 1408 1678 audientiam
1424 1617 1614 1695 appellavit,
1631 1617 1664 1679 et
1678 1616 1808 1689 advos,
1825 1616 1894 1678 sra-

1099 1714 1152 1773 ter
1163 1713 1410 1790 andegavensis
1423 1716 1586 1793 episcope,
1601 1717 1635 1777 et
1649 1715 1696 1776 lili
1706 1715 1826 1786 abbas,
1842 1731 1896 1792 per

1101 1815 1234 1872 nostras
1262 1828 1362 1889 super
1385 1812 1449 1874 boc
1474 1813 1617 1875 obtinuit
1644 1813 1777 1875 litteras
1803 1812 1894 1874 dele-
1974 1840 1975 1843 ¹

1101 1909 1174 1984 gari
1186 1906 1243 1988 (f).
1254 1911 1470 1987 Quapropter,
1480 1910 1615 1972 obtentu
1629 1910 1734 1987 partis
1746 1909 1894 1979 alterius,

1101 2008 1138 2068 ut
1151 2006 1186 2068 in
1202 2006 1267 2069 isto
1276 2007 1381 2085 possit
1391 2008 1524 2083 negotio
1532 2009 1605 2069 siue
1615 2007 1810 2085 suspicione
1824 2023 1897 2083 pro-

1101 2105 1193 2178 cedi,
1223 2106 1275 2175 te,
1303 2104 1407 2167 trater
1438 2103 1717 2178 Cenomanensis,
1746 2105 1897 2184 ejusdem

1101 2202 1283 2279 cognitioni
1305 2203 1460 2264 duximus
1484 2203 1751 2281 adjungendum
1769 2202 1897 2265 discre-

1101 2301 1183 2363 tIoni
1207 2302 1328 2362 vestrae
1353 2316 1412 2378 per
1434 2301 1623 2379 apostolica
1650 2301 1778 2378 scripta
1806 2317 1899 2362 man-

1102 2399 1229 2471 dantes,
1258 2401 1439 2477 quateuus,
1467 2400 1615 2477 partibus
1644 2400 1839 2461 convocatls
1866 2401 1896 2460 et

1101 2496 1287 2559 rationibus
1300 2497 1379 2559 binc
1393 2497 1470 2559 iude
1492 2496 1618 2559 auditis
1637 2497 1671 2559 et
1693 2496 1851 2573 cognitis,
1866 2494 1896 2557 ld

1101 2595 1211 2672 ipsum
1246 2595 1480 2673 appellationis
1511 2594 1680 2673 negotium
1704 2611 1726 2656 a
1753 2594 1896 2672 praetatis

1101 2694 1372 2771 procuratoribus
1390 2694 1609 2772 interpositae,
1626 2692 1835 2756 sufficienter
1846 2693 1898 2754 iu·

1102 2793 1274 2864 structum,
1304 2791 1346 2854 ad
1374 2793 1523 2855 uestrum
1551 2791 1692 2854 fideliter
1723 2788 1895 2853 remittatis

1102 2905 1265 2963 examen,
1301 2889 1509 2967 praefigentes
1544 2886 1694 2968 partibus
1723 2889 1894 2951 terminum

1104 2988 1351 3064 competentem,
1369 3004 1434 3066 quo
1449 3003 1484 3049 se
1499 2988 1612 3050 nostro
1628 2986 1825 3064 conspectui
1843 3001 1894 3046 re·

1104 3086 1315 3161 praesentent,
1336 3085 1526 3148 mandatum
1540 3084 1771 3161 Apostolicum
1787 3099 1896 3160 recep-

1103 3183 1198 3242 turae.
1216 3183 1307 3254 Quod
1323 3183 1351 3244 si
1365 3199 1430 3244 nou
1445 3199 1570 3255 omnes,
1594 3183 1640 3255 tu,
1660 3181 1769 3245 trater
1791 3183 1894 3243 Ceno

1104 3279 1283 3353 manensis,
1296 3296 1370 3341 cum
1384 3297 1498 3342 eorum
1510 3280 1616 3342 altero
1630 3296 1669 3342 ea
1679 3279 1893 3341 nihilominus

1104 3378 1311 3455 exsequaris,
1336 3379 1543 3440 constutioue
1569 3378 1610 3439 de
1637 3377 1765 3438 duabus
1791 3376 1895 3437 diaetis

1104 3475 1139 3535 ln
1167 3476 1317 3551 generali
1347 3476 1494 3538 Concilio
1524 3476 1613 3537 edita
1648 3474 1894 3537 nonobstante.

1105 3574 1223 3634 Datum
1238 3577 1362 3646 Romae,
1389 3573 1475 3652 apud
1497 3576 1655 3636 Sanctum
1678 3574 1825 3645 Petrum,
1840 3572 1896 3631 XV

1105 3670 1265 3732 kalendas
1276 3672 1377 3748 junii,
1393 3687 1482 3733 anno
1497 3671 1654 3733 secundo.

1427 3850 1575 3937 cclix

1366 3997 1419 4083 ‘td
1433 3992 1634 4056 Ortcntutes.

1388 4117 1423 4174 le
1441 4117 1510 4174 mati
1531 4115 1611 4174 litt.

1137 4231 1274 4297 [linynald.
1288 4230 1400 4283 dundee
1412 4229 1584 4292 animasset,
1602 4229 1635 4281 ad
1647 4243 1710 4280 uun.
1722 4229 1793 4287 sna,
1806 4229 1819 4293 ς
1833 4228 1866 4292 2]

1105 4339 1253 4413 Significat
1270 4354 1301 4403 se
1315 4339 1463 4413 Pelagium
1479 4337 1581 4396 Alban.
1595 4337 1765 4410 episcopum
1779 4337 1893 4410 Apono

1141 4429 1203 4486 liora
1215 4426 1296 4486 Sedis
1305 4428 1443 4502 legatum,
1457 4428 1571 4484 minem
1586 4425 1622 4484 ad
1632 4426 1791 4487 exercitum
1801 4437 1892 4483 cruce·

1140 4519 1330 4591 signatorum,
1342 4524 1374 4575 ut
1384 4515 1567 4574 concordiam
1577 4513 1682 4573 lavent.

1144 4635 1406 4698 ammonitarum
1432 4632 1501 4695 dux
1526 4633 1649 4694 achior
1674 4631 1894 4709 interrogatus

1105 4733 1146 4795 ab
1158 4733 1369 4811 Assyriorum
1382 4732 1531 4810 prinoIpe
1545 4729 1738 4802 Holoferne,
1754 4745 1819 4807 qua
1831 4729 1896 4789 vir-

1103 4833 1173 4893 tute
1183 4829 1440 4908 cujusqueregis
1450 4827 1752 4907 potentiaconfisus
1764 4825 1894 4906 populus

1105 4929 1207 4991 Israel
1223 4931 1295 5007 ejus
1309 4929 1485 5006 imperium
1507 4926 1762 5003 contempsisset
1774 4948 1782 4986 ε
1794 4928 1896 5002 Popu-

1104 5027 1167 5099 lus,
1183 5027 1301 5104 inquit,
1315 5026 1379 5089 iste
1394 5025 1474 5088 colit
1483 5024 1659 5088 Dominum
1675 5026 1783 5085 Deum
1798 5022 1895 5083 coelia

1103 5128 1199 5204 cujus
1212 5125 1342 5187 cultura
1353 5123 1623 5202 quotiescumque
1633 5122 1784 5193 recessit,
1808 5120 1895 5181 datus

1105 5223 1166 5285 suit
1174 5223 1208 5284 in
1217 5222 1373 5301 praedam,
1385 5221 1531 5299 gladium
1543 5222 1575 5282 et
1585 5219 1896 5298 opprobriumque

1102 5321 1166 5383 ties
1177 5336 1257 5383 vero
1272 5320 1425 5398 plenituit
1448 5322 1481 5382 et
1501 5319 1657 5380 clamavit
1670 5317 1712 5378 ad
1727 5317 1895 5379 Dominum

1103 5421 1206 5480 Deum
1221 5436 1329 5492 suum,
1344 5418 1433 5481 dedit
1447 5418 1478 5480 ei
1493 5417 1647 5479 virtutem
1668 5417 1701 5477 et
1721 5413 1896 5493 potentiam

1102 5568 1253 5698 ctgpaffii.
1275 5568 1319 5643 (s)
1336 5567 1579 5642 Videsuperiores
1589 5567 1711 5634 litteras,
1720 5579 1749 5623 n.
1763 5575 1894 5629 cuxrru,
