3982 6196
111 253 168 313 oui
743 251 973 314 EPISTOLAE.
997 254 1074 314 LIB.
1087 256 1139 326 ¹II.
1702 265 1763 325 602

111 424 370 486 recognoscens,
382 410 417 471 et
425 406 574 482 matrem,
585 407 680 470 nobis
690 409 825 472 obedire
835 427 914 489 pro-
967 411 1315 489 diam,beatoJacobo,
1325 416 1513 480 attestante.
1523 420 1595 481 Dat.
1604 420 1758 483 Lateran.

110 508 222 585 ponis,
251 507 338 569 sicut
360 506 498 568 devotus
527 506 616 567 filius
638 522 698 585 pro
721 508 819 586 patri.
847 512 913 571 Pro
968 511 1043 572 VIII
1058 510 1139 584 kal,
1155 511 1233 586 feh,
1247 513 1338 590 pout.
1355 516 1460 577 nostri
1475 531 1562 578 anno
1577 518 1734 580 secundo.

6 640 8 661 2
112 604 234 682 quibus
260 604 469 665 devotionem
483 605 575 666 tuam
596 604 632 665 iu
656 606 794 666 Domino
818 622 913 667 com-

111 702 321 774 mendantes,
345 702 377 763 ei
400 716 500 779 aquo
515 702 567 763 est
586 717 684 764 omne
698 701 811 765 datum
828 705 915 782 opti·
1307 691 1428 779 CXIV

6 872 7 875 =
112 815 216 909 mum?
233 801 267 860 et
280 814 377 908 ⁰³³¹?
390 798 512 861 dmum
535 798 716 908 perfefmm
730 801 914 875 gratiarum
1008 841 1036 899 Α
1053 841 1268 903 Gallicanum
1282 843 1476 917 episcopum
1493 845 1526 906 et
1544 847 1725 907 canoribus

112 896 291 957 refermus
307 896 466 967 actiones
494 896 688 973 suppliciter
703 897 912 973 postulando

112 994 150 1054 ut
173 994 258 1069 ipse,
275 991 332 1068 qui
352 992 425 1053 hac
445 990 507 1053 tibi
531 992 792 1055 misericorditer
814 993 915 1070 inspi-
1275 942 1457 1071 offlam*

112 1091 225 1161 ravit,
240 1089 295 1151 det
318 1089 351 1151 et
378 1088 548 1166 perficere.
576 1104 617 1150 ac
640 1105 855 1167 perseverare
879 1090 913 1150 in
1271 1058 1373 1133 96131]ν
1386 1061 1465 1119 ¹2¹8·

111 1188 156 1248 iis
189 1203 296 1264 usque
327 1187 363 1248 in
393 1186 482 1248 diem
510 1187 642 1248 Domini
669 1189 751 1249 iesu
779 1187 911 1249 Christi.
1124 1171 1595 1242 [ughehtltusacrat.v‚p.asa.]

113 1288 225 1362 Super
238 1300 304 1360 quo
327 1286 361 1345 et
379 1284 416 1346 tu
435 1284 508 1361 ipse
522 1283 622 1345 debes
644 1284 815 1345 humiliter
828 1300 914 1345 exo·
1003 1276 1305 1338 coufirmatstatutum
1330 1279 1367 1338 de
1385 1296 1505 1340 numero
1526 1286 1729 1344 canonicorum

112 1397 205 1453 rare,
230 1380 368 1442 eumad
391 1381 425 1441 id
446 1381 480 1443 et
508 1380 589 1442 fides
613 1380 788 1453 catholica,
816 1396 914 1457 quam
1203 1368 1232 1424 in
1248 1369 1370 1427 eeclesia
1388 1371 1526 1430 cumana.

114 1483 221 1551 tenes,
248 1482 286 1540 ut
309 1478 486 1550 credimus,
512 1480 546 1541 te
565 1477 712 1550 inducat,
738 1478 771 1540 et
789 1477 914 1540 fructus
1008 1483 1175 1545 Honorius
1185 1485 1359 1563 opiscopus
1375 1503 1492 1549 servus
1504 1502 1677 1552 servorum
1690 1488 1761 1563 Dei,

6 1580 8 1671 ζ
112 1592 183 1637 non
201 1576 361 1646 modicus,
378 1577 436 1653 qui
450 1591 493 1638 ex
507 1576 571 1638 hoc
593 1576 771 1653 provenire
784 1575 845 1637 tihi
860 1592 915 1652 po·
969 1579 1152 1641 venerabili
1173 1581 1268 1644 fratri
1295 1585 1408 1646 nostro
1422 1586 1588 1665 episcope,
1605 1588 1639 1649 et
1656 1604 1762 1650 cano-

6 1686 8 1691 ’
111 1673 205 1746 terit,
235 1673 270 1734 in
300 1674 456 1751 praesenti
485 1674 607 1751 praeter
638 1673 771 1734 aeternae
799 1673 914 1750 gloriae
969 1676 1054 1737 uicis
1068 1678 1235 1751 Cumanis,
1252 1680 1404 1753 salutem,
1417 1683 1479 1745 etc.

6 1806 8 1831 t
113 1771 281 1843 diadema,
300 1770 386 1848 quod
406 1770 467 1832 tibi
488 1770 518 1831 si
539 1771 818 1848 perseveraveris,
834 1770 915 1832 red·
1010 1776 1115 1847 Quum
1130 1790 1190 1852 per
1203 1775 1334 1851 fratres,
1355 1779 1389 1840 et
1402 1779 1614 1858 coepiscopos
1633 1781 1765 1844 nostros

113 1869 172 1930 det
186 1869 346 1929 Dominus
356 1868 468 1946 justus
478 1867 593 1945 judex.
969 1870 1010 1932 ad
1026 1870 1209 1946 profectum
1221 1874 1451 1948 ecclesiarum,
1470 1876 1504 1938 et
1524 1892 1640 1954 pacem
1652 1879 1765 1955 aliqua

156 1966 237 2027 lude
249 1967 301 2027 est
313 1966 399 2043 quod
409 1967 613 2042 uosrecepto
626 1965 731 2043 prote
745 1963 915 2026 abeodem
970 1967 1258 2046 statuarumque
1273 1971 1315 2032 ab
1334 1972 1496 2034 institutis
1519 1989 1689 2035 sacrorum
1706 1991 1764 2036 ca·

114 2064 284 2141 episcopo,
301 2065 377 2124 sunt
395 2063 427 2124 ei
442 2078 502 2139 per
514 2064 590 2124 tuas
604 2062 745 2135 litteras,
761 2078 844 2140 quas
859 2077 917 2123 co·
970 2079 1094 2125 nonum
1116 2081 1183 2128 non
1199 2066 1399 2145 discrepant,
1412 2071 1511 2145 juxta
1525 2071 1762 2147 postulantium

115 2175 190 2220 ram
213 2158 310 2221 nobis
325 2159 392 2235 legi
415 2157 564 2230 fecimus,
590 2157 777 2235 praecepisti
792 2171 915 2234 corpo·
969 2161 1171 2224 voluntatem
1187 2165 1443 2226 consentaneam
1457 2166 1579 2229 rationi
1595 2169 1760 2239 convenit,

116 2256 182 2318 nali
204 2258 413 2335 juramento,
436 2256 523 2332 quod
547 2254 742 2333 praedictum
761 2254 917 2315 cardina·
970 2256 1085 2318 eadem
1094 2259 1396 2335 apostolicaesedis
1405 2262 1762 2325 munimiuerohorari.

6 2402 8 2425 ,
115 2355 183 2415 lem
206 2353 404 2416 omnimodae
425 2353 580 2415 restitues
605 2352 752 2415 libertati
775 2352 808 2413 et
826 2351 916 2412 filius
972 2356 1059 2415 Sane
1081 2354 1176 2415 nohis
1200 2355 1355 2430 innotuit,
1372 2359 1458 2435 quod
1478 2358 1573 2421 honae
1595 2361 1765 2423 memoriae

6 2454 7 2457 ’
117 2450 279 2513 obediens
294 2450 389 2513 nobis
404 2450 482 2523 eris,
498 2467 540 2514 ex
554 2452 712 2513 consueta
727 2450 914 2522 clementia,
971 2454 1008 2510 A.
1026 2451 1191 2512 Cumanus
1202 2453 1375 2530 episeopus
1390 2455 1505 2516 volens
1520 2470 1589 2517 suae
1603 2455 1764 2533 profecti-

117 2565 182 2627 que
206 2548 356 2611 Ecclesia
382 2549 555 2611 consuevit
578 2548 619 2610 ad
644 2563 679 2609 se
702 2546 917 2609 redeuntibus
971 2545 1033 2607 bus
1054 2545 1206 2609 ecclesiae
1225 2549 1409 2624 providere,
1429 2552 1626 2613 auctoritate
1642 2553 1767 2613 sanctae

118 2647 285 2722 gremium
305 2647 446 2723 aperire,
463 2647 497 2708 te
517 2644 805 2707 annumerandum
817 2644 919 2717 duri-
971 2643 1212 2706 recordationis
1225 2647 1378 2722 Gregorii
1394 2649 1494 2724 Papae
1514 2648 1767 2724 praedecessoris

118 2760 192 2805 mus
206 2744 298 2805 inter
310 2744 467 2806 Ecclesiae
487 2743 573 2804 filios
588 2742 760 2820 speciales,
776 2743 810 2803 et
832 2742 919 2818 peti-
972 2741 1077 2802 nostri
1090 2740 1131 2802 de
1145 2742 1325 2816 voluntate,
1349 2745 1382 2805 et
1405 2760 1545 2806 assensu
1559 2745 1613 2805 sui
1627 2745 1766 2822 capituli

6 2850 7 2919 g
117 2843 240 2913 tiones,
266 2857 350 2918 quas
371 2841 458 2901 idem
479 2841 654 2919 episcopus
678 2856 722 2902 ex
746 2842 841 2917 parte
860 2840 918 2902 tua
973 2837 1098 2910 statuit,
1117 2839 1153 2900 ut
1176 2839 1211 2900 in
1227 2841 1375 2901 Cumana
1399 2842 1541 2903 ecclesia
1562 2842 1681 2919 viginti
1703 2858 1764 2904 ca-

6 3018 7 3021 *
118 2937 216 3000 nobis
238 2939 400 3016 porrexit,
415 2939 450 2999 iu
465 2939 622 3015 quantum
638 2954 712 2999 cum
726 2940 794 2998 Deo
809 2937 920 3013 potui-
973 2935 1168 2997 nonicorum
1183 2952 1340 2998 numerus
1354 2939 1463 3001 certus
1478 2939 1611 3013 existat,
1627 2940 1660 3001 et
1674 2954 1766 3001 sem-

118 3053 194 3098 mus
213 3036 256 3096 de
280 3034 420 3097 fratrum
435 3036 622 3097 nostrorum
646 3034 785 3095 consilio
809 3049 917 3095 exau·
974 3046 1033 3109 per
1055 3033 1189 3095 maneat
1210 3033 1369 3106 illibatus,
1389 3037 1422 3099 et
1449 3035 1536 3097 idem
1558 3037 1716 3101 statutum
1730 3037 1766 3097 in

118 3134 192 3195 dire
207 3133 410 3204 curavimus
423 3131 509 3193 sicut
518 3147 577 3208 per
586 3131 739 3193 effectum
749 3130 920 3192 evidenter
974 3128 1133 3206 scriptum
1148 3130 1314 3207 redigens,
1330 3131 1382 3192 sui
1393 3133 1495 3208 sigilli
1510 3134 1693 3195 munimine
1705 3149 1778 3195 ro-.

119 3230 275 3308 apparet,
306 3229 447 3291 firmiter
472 3229 685 3301 aestimantes,
716 3228 800 3306 quod
825 3228 858 3290 et
883 3230 920 3289 tu
973 3226 1581 3305 boravit,quodcumfelicismemoriae
1590 3230 1768 3295 coelestino

6 3396 7 3399 Ἴ
119 3327 241 3389 debeas
269 3326 451 3403 adimplere
479 3326 659 3403 promissa,
690 3326 789 3403 prout
815 3327 919 3386 Deum
975 3339 1068 3400 papae
1091 3324 1329 3400 praedecessori
1355 3326 1473 3389 fuisset
1497 3326 1660 3400 oblatum,
1680 3327 1768 3389 idem

120 3426 292 3487 timentem
309 3426 341 3486 et
356 3424 555 3486 catholicum
567 3423 676 3486 virum
691 3423 795 3485 decet.
975 3420 1152 3498 diligenter
1176 3422 1316 3482 audiens
1337 3423 1543 3499 approbavit.
1566 3427 1612 3485 Da
1633 3426 1771 3500 propter

159 3525 268 3595 Quum
287 3522 391 3598 igitur
412 3522 484 3583 sola
498 3521 745 3599 perseverantia
769 3519 920 3581 bravium
975 3518 1096 3579 vestris
1104 3516 1206 3594 justis
1220 3518 1498 3594 postulationihus
1513 3523 1710 3593 annuentes,
1727 3522 1769 3582 ad

121 3620 267 3696 accipiat
289 3618 425 3681 virtutis
450 3618 485 3679 in
514 3618 671 3689 Domino,
697 3617 860 3695 quatenus
885 3615 920 3676 in
976 3614 1149 3691 exemplar
1161 3614 1416 3691 praedecessoris
1429 3616 1597 3678 coelestini
1610 3617 1769 3679 statutum

121 3718 310 3789 devotione,
326 3733 366 3778 ac
387 3715 575 3779 ohedientia
596 3714 795 3792 apostolica
814 3712 919 3786 Sedis,
975 3711 1095 3789 ipsum,
1112 3712 1199 3773 sicut
1212 3711 1456 3777 rationabiliter
1468 3711 1592 3776 factum
1608 3715 1668 3787 est,
1685 3715 1718 3777 et
1731 3715 1767 3776 in

122 3817 155 3876 et
167 3815 286 3876 nostra
305 3814 353 3875 sic
368 3814 508 3875 firmiter
526 3827 730 3890 perseveres,
758 3810 791 3872 id
813 3811 922 3888 potius
976 3808 1115 3887 praefato
1130 3808 1253 3885 scripto
1271 3808 1462 3871 authentico
1477 3810 1676 3880 continetur,
1690 3828 1772 3874 auo-
1847 3834 1850 3840 <

121 3929 182 3990 per
200 3911 441 3973 exhibitionem
462 3910 583 3987 operis,
608 3925 706 3987 quam
722 3923 781 3987 per
799 3908 922 3985 scripta
976 3905 1307 3983 toritateApostolica
1318 3905 1606 3975 confirmamus,et
1617 3923 1769 3984 praesen-

121 4010 351 4080 moustraudo,
378 4008 463 4086 quod
480 4009 513 4070 et
527 4008 676 4069 divinam
694 4007 837 4083 gratiam
852 4020 923 4066 me-
977 4004 1019 4065 tis
1048 4004 1163 4081 scripti
1196 4002 1380 4081 patrocinio
1414 4003 1666 4065 communimus.
1693 4006 1772 4066 Sta·

121 4107 242 4179 rearis,
259 4107 293 4168 et
307 4104 452 4167 favorem
472 4105 697 4183 apostolicum
713 4103 843 4180 plenius
859 4101 921 4165 ob·
976 4101 1117 4173 tuentes,
1126 4102 1162 4162 ut
1171 4099 1357 4177 prehendat
1365 4099 1515 4163 ecclesiae
1525 4101 1644 4162 vestrae
1655 4103 1771 4164 contra

122 4206 242 4266 tinere.
267 4204 446 4275 Praeterea,
467 4218 567 4280 quum
590 4217 633 4263 ex
656 4202 806 4279 injuncto
827 4198 923 4261 nobis
978 4199 1135 4261 statutum
1150 4198 1386 4260 Lateranensis
1404 4196 1541 4259 concilii
1557 4199 1650 4261 salva
1676 4199 1771 4260 Sedis

122 4301 337 4379 apostolatus
347 4300 562 4372 offlei0,teac
571 4299 657 4359 alios
667 4297 826 4359 Ecclesiae
837 4297 923 4358 tilios
978 4295 1176 4371 apostolicae
1200 4296 1398 4357 auctoritate
1420 4294 1461 4356 de
1488 4295 1609 4357 caetero
1635 4283 1771 4357 minime

123 4399 304 4461 debeamus
322 4397 363 4459 ad
378 4397 511 4474 pietatis
525 4412 626 4474 opera
642 4394 799 4466 invitare,
825 4392 924 4455 nobi·
979 4392 1222 4470 permittantur.
1239 4392 1288 4454 hd
1299 4395 1459 4468 majorem
1474 4407 1554 4455 vero
1569 4392 1770 4462 firmitatem,

124 4497 254 4559 litatem
269 4497 360 4558 tuam
374 4510 531 4571 rogamus
543 4493 677 4566 attente,
706 4493 740 4554 et
751 4507 924 4553 monemus
979 4490 1084 4566 ipsius
1099 4490 1214 4567 scripti
1226 4491 1377 4552 tenorem
1392 4489 1432 4552 de
1451 4488 1552 4551 verbo
1567 4489 1609 4551 ad
1632 4490 1771 4551 verbum

124 4593 406 4655 inremissionem
423 4591 483 4653 tibi
497 4590 724 4668 peccaminum
744 4590 925 4667 injungen-
980 4585 1197 4664 praesentibus
1217 4585 1372 4647 duximus
1401 4584 1623 4657 inserendum,
1646 4585 1702 4662 qui
1723 4587 1774 4647 est

124 4694 186 4763 tes,
199 4692 363 4768 quatenus
373 4688 496 4750 divinae
509 4687 643 4765 pietatis
655 4686 790 4758 intuitu,
806 4686 839 4747 et
853 4700 926 4747 nos·
979 4683 1074 4744 talis:

124 4790 255 4849 trarum
282 4802 417 4863 precum
441 4785 592 4858 obtentu,
626 4783 767 4861 captivis
794 4782 925 4858 aperias
1019 4778 1206 4845 huselmus,
1219 4777 1279 4838 Dei
1287 4777 1396 4853 gratia
1406 4778 1572 4837 Cumanus
1586 4776 1771 4854 episcopus,

124 4885 258 4946 viscera
280 4883 424 4960 pietatis,
450 4884 483 4944 et
497 4895 660 4959 pauperes
675 4880 871 4958 praesertim,
891 4881 927 4940 et
981 4874 1058 4937 licet
1071 4875 1265 4946 immeritus,
1280 4874 1410 4936 dilectis
1420 4873 1455 4934 in
1471 4872 1601 4935 Christo
1616 4872 1774 4937 fratribus

124 4982 223 5054 alios,
240 4979 417 5058 dequibus
432 4979 560 5041 nullum
582 4976 761 5056 potesttihi
776 4991 925 5039 commo·
981 4971 1152 5034 canonicis
1176 4972 1332 5032 Cumana
1349 4970 1498 5032 matricis
1523 4970 1684 5044 ecclesias,
1711 4972 1773 5033 etc.

126 5079 204 5140 dum
233 5077 426 5155 provenire,
455 5077 614 5139 restituas
639 5073 800 5146 libertati,
831 5077 867 5136 ut
894 5076 927 5136 et
982 5072 1087 5143 Quum
1102 5084 1146 5131 ex
1160 5068 1308 5146 injuncto
1327 5067 1423 5129 uobis
1438 5067 1646 5145 episcopatus
1665 5067 1775 5130 officio

126 5174 321 5236 misericors
343 5174 502 5236 Dominus
525 5174 558 5235 te
582 5188 601 5232 a
623 5172 755 5234 tuorum
775 5169 928 5232 absolvat
981 5166 1109 5228 cunctis
1123 5166 1238 5228 nostro
1252 5165 1407 5241 regimini
1425 5166 1609 5228 commissis
1625 5166 1775 5228 ecclesiis

126 5271 272 5334 vinculis
288 5272 508 5348 peccatorum,
525 5269 582 5347 qui
598 5268 716 5330 saillis
731 5283 795 5330 non
811 5266 929 5328 dimis-
982 5264 1141 5343 pastorali
1171 5266 1346 5325 teneamur
1381 5261 1556 5338 vigilantia
1587 5262 1774 5340 providere,

128 5385 245 5431 surum
259 5368 411 5440 testatur,
427 5368 484 5444 qui
494 5366 652 5429 fratribus
664 5381 730 5427 uon
743 5364 926 5440 dimittunt;
982 5362 1156 5444 iudignum
1169 5361 1251 5423 satis
1278 5360 1386 5423 videri
1412 5361 1532 5437 posset,
1555 5360 1588 5420 et
1602 5358 1774 5434 absonum,

128 5466 273 5529 sollicite
290 5465 479 5537 recolendo,
496 5464 581 5542 quod
593 5463 756 5541 J'udicium
770 5462 842 5523 sine
860 5462 927 5522 mi·
983 5460 1048 5521 nisi
1062 5458 1261 5537 episcopalis
1276 5457 1426 5520 ecclesiae
1441 5472 1566 5528 curam,
1585 5457 1618 5518 et
1629 5456 1776 5532 diligen·

129 5562 314 5626 sericordia
330 5562 386 5623 flet
406 5562 449 5633 ei,
472 5562 530 5639 qui
551 5577 617 5623 non
640 5560 719 5625 facit
738 5559 930 5622 misericor·
983 5558 1064 5618 tiam
1078 5557 1254 5619 sollicitius
1275 5540 1485 5617 haberemus.
1505 5553 1600 5615 Illius
1615 5554 1778 5630 siquidem
