3946 6196
228 233 286 297 sol
850 227 1026 290 HONORII
1048 228 1094 289 ΙΙΙ
1115 228 1263 292 OPERA.

270 392 333 457 Ubi
345 390 520 471 temporali
533 388 728 454 monasterii
737 388 841 451 vestri
854 386 1024 452 commodo
1121 390 1158 451 ln
1167 387 1319 451 eumdem
1333 387 1467 450 modum
1477 403 1591 452 vener.
1603 388 1698 453 tratri
1712 391 1877 454 Biterren.

228 492 402 556 intendere
417 491 466 552 sic
475 488 670 567 proponitis,
688 487 775 565 quod
794 487 919 548 nemini
935 487 1025 565 inju·
1081 488 1235 565 episcopo
1250 488 1284 549 et
1296 486 1479 549 baronibus
1502 488 1579 549 aliis
1594 488 1635 549 ad
1650 489 1737 566 quod
1758 490 1880 554 littere

228 593 315 654 riam
327 589 490 659 inieratis,
513 602 638 663 negare
649 585 744 648 robis
759 585 906 647 favorem
919 587 1027 663 Apos-
1080 587 1162 664 ipsae
1185 586 1398 662 pervenerint
1423 601 1556 660 resque:
1578 586 1675 648 bonis
1696 587 1779 648 suis.
1793 591 1882 650 Anc-

1818 233 1877 295 352

229 804 305 851 cum
317 790 385 848 Deo
408 800 583 863 possumus
606 781 872 845 condescendere
893 781 1028 860 petitio-
1082 798 1165 855 mus,
1175 796 1218 845 ne
1226 782 1331 860 ipsos,
1341 784 1397 844 aut
1407 784 1532 844 terram
1544 798 1659 844 eorum
1670 785 1882 860 praesumatis

228 885 327 949 nibus
351 882 601 962 proposuimus,
627 897 729 958 quum
753 896 814 942 vos
838 879 879 941 ob
904 881 1026 943 restrae
1082 880 1293 957 aliquatenus
1329 880 1476 943 indebite
1509 880 1698 954 molestare,
1734 881 1817 959 quia
1851 883 1882 944 id

229 982 403 1059 religionis
426 980 596 1043 obtentum
616 980 652 1040 in
674 978 823 1040 caritatis
842 977 1027 1040 visceribus
1081 978 1226 1040 tolerare
1243 977 1454 1055 inpatientia
1474 994 1541 1040 non
1561 981 1884 1056 possemus.1)atum

229 1081 423 1145 habeamus.
449 1082 556 1151 Quum
579 1078 691 1155 itaque
705 1078 891 1139 vestrarum
906 1092 1029 1153 procu·
1083 1075 1251 1148 Laterani,
1266 1074 1419 1137 kalendis
1434 1076 1563 1153 aprilis,
1579 1076 1794 1155 pontificatus
1807 1093 1885 1139 nos-

228 1182 358 1245 ratores
381 1178 554 1240 domorum
578 1176 680 1238 semel
701 1175 737 1238 in
758 1190 846 1237 anuo
867 1190 1029 1252 procura·

228 1278 331 1343 tionis
352 1292 423 1339 suas
443 1275 608 1337 rationem
629 1272 768 1335 reddere
791 1273 979 1345 teneantur,
994 1274 1028 1335 et

228 1393 290 1440 vos
302 1374 417 1438 ordini
432 1374 542 1435 vestro
554 1372 734 1449 plurimum
744 1370 902 1448 expedire
916 1371 1029 1433 creda·

229 1476 285 1547 tis,
301 1473 388 1552 quod
403 1472 444 1532 ab
460 1471 509 1533 eis
531 1469 731 1548 computatio
747 1484 835 1547 saepe
849 1468 918 1541 ilat,
935 1484 1027 1547 prae-

230 1572 345 1635 sertim
367 1586 442 1633 cum
460 1585 504 1631 ex
526 1567 691 1646 frequenti
709 1566 954 1645 computatione
967 1567 1027 1630 toti

231 1670 347 1734 ordini
369 1667 520 1747 speretur
542 1665 783 1728 incrementum
802 1665 838 1725 in
859 1666 1029 1743 tempora-

211 1769 317 1831 -libus
356 1766 544 1844 provenire,
583 1763 796 1841 praesentium
831 1763 1029 1826 auctoritate

230 1865 418 1937 statuimus,
443 1864 478 1926 ut
501 1861 591 1924 idern
603 1862 836 1939 procuratores
851 1861 1026 1939 presbyte-

230 1965 279 2027 ris
298 1960 554 2030 correctoribus,
579 1958 797 2037 praesentibus
817 1959 894 2021 aliis
909 1960 1027 2022 iratri-

230 2062 292 2125 bus
304 2062 340 2123 in
355 2059 512 2137 capitulo,
541 2057 682 2134 singulis
705 2056 875 2119 mensibus
888 2058 1029 2121 reddant

230 2161 266 2223 in
281 2160 447 2235 integrum
457 2156 497 2218 de
510 2155 696 2218 commissis
710 2155 774 2216 sibi
789 2156 1029 2233 procurationi-

229 2258 293 2319 bus
306 2256 482 2320 rationem.
498 2254 592 2316 Nulli
605 2268 696 2329 ergo,
713 2254 775 2316 etc.
789 2254 913 2316 nostrae
925 2270 1026 2317 cons-

229 2355 405 2426 titutionis,
439 2354 502 2415 etc.
530 2353 649 2414 natum
675 2350 848 2424 Laterani,
875 2351 1028 2415 kalendis

231 2452 359 2532 aprilis,
374 2448 584 2529 pontificatus
599 2448 705 2511 nostri
720 2463 808 2510 anno
823 2449 940 2526 primo.

508 2715 743 2807 dclxxxv

282 2927 335 2989 Ad
348 2926 644 3001 archiopiscopatu
663 2924 924 2987 Narbonensem
941 2919 976 2982 et

380 3024 578 3099 apocopum
591 3021 882 3094 Mapotonensem.

509 3204 546 3262 30
559 3202 655 3261 martii
670 3188 758 3261 trit.

265 3323 385 3387 moret,
395 3317 442 3370 un.
453 3318 475 3383 r,
489 3317 574 3384 epus..
586 3316 642 3368 tor.
653 3316 711 3369 uu.
722 3316 759 3368 m
770 3316 888 3368 romeu
902 3315 997 3381 ruent

232 3504 269 3562 Ut
292 3497 458 3559 consussbus
477 3504 506 3556 et
528 3497 632 3572 populo
651 3496 927 3570 llontispessulenis,
940 3510 1028 3570 quum

266 3590 324 3648 sint
332 3588 385 3647 snb
394 3587 568 3662 Apostolice
578 3585 659 3645 Sedis
672 3585 758 3644 tutela
770 3585 888 3660 recepti,
900 3584 1028 3643 favorem

266 3693 384 3738 omnem
398 3677 454 3752 lpsi
468 3675 646 3749 impendent.

271 3833 454 3906 Honorius,
496 3831 572 3905 etc,
610 3829 856 3893 venerabilibus
891 3827 1027 3892 archie-

231 3934 367 4013 piscopo
379 3929 570 3993 Narbonen.
587 3929 620 3990 et
633 3928 843 4004 Magalonen.
860 3928 1026 4005 episcope.

271 4033 352 4092 Cum
363 4029 476 4092 dilecti
488 4027 551 4088 filii
563 4026 717 4088 consules
732 4030 765 4088 et
776 4025 917 4104 populus
932 4028 1029 4087 Mon-

230 4126 445 4206 tispessulsn.
466 4124 609 4202 quodam
632 4122 771 4200 speciali
794 4122 904 4186 debito
924 4124 957 4185 et
977 4122 1029 4184 ai-

230 4226 320 4287 iectu
343 4222 422 4284 sedi
442 4219 641 4299 Apostolicae
662 4219 824 4281 hactenns
838 4219 1028 4283 obedientes

232 4320 405 4384 extiterint
418 4317 451 4380 et
463 4316 585 4389 devoti,
597 4333 637 4378 ac
649 4333 709 4394 per
719 4317 782 4379 boc
796 4316 858 4378 sub
873 4320 945 4394 ejus
958 4334 1029 4396 spe

232 4419 311 4482 ciali
323 4415 527 4496 protectione
541 4414 666 4491 recepti
683 4414 771 4487 sunt,
785 4430 859 4476 cum
875 4415 1028 4477 omnibus

231 4516 327 4579 bonis
338 4514 419 4587 suis,
432 4513 634 4575 fraternitati
644 4512 764 4574 vestrae
772 4512 1028 4590 parapostolica

232 4614 357 4692 scripta
368 4610 576 4683 mandamus,
590 4610 752 4687 quatenus
762 4609 852 4687 ipsos
863 4609 896 4671 et
904 4612 1028 4672 terram

232 4728 347 4775 eorum
362 4711 398 4773 in
412 4725 473 4772 sua
483 4707 615 4786 justitia
629 4707 827 4769 auctoritate
837 4707 1027 4787 apostolica

232 4807 456 4881 defendentes,
464 4822 531 4869 non
539 4806 738 4884 permittatis
746 4820 862 4883 pacem
870 4805 1029 4882 seuquie·

231 4910 298 4972 tem
312 4908 462 4984 ipsorum
476 4919 496 4965 a
511 4918 676 4981 quoquam
689 4903 816 4966 temere
827 4901 1025 4980 perturbari,

231 5003 491 5085 perturbatores,
507 5002 537 5063 si
553 5000 610 5079 qui
626 4999 761 5073 fuerint,
777 5015 837 5078 per
853 5015 1028 5062 censuram

231 5100 503 5172 ecclesiasticam,
520 5098 606 5160 sicut
615 5098 743 5175 J‘ustum
758 5098 868 5170 inerit,
883 5113 1029 5177 compes-

231 5204 357 5268 centes.
383 5196 475 5273 Quod
498 5196 528 5257 si
551 5210 618 5257 non
633 5195 729 5257 ambo
750 5195 793 5257 iis
807 5196 1027 5273 exsequendis

230 5305 392 5369 interesse
409 5294 598 5376 potueritis,
615 5293 700 5355 alter
713 5296 861 5359 restrum
878 5309 918 5356 ea
932 5294 1027 5356 nibi-

231 5402 375 5465 lominus
395 5392 606 5471 exsequatur.

272 5497 390 5561 Datum
414 5488 581 5563 Laterani,
599 5487 698 5551 tertio
722 5487 883 5552 kalendas
898 5489 1025 5568 aprilis,

233 5593 443 5674 pontificatus
458 5587 563 5652 nostri
578 5601 667 5650 anno
681 5586 799 5680 primo.

1082 1175 1126 1237 tri
1138 1190 1227 1237 anno
1240 1173 1360 1252 primo.

1358 1431 1614 1523 contrivi

1185 1621 1238 1682 Ad
1247 1622 1407 1695 priorem
1423 1621 1785 1683 Grandimontensem.

1373 1772 1388 1830 l
1402 1771 1500 1845 aprilis
1512 1772 1591 1830 trit.

1125 1878 1236 1944 [Repetit.
1250 1876 1294 1928 ltu.
1312 1877 1333 1937 l,
1349 1877 1424 1943 epist.
1434 1876 1490 1928 stt.
1502 1878 1561 1928 llas.
1570 1877 1741 1929 LsPortedu
1751 1877 1848 1943 Theb]

1141 2014 1177 2073 Ut
1191 2012 1282 2086 possit
1292 2026 1394 2070 vocare
1406 2010 1587 2070 suosfratres
1602 2010 1638 2069 ad
1651 2011 1840 2070 collationem

1086 2142 1091 2147 -
1225 2100 1388 2160 taciendam
1399 2116 1465 2159 cnm
1477 2101 1638 2175 pulsatione
1652 2101 1741 2174 signi.

1122 2263 1303 2335 Honorius,
1316 2264 1392 2336 etc,
1406 2262 1512 2340 priori
1529 2259 1804 2323 Grandimonten.

1123 2364 1230 2435 Quum
1242 2377 1286 2422 er
1299 2361 1508 2423 institutione
1518 2359 1662 2421 aliorum
1675 2358 1884 2435 regularium

1082 2459 1202 2522 iratres
1215 2458 1256 2520 ad
1271 2458 1485 2522 collationem
1499 2472 1575 2520 cnm
1588 2456 1778 2534 pulsatione
1791 2456 1885 2532 'signi

1083 2556 1225 2619 debeant
1250 2556 1449 2628 convenire,
1477 2554 1563 2633 quod
1595 2554 1697 2616 eiiam
1725 2555 1762 2614 in
1787 2553 1886 2614 domo

1083 2654 1357 2721 Grandimonten.
1379 2654 1545 2724 servatur,
1561 2651 1739 2730 postulasti
1753 2665 1774 2712 a
1788 2650 1885 2713 nobis

1084 2754 1121 2814 ut
1138 2750 1249 2814 hocin
1268 2750 1421 2813 ecclesiis
1436 2751 1471 2812 in
1487 2749 1606 2828 quibus
1621 2748 1745 2810 naues
1758 2747 1808 2810 tui
1822 2750 1886 2810 Or-

1084 2850 1172 2912 dinis
1200 2850 1447 2911 commorantur
1476 2847 1551 2909 deri
1580 2861 1641 2924 per
1668 2845 1812 2908 clericos
1844 2846 1885 2907 de

1083 2949 1198 3010 nostra
1212 2946 1430 3026 permissione
1443 2945 1570 3007 liceret.
1585 2945 1655 3006 Nos
1665 2944 1770 3020 igitur
1781 2944 1885 3006 atten-

1084 3045 1210 3119 dentes,
1233 3044 1320 3123 quod
1340 3060 1384 3107 ex
1407 3043 1472 3105 boc
1498 3041 1586 3105 Ordo
1609 3041 1882 3104 (trandimonten.

1082 3143 1306 3216 nonlaeditur,
1330 3142 1388 3203 sed
1409 3141 1520 3219 potius
1536 3138 1713 3203 roboratur
1736 3140 1766 3201 si
1785 3142 1886 3217 caput

1083 3240 1232 3303 membra
1262 3240 1454 3318 sequantur,
1486 3238 1665 3300 annuimus
1693 3237 1883 3316 postulatis.

1083 3339 1193 3401 Nullis
1207 3338 1328 3401 litteris
1348 3337 1484 3401 veritati
1506 3335 1541 3398 et
1554 3335 1695 3414 Justitiae
1718 3335 1885 3413 praejudi-

1083 3436 1235 3500 cantibus
1260 3451 1364 3514 super
1379 3436 1443 3497 boc
1461 3434 1496 3495 in
1523 3433 1721 3496 clericorum
1747 3432 1884 3494 Ordinis

1082 3535 1132 3597 tui
1157 3533 1388 3612 praejudioium
1411 3531 1536 3594 assde
1557 3529 1751 3609 Apostolioa
1778 3530 1885 3608 impe-

1082 3629 1190 3693 tratis.
1214 3629 1305 3691 Nulli
1326 3643 1418 3704 ergo,
1441 3628 1517 3699 etc,
1544 3628 1668 3689 nostrae
1692 3626 1885 3688 concessio-

1082 3728 1147 3803 nis,
1161 3728 1223 3791 etc.
1238 3727 1274 3788 Si
1287 3726 1362 3805 quis
1375 3726 1497 3798 autem,
1511 3725 1574 3785 etc.

1122 3828 1241 3889 Datum
1262 3823 1434 3896 Laterani,
1463 3821 1617 3884 kalendis
1639 3820 1775 3902 aprilis,
1796 3836 1882 3902 pon·

1082 3924 1226 3988 titicatus
1239 3921 1345 3987 nostri
1357 3935 1446 3984 anno
1461 3919 1581 3999 primo.

1210 4256 1216 4268 ,
1336 4150 1614 4241 ccixmvu

1082 4328 1135 4388 Ad
1147 4326 1441 4400 arciepiscopatu
1460 4321 1495 4384 ct
1507 4335 1629 4383 corum
1639 4319 1883 4397 supi-apamea

1158 4436 1226 4499 per
1237 4436 1386 4500 reanum
1399 4422 1563 4481 Frenetes
1575 4417 1796 4480 constitutor.

1378 4570 1477 4643 lapr.
1498 4569 1578 4627 itit.

1114 4688 1225 4754 [aaut.
1235 4685 1280 4738 lib.
1295 4686 1315 4737 1.
1328 4684 1402 4751 epist.
1419 4682 1475 4733 ddi.
1487 4684 1546 4734 tiss.
1559 4683 1596 4733 Le
1608 4682 1686 4732 Porto
1701 4680 1738 4732 dn
1753 4680 1847 4744 rnen]

1083 4866 1199 4929 blandat
1217 4865 1259 4924 eis
1273 4869 1305 4921 nt
1319 4862 1608 4922 Grandimontensem
1623 4860 1762 4934 priorem,
1781 4860 1829 4918 cni
1845 4855 1881 4915 ed

1118 4954 1350 5015 reformationem
1362 4951 1476 5011 Ordinis
1496 4950 1552 5020 sui,
1570 4962 1672 5007 omnes
1689 4948 1877 5007 Grandimon·

1129 5053 1225 5104 tenses
1239 5042 1340 5101 domos
1350 5038 1483 5100 visitandi
1495 5040 1542 5113 ius
1555 5037 1723 5097 attribueret
1735 5037 1878 5114 efflorent,

1118 5143 1147 5194 et
1159 5136 1187 5193 ei
1197 5132 1325 5191 intorem
1337 5143 1454 5189 omnem
1465 5127 1642 5202 impendant.

1121 5276 1301 5349 Honorius,
1322 5277 1398 5347 etc,
1421 5271 1670 5336 venerabilibus
1690 5271 1878 5349 archiepis·

1082 5377 1174 5456 copis
1201 5376 1235 5439 et
1261 5389 1377 5437 eorum
1400 5370 1623 5448 suffraganeis
1653 5384 1715 5448 per
1741 5382 1879 5446 regnum

1083 5475 1234 5539 Francia
1249 5469 1448 5534 constitutis.

1123 5575 1204 5636 Cum
1225 5586 1286 5651 per
1311 5567 1580 5633 reformationem
1606 5563 1876 5629 Grandimonten.
