3946 6196
229 214 290 274 455

229 375 333 438 trevis
364 396 372 435 ε
399 374 482 436 duas
510 374 623 453 partes
648 375 852 437 decimarum
881 374 1029 436 domanil

230 472 359 535 abbatis
380 473 666 545 Destmonasterii,
684 472 719 533 in
734 473 905 545 Burtonia,
922 473 1030 535 Tode-

230 571 321 644 11661,
346 574 378 634 61
401 572 564 643 Suitonia,
591 572 741 633 maneria
765 572 805 632 de
820 572 965 648 linghes,
988 572 1028 633 de

231 670 429 737 (1111616616,
456 669 670 742 Vuiiistonia,
700 670 740 730 de
772 671 959 738 Prestona,
988 670 1029 731 de

231 783 334 844 parva
348 768 524 839 Tuntonia,
552 768 592 830 de
607 768 801 845 Teyntonia,
819 767 859 829 de
874 770 979 840 Mora,
996 768 1030 829 et

231 865 272 926 ‹le
284 865 388 925 Culna
403 865 515 927 Sancti
528 866 690 943 Dionysii,
703 882 776 925 6616
788 864 1026 942 pratisvineis,

230 963 553 1036 terrisnemoribus,
565 964 690 1040 usagiis
702 966 735 1026 et
743 965 876 1041 pascuis
887 964 1029 1025 inbosco

231 1062 265 1122 et
285 1061 396 1138 piano,
414 1062 449 1122 in
467 1062 562 1139 aquis
581 1064 615 1123 et
635 1063 670 1123 in
688 1062 899 1133 molendinis,
915 1062 1029 1123 inviis

232 1161 264 1221 61
279 1145 405 1221 semitis
420 1160 497 1222 etin
513 1159 665 1221 omnibus
680 1160 756 1221 61116
771 1160 981 1222 libertatibus
996 1161 1030 1222 et

232 1257 495 1319 immunitatibus
518 1258 598 1319 suis.
617 1261 704 1320 Sane
719 1258 887 1319 novalium
900 1259 1030 1320 vestro-

231 1372 307 1418 rum
329 1373 402 1434 quae
420 1357 563 1434 propriis
588 1357 740 1417 manibus
767 1356 826 1418 aut
843 1356 1028 1434 sumptibus

231 1454 351 1527 colitis,
369 1455 440 1516 sive
456 1455 495 1515 de
507 1455 691 1516 vestrorum
709 1455 902 1516 animalium
918 1455 1029 1516 nutri-

230 1553 362 1623 mentis,
379 1553 491 1613 nulius
506 1552 632 1613 avobis
657 1553 802 1614 decimas
824 1553 960 1629 exigere
975 1551 1028 1613 vel

232 1651 430 1728 extorquere
443 1651 634 1728 praesumat.

270 1750 383 1810 Liceat
402 1764 531 1826 quoque
555 1748 649 1809 vobis
669 1748 813 1810 ciericos
832 1749 885 1810 vei
911 1748 1027 1820 laicos,

231 1846 355 1907 liberos
379 1850 413 1908 et
432 1847 601 1908 absolutos
618 1862 638 1907 6
657 1846 780 1907 saeculo
802 1846 965 1923 fugientes
987 1847 1029 1907 ad

230 1945 484 2005 conversionem
522 1944 688 2021 recipere,
726 1945 758 2006 et
796 1961 865 2017 eos,
905 1943 1029 2021 absque

230 2042 491 2105 contradictione
519 2042 642 2119 aliqua,
673 2043 831 2103 retinere.
867 2042 1031 2104 Prohibe-

229 2158 303 2201 mus
317 2142 452 2217 insuper
466 2143 502 2202 ut
522 2139 609 2201 inira
630 2140 713 2201 lines
727 2140 894 2217 parochiae
908 2142 1029 2202 vestrae

228 2239 351 2311 nullus,
369 2239 441 2300 sine
463 2253 602 2299 assensu
626 2238 807 2299 dioecesani
832 2238 978 2315 episcopi
997 2240 1031 2299 61

228 2338 356 2409 vestro,
384 2336 546 2413 capellam
579 2352 637 2397 seu
669 2336 851 2397 oratorium
879 2335 920 2396 de
943 2351 1029 2397 novo

229 2436 425 2496 construere
440 2433 572 2506 audeat,
591 2434 693 2495 salvis
708 2433 893 2511 privilegiis
913 2436 1030 2496 Roma·

230 2549 349 2594 norrun
366 2532 574 2593 Pontiiicum.

273 2631 484 2708 sepulturam
509 2645 639 2708 quoque
660 2629 765 2706 ipsius
792 2629 857 2690 loci
890 2629 1029 2691 liberam

232 2742 305 2788 esse
319 2726 538 2797 decernimus,
555 2727 718 2787 uteorum
734 2724 901 2786 devotioni
917 2727 950 2785 et
969 2740 1030 2785 ex·

232 2828 347 2887 tremae
366 2825 532 2887 voluntati
552 2823 660 2901 quise
681 2823 732 2883 iili
748 2823 882 2900 sepeliri
903 2822 1030 2884 delibe-

231 2919 393 2995 raverint,
416 2921 483 2982 nisi
500 2919 584 2981 16116
599 2919 876 2982 excommunicati
895 2919 949 2980 vei
970 2919 1028 2979 iu-

228 3016 797 3089 161116111661161661166611616161,
813 3017 904 3078 salva
921 3018 1029 3078 tamen

227 3118 358 3195 justitia
374 3116 509 3177 iliarum
529 3114 747 3176 ecclesiarum
765 3129 784 3175 a
804 3114 924 3192 quibus
939 3130 1031 3175 mor-

230 3217 363 3276 tuorum
385 3229 526 3290 corpora
547 3213 771 3273 assumuntur.
798 3213 877 3273 Paci
900 3228 1029 3289 quoque

230 3314 264 3374 et
272 3310 508 3388 tranquillitati
521 3312 641 3372 vestrae
657 3310 795 3388 paterna
810 3310 845 3369 in
862 3311 1028 3386 posterum

230 3409 453 3472 sollicitudine
468 3408 643 3486 providere
655 3408 816 3480 veientes,
831 3409 1030 3470 auctoritate

229 3508 418 3586 Apostolica
443 3505 668 3584 probibemus,
690 3507 727 3568 ut
744 3505 833 3568 inira
857 3506 1030 3568 clausuras

229 3608 379 3669 iocorum
391 3607 579 3668 vestrorum
592 3605 703 3665 nulius
718 3605 871 3682 rapinam
887 3621 946 3666 seu
959 3602 1031 3665 161-

228 3706 299 3768 tum
325 3705 447 3772 iacere,
481 3704 592 3780 ignem
620 3719 798 3780 apponere,
834 3703 1030 3779 sanguinem

229 3803 379 3875 tundere,
397 3803 566 3864 hominem
579 3802 705 3863 temere
720 3817 839 3879 capere
857 3801 911 3862 vel
926 3801 1031 3863 inter-

231 3904 342 3975 licere,
380 3917 439 3962 seu
473 3899 669 3961 violentiam
704 3899 825 3961 audeat
860 3915 1029 3960 exercere.

233 4002 402 4061 Praeterea
423 4013 538 4060 omnes
562 3997 733 4058 libertates
752 3998 785 4057 et
806 3996 1031 4059 immunitates

231 4114 252 4158 6
269 4095 572 4174 praedecessoribus
588 4094 712 4155 nostris
728 4095 887 4156 Romanis
910 4094 1030 4155 Ponti·

231 4194 349 4256 ficibus
362 4192 566 4254 monasterio
576 4193 686 4253 vestro
700 4207 887 4263 concessae,
902 4208 1031 4253 necnon

232 4292 404 4353 libertates
419 4292 451 4352 61
464 4289 691 4365 exemptiones
707 4288 920 4349 saecularium
930 4305 1033 4351 exac-

230 4390 358 4453 tionum
380 4403 400 4449 a
421 4385 556 4464 regibus
583 4386 616 4448 et
639 4386 858 4464 principibus,
879 4387 932 4449 vei
954 4387 1031 4448 aliis

231 4486 396 4559 lideiibus,
411 4484 655 4547 rationabiliter
669 4483 1033 4557 1611616161166,’666-

231 4586 365 4648 toritate
379 4581 1032 4661 16661611666661166666616166666-

232 4685 276 4747 tis
291 4683 406 4761 scripti
422 4680 597 4758 privilegio
613 4679 865 4741 communimus.

273 4782 490 4844 Decernimus
510 4794 590 4855 ergo
612 4778 899 4840 6166111666166
924 4778 1033 4840 homi·

233 4878 428 4939 6616116661
452 4873 625 4952 praelatum
647 4874 885 4936 monasterium
908 4874 1032 4936 temere

233 4975 439 5054 perturbare,
450 4974 590 5050 antejus
598 4972 828 5051 possessiones
845 4973 988 5044 auterre,
1001 4975 1034 5036 et

233 5073 362 5136 ablatas
389 5073 546 5141 retinere,
574 5086 634 5131 seu
658 5070 859 5147 quibuslibet
882 5072 1033 5133 vexatio-

232 5172 325 5235 ribus
341 5170 481 5246 fatigare
499 5190 506 5229 :
530 5168 588 5229 sed
607 5169 720 5230 omnia
739 5169 870 5245 integra
892 5184 1031 5231 conser-

232 5271 353 5333 ventur
366 5282 482 5329 eorum
497 5281 557 5342 616
574 5276 716 5342 quorum
731 5265 972 5341 gubernatione
993 5283 1033 5329 66

234 5367 473 5431 sustentatione
496 5380 654 5426 concessa
679 5366 766 5436 sunt,
793 5364 907 5426 usibus
925 5367 1034 5427 omni-

234 5467 340 5528 modis
373 5463 562 5543 protutura,
593 5462 686 5524 salva
710 5462 805 5524 Sedis
834 5463 1033 5540 Apostolioae

235 5564 443 5638 auctoritate,
459 5562 493 5625 61
506 5559 687 5624 (1166666661
709 5560 857 5638 66166661
872 5561 1033 5625 66666166

850 214 1026 276 HONORii
1049 214 1094 275 III
1116 214 1264 276 OPERA.

1828 220 1886 284 456

1080 374 1221 451 justitia,
1234 375 1267 436 61
1281 389 1380 453 snper
1394 375 1563 453 praedlctis
1578 376 1717 440 decimis
1733 378 1887 443 modera-

1083 473 1175 534 tione
1191 473 1329 535 Goncilii
1354 474 1531 550 generalis.
1561 476 1596 537 Si
1624 492 1689 554 qua
1714 477 1824 554 igitur
1850 479 1884 540 in

1084 569 1229 632 futurum
1244 571 1471 634 ecclesiastica
1488 574 1704 635 saecularisve
1726 592 1883 653 persona,

1083 667 1170 729 hanc
1189 669 1311 731 nostrae
1326 670 1572 732 constitutionis
1593 672 1751 748 paginam
1775 674 1885 735 sciens

1084 768 1199 828 contra
1227 783 1301 828 eam
1322 770 1447 830 temere
1470 771 1587 831 venire
1610 771 1805 843 tentaverit,
1833 789 1888 833 66-

1083 863 1192 925 66616
1227 864 1367 925 tertiove
1402 867 1618 938 commonita,
1650 869 1718 928 nisi
1751 868 1883 930 reatum

1084 978 1180 1021 suum
1195 977 1341 1038 congrua
1356 963 1584 1025 satisfactione
1600 966 1798 1039 correxerit,
1821 983 1885 1043 po-

1082 1060 1212 1121 testatis
1245 1060 1448 1139 honorisque
1480 1062 1533 1122 sui
1561 1066 1675 1126 careat
1706 1064 1882 1140 dignitate,

1084 1174 1240 1235 reamque
1260 1175 1297 1220 se
1311 1159 1425 1221 divino
1434 1160 1562 1237 judicio
1577 1162 1723 1223 existere
1744 1163 1787 1223 de
1808 1179 1886 1240 per-

1085 1258 1212 1333 patrata
1231 1257 1407 1334 iniquitate
1426 1260 1663 1334 cognoscatis
1680 1277 1702 1320 6
1724 1263 1887 1322 66616116-

1084 1355 1168 1415 61166
1193 1371 1331 1433 6616616
1359 1372 1399 1416 66
1422 1356 1585 1432 sanguine
1611 1358 1670 1418 Dei
1689 1360 1723 1419 et
1749 1359 1886 1420 Domini

1084 1453 1314 1531 Redemptoris
1328 1457 1409 1516 Jesu
1423 1455 1545 1516 Christi
1560 1455 1671 1517 aliena
1696 1456 1765 1527 1161,
1783 1459 1884 1533 atque

1084 1551 1120 1611 in
1135 1553 1283 1614 extremo
1296 1552 1451 1614 examine
1465 1553 1615 1614 districte
1637 1553 1811 1631 subjaceat
1832 1555 1886 1614 ui-

1084 1649 1178 1710 tioni.
1206 1650 1341 1711 Cunctis
1365 1651 1476 1712 661616
1499 1650 1606 1711 eidem
1629 1651 1704 1712 1666
1724 1668 1787 1712 666
1803 1655 1884 1729 jura

1085 1746 1294 1811 servantibus
1326 1747 1370 1808 611
1404 1764 1470 1825 pax
1503 1748 1633 1810 Domini
1663 1750 1770 1811 nostri
1802 1753 1884 1812 Jesu

1086 1845 1208 1906 Christi
1221 1845 1376 1922 quatinus
1391 1847 1424 1906 et
1438 1845 1492 1906 hic
1510 1845 1651 1907 fructum
1664 1845 1762 1907 honae
1777 1847 1885 1908 actio-

1085 1943 1138 2003 nis
1153 1943 1349 2020 percipiant,
1371 1946 1404 2005 et
1423 1944 1510 2020 apud
1524 1942 1712 2006 districtum
1730 1946 1884 2007 iudicem

1085 2042 1221 2117 praemia
1252 2043 1385 2103 aeternae
1420 2041 1512 2117 pacis
1547 2040 1734 2104 inveniant.
1764 2047 1885 2105 Amen.

1086 2141 1153 2214 Ego
1166 2139 1334 2199 Honorius
1344 2139 1523 2199 Catholicae
1537 2138 1694 2199 Ecclesiae
1707 2140 1887 2217 episcopus

1085 2236 1257 2313 suscripsi,
1274 2252 1336 2312 ego
1349 2235 1455 2297 Guido
1468 2237 1694 2297 Praenestinus
1706 2238 1886 2315 episcopus

1085 2335 1257 2410 suscripsi,
1270 2350 1331 2410 ego
1339 2333 1495 2409 Pelagius
1502 2333 1700 2395 libanensis
1707 2336 1887 2412 episcopus

1085 2432 1256 2508 suscripsi,
1272 2447 1333 2507 ego
1345 2431 1741 2493 CintbiusPortuensiset
1751 2435 1885 2495 Sanctae

1085 2528 1212 2591 Ruiinae
1232 2529 1410 2607 episcopus
1427 2529 1601 2606 suscripsi,
1622 2545 1684 2606 ego
1705 2531 1773 2593 Leo
1793 2531 1887 2592 tituli

1086 2628 1216 2689 Sanctae
1228 2627 1344 2687 Crucis
1358 2627 1393 2687 in
1402 2627 1613 2687 Hierusalem
1628 2627 1805 2704 presbyter
1815 2643 1886 2689 car·

1085 2725 1207 2785 (1166116
1220 2724 1390 2801 suscripsi,
1412 2740 1473 2800 ego
1489 2723 1653 2786 Robertus
1667 2724 1758 2786 111611
1772 2726 1886 2787 Sancti

1086 2823 1246 2899 Stephani
1261 2823 1295 2882 16
1308 2823 1419 2883 monte
1434 2821 1723 2901 Coeliopresbyter
1732 2823 1887 2885 cardina·

1084 2921 1125 2980 116
1152 2920 1324 2995 suscripsi,
1351 2930 1413 2996 ego
1441 2920 1622 2995 Gregorius
1637 2920 1727 2981 tituli
1753 2923 1886 2983 Sanctae

1084 3019 1269 3080 Anastasiae
1296 3016 1469 3095 6166111161
1494 3018 1675 3079 cardinalis
1706 3019 1879 3096 suscripsi,

1084 3132 1145 3192 ego
1161 3117 1303 3178 Thomas
1317 3116 1406 3177 tituli
1417 3116 1547 3178 Sanctae
1562 3115 1695 3177 Sabinae
1710 3116 1885 3195 presbiter

1085 3215 1265 3277 cardinalis
1285 3213 1456 3291 suscripsi,
1474 3229 1536 3289 ego
1556 3214 1662 3274 (luido
1684 3215 1799 3277 Sancti
1821 3216 1884 3276 Ni·

1085 3313 1171 3375 66161
1193 3313 1227 3373 16
1249 3328 1384 3374 6616616
1403 3311 1556 3372 Tulliano
1581 3311 1742 3374 diaconus
1765 3312 1883 3374 cardi-

1085 3412 1171 3473 nalis
1193 3410 1364 3487 suscripsi,
1380 3424 1442 3486 ego
1462 3410 1664 3471 Octavianus
1677 3410 1767 3471 tituli
1786 3426 1890 3473 sanc-

1085 3511 1194 3571 torum
1210 3508 1318 3585 Sergii
1338 3510 1371 3570 et
1390 3508 1513 3569 Bacchi
1528 3508 1690 3569 (11616666
1702 3509 1888 3571 cardinalis

1086 3607 1260 3684 suscripsi,
1283 3622 1344 3683 ego
1370 3608 1541 3668 Romanus
1561 3606 1650 3668 tituli
1676 3607 1886 3669 866611116-

1085 3706 1152 3782 geii
1184 3705 1344 3766 diaconus
1386 3704 1568 3765 cardinalis
1610 3704 1790 3781 suscripsi,
1826 3721 1889 3782 ego

1087 3804 1274 3882 Stephanus
1292 3802 1407 3865 titulus
1433 3803 1545 3864 Sancti
1562 3802 1703 3864 Adriani
1724 3803 1887 3865 (11666666

1087 3902 1268 3963 6611166116
1305 3900 1485 3977 suscripsi,
1522 3915 1584 3976 ego
1622 3900 1760 3976 Egidius
1794 3902 1887 3963 tituli

1088 4001 1284 4062 Sanctorum
1317 4001 1443 4060 Cosmae
1475 3998 1508 4060 61
1539 3998 1694 4059 Damiani
1722 3999 1886 4061 diaconus

1087 4097 1268 4159 cardinalis
1283 4096 1454 4173 suscripsi.

1128 4197 1246 4257 Datum
1280 4195 1441 4270 Anagniae
1476 4209 1536 4271 per
1566 4209 1701 4254 manum
1737 4196 1892 4257 Rainerii

1087 4295 1209 4356 sanctae
1234 4295 1392 4354 Romanae
1417 4292 1573 4354 Ecclesiae
1602 4293 1889 4367 vicecancellarii,

1087 4391 1232 4454 secundo
1248 4391 1325 4453 idus
1337 4390 1429 4453 Julii.
1491 4413 1493 4417 ·

1397 4576 1574 4664 ccciii

1087 4726 1138 4784 Ad
1153 4723 1348 4785 1166116661
1373 4720 1530 4781 abbatem
1548 4720 1760 4781 moizosterit
1776 4724 1897 4783 Sarzcti

1127 4822 1283 4893 Dionysii
1325 4820 1500 4879 Parisios.
1538 4819 1705 4878 Dioecests
1751 4822 1895 4894 ejusque

1126 4918 1259 4993 fratres
1283 4918 1355 4977 tam
1375 4915 1683 4990 praesentesque
1697 4916 1853 4989 [11111166.

1391 5036 1584 5111 1111611117.

1100 5212 1102 5215 ,
1124 5157 1242 5222 [liegest.,
1253 5154 1297 5206 tib.
1308 5155 1328 5213 1,
1339 5153 1414 5218 epist.
1428 5152 1483 5203 503.
1501 5153 1558 5201 ilss.
1570 5153 1606 5203 La
1620 5154 1695 5202 Porta
1705 5153 1741 5204 du
1754 5154 1832 5205 ’111611
1838 5156 1853 5221 .]

1088 5263 1334 5337 Subprotectioue
1358 5261 1469 5318 Sancta
1493 5258 1575 5316 Sedis
1592 5256 1660 5316 iliud
1682 5264 1896 5319 monasterium

1123 5353 1223 5425 recipit
1235 5350 1365 5409 Pontilcx
1379 5356 1407 5406 et
1418 5363 1521 5405 omnes
1533 5348 1596 5420 6166
1607 5349 1816 5420 possessiones
1825 5366 1898 5425 quas

1124 5447 1283 5499 enumerat.

1128 5559 1296 5623 Honorius
1320 5563 1395 5629 etc,
1412 5554 1542 5617 dilectis
1567 5540 1647 5615 tiliis
1669 5556 1823 5620 ilenrico
1838 5558 1900 5621 ab·
