3946 6196
1971 196 1972 249 l

1810 332 1868 391 „

223 476 346 539 dicitur
362 477 577 539 seminarlum
593 493 666 539 cum
689 477 810 539 tinibus
834 480 917 553 suis,
936 479 1023 541 sicut
1076 479 1300 542 nibusearum
1314 482 1533 559 pertinentiis,
1548 485 1670 546 etcum
1686 485 1875 548 661661116-

222 320 284 382 435
839 320 1014 383 HONORII
1035 321 1079 381 111
1101 322 1249 384 OPERA.

222 576 471 638 antecessorum
496 577 688 636 nostrorum
706 575 892 654 privilegiis
914 578 1023 640 conti-

225 677 332 735 netur.
363 674 486 735 Collem
517 673 640 744 album,
668 675 840 736 castellum
865 676 1021 751 Augustae

224 786 299 831 curn
334 769 489 830 fundibus
522 772 556 831 et
588 770 754 831 casalibus
788 772 869 832 suis.
904 771 1021 833 casale

225 871 258 929 S.
288 867 472 929 Felicitatis
505 883 579 929 cum
612 868 728 930 eadem
765 870 917 941 ecclesia,
947 886 1022 930 cum

224 965 335 1027 lundis
364 966 397 1027 et
420 965 588 1029 casalibus
611 967 692 1039 suis,
719 970 752 1029 et
775 966 926 1028 omnibus
952 967 1022 1027 suis

224 1064 445 1141 pertinentiis.
473 1067 616 1126 Roccam
640 1065 866 1137 incameratae,
901 1065 1024 1126 castel-

224 1161 292 1223 lum
313 1163 500 1235 Muranum,
517 1165 549 1224 et
574 1178 706 1223 roccam
728 1162 864 1224 Martini
888 1165 921 1224 et
947 1179 1024 1224 roo-

224 1275 298 1321 cam
313 1259 354 1320 de
367 1261 470 1333 Meso,
483 1260 719 1322 cumomnibus
731 1276 845 1322 eorum
854 1261 1024 1337 pertinen·

134 1374 140 1387 ’
223 1357 291 1420 tiis.
317 1360 468 1419 Castrum
484 1359 663 1420 cantorani
680 1374 754 1418 cum
775 1374 874 1420 rocca
896 1374 967 1431 sua,
991 1360 1025 1421 et

224 1454 335 1517 lundis
355 1458 388 1517 et
407 1455 574 1518 casalibus
596 1456 677 1516 suis.
694 1457 840 1519 Mentem
857 1456 1022 1529 detineto,

223 1553 346 1615 vallem
375 1553 554 1629 brigidam,
581 1554 726 1615 montem
742 1555 782 1615 16
800 1556 905 1628 Μ666,
920 1555 953 1616 61
968 1555 1026 1615 Fi-

224 1650 367 1711 nistellae
387 1667 462 1711 cum
482 1650 634 1713 omnibus
658 1668 772 1713 eorum
794 1652 1023 1728 pertinentiis:

222 1747 398 1808 castellum
417 1749 587 1810 cerretum
607 1764 682 1809 cum
695 1748 848 1809 omnibus
861 1749 1026 1826 pertinen·

223 1845 281 1906 tiis
297 1845 381 1920 suls;
399 1847 545 1908 castrum
560 1846 675 1906 (lirani
702 1862 776 1908 cum
804 1846 970 1908 montibus
993 1848 1027 1909 et

225 1941 378 2011 collibus,
396 1942 506 2003 lundis
517 1946 554 2004 et
566 1942 734 2005 casalibus
754 1944 837 2015 suis,
852 1960 927 2005 cum
942 1959 1026 2004 mas·

224 2039 282 2111 sis,
300 2040 333 2100 et
346 2039 497 2100 omnibus
511 2040 581 2101 suis
596 2042 820 2118 pertinentiis,
834 2043 867 2102 et
879 2058 953 2103 curn
967 2058 1027 2103 ve-

227 2135 289 2196 teri
308 2136 503 2198 haereditate
528 2139 751 2200 monasterii:
771 2139 943 2200 castellum
965 2146 1027 2218 Ap·

225 2234 350 2310 polonii
373 2250 447 2295 cum
461 2235 628 2297 montibus
646 2238 681 2298 et
705 2236 872 2298 casalibus
887 2239 977 2312 suis,
994 2239 1028 2300 et

225 2331 435 2393 medietatem
460 2334 561 2395 castri
584 2336 617 2394 S.
633 2334 841 2410 angelicum
863 2336 1023 2408 ecclesiis,

225 2429 357 2502 massis,
374 2429 498 2502 lundis,
513 2433 547 2494 et
558 2431 711 2492 omnibus
731 2433 800 2492 suis
816 2434 1026 2509 pertinentiis

225 2541 358 2603 eorum;
382 2543 514 2589 roccam
535 2530 568 2589 S.
592 2528 751 2605 Stephani
766 2545 840 2590 curn
855 2531 1027 2607 pertinen-

224 2623 281 2684 tiis
292 2625 379 2699 suls;
395 2626 518 2686 vallem
529 2626 569 2687 de
578 2627 723 2702 Anien03
739 2628 857 2688 collem
872 2628 913 2689 de
928 2628 1026 2690 Occia

225 2737 300 2782 cum
323 2722 489 2784 montibus
511 2726 544 2786 et
556 2724 709 2797 collibus,
726 2724 837 2785 lundis
852 2725 885 2788 et
903 2726 1027 2787 casali·

224 2817 286 2879 bus
304 2820 386 2881 suis.
409 2822 669 2893 Tuccianellum,
687 2822 827 2883 fundum
848 2826 1024 2896 Horarum,

224 2915 362 2977 fundum
377 2919 642 2992 Mucronianum,
670 2920 807 2980 fundum
830 2922 1025 2989 canianum,

223 3013 361 3074 fundum
384 3016 614 3087 Convilellum,
643 3016 781 3077 fundum
808 3018 1024 3094 aquaevivae,

224 3110 257 3170 et
271 3111 481 3173 medietatem
505 3113 627 3174 montis
646 3113 768 3174 Adlani
784 3129 859 3173 curn
875 3114 1026 3176 omnibus

224 3222 339 3267 eorum
374 3210 585 3284 pertinentiis
616 3232 624 3269 2
652 3212 798 3271 cestrum
831 3211 917 3272 Atile
952 3228 1026 3273 oum

225 3304 391 3367 montibus
406 3308 439 3368 et
452 3306 604 3377 collibus,
621 3308 655 3369 et
672 3308 883 3371 medietatem
904 3311 1026 3371 montis

224 3401 349 3464 Alilani
375 3420 450 3465 cum
476 3405 629 3466 omnibus
655 3421 771 3468 eorum
799 3408 1024 3485 pertinentiis;

225 3501 372 3562 castrum
393 3503 522 3564 Pontice
544 3519 618 3564 cum
633 3504 800 3566 montibus
821 3508 854 3567 61
873 3505 1024 3577 collibus,

224 3597 258 3658 61
286 3599 439 3661 omnibus
472 3616 588 3662 eorum
617 3601 847 3678 pertinentiis,
880 3605 1027 3666 castrum

224 3697 341 3773 Rojate
361 3713 435 3758 cum
455 3714 554 3760 rocca
580 3700 684 3766 sicca.
707 3701 828 3777 praeter
842 3716 881 3761 66
896 3716 970 3777 quae
985 3716 1028 3761 ex

223 3794 359 3871 6611666
376 3798 464 3873 jure,
482 3797 514 3859 et
529 3813 627 3875 quam
640 3800 864 3860 Romanorum
882 3797 1026 3859 Pontifi-

120 3952 122 3957 ,
225 3908 311 3965 curn,
333 3910 433 3970 quam
454 3896 554 3957 etiam
581 3897 819 3973 imperatorum
843 3896 1029 3958 concessio·

224 3989 323 4051 nibus
347 3994 379 4053 61
401 3993 599 4070 privilegiis,
631 3993 673 4054 ad
696 3993 784 4055 idem
813 3993 902 4055 beati
925 3996 1028 4055 Bene

224 4089 304 4150 dicti
317 4092 555 4151 monasterium
577 4092 745 4167 pertinere
761 4093 954 4155 noscuntur.

265 4187 344 4247 Sala
356 4187 475 4248 civitas
499 4204 572 4264 6666
589 4192 733 4249 necatur
746 4189 935 4258 Carceolus‚
952 4205 1026 4249 cum

226 4284 358 4356 massis,
377 4284 488 4345 lundis
504 4286 535 4346 et
550 4284 717 4346 casalibus
731 4286 821 4359 suls;
847 4286 1026 4360 Auricula;

225 4397 322 4443 rocca
352 4381 392 4441 de
422 4382 534 4453 Butte,
569 4397 666 4443 rocca
695 4383 852 4459 Aprunii,
889 4385 1024 4455 Arsule,

226 4477 426 4551 Rubianum‚
444 4481 477 4541 et
491 4478 788 4540 aliudatubianum
804 4479 910 4542 situm
927 4496 1028 4557 super

226 4576 384 4652 fluvium3
410 4576 614 4649 Anticulum,
635 4576 903 4651 saraciniscum
928 4593 1028 4639 rocca

225 4675 266 4736 de
281 4675 381 4747 Muzi,
398 4691 496 4736 rocca
520 4675 561 4736 de
580 4673 700 4747 surici,
715 4674 875 4747 sambuci,
893 4674 1029 4737 Cicilia-

227 4789 305 4833 num
318 4796 325 4848 ;
340 4773 551 4835 medietatem
564 4773 604 4834 de
618 4772 709 4834 Flice
724 4794 732 4847 3
751 4788 895 4835 massam
918 4775 1029 4834 616-

225 4871 315 4944 lerii,
330 4872 533 4944 Pisciancm,
550 4873 693 4934 montem
707 4871 845 4941 casalis,
862 4871 1025 4942 Civitalla,

226 4969 403 5029 olivanum
417 4986 491 5030 cum
506 4968 659 5030 omnibus
674 4967 786 5029 lundis
809 4969 842 5030 et
861 4968 1027 5030 casalibus

228 5065 311 5126 suis.
326 5066 488 5141 Oppidum
503 5066 727 5127 Tusculanum
750 5081 824 5126 cum
838 5080 937 5126 rocca
952 5081 1025 5138 sua,

227 5167 260 5225 et
272 5162 425 5224 omnibus
439 5164 509 5223 suis
525 5162 937 5240 pertinentiis;.castellum
949 5164 1028 5225 Gal-

227 5261 372 5323 licanum
388 5277 463 5321 cum
486 5260 648 5333 ecclesiis
666 5260 790 5332 lundis,
807 5260 974 5322 casalibus
988 5262 1027 5321 et

226 5358 380 5420 omnibus
425 5358 633 5437 pertinentiis
666 5359 746 5419 suis.
786 5358 1026 5420 confirmamus

226 5457 327 5517 etiam
354 5456 449 5518 vobis
477 5455 578 5517 cellas
604 5456 645 5517 ad
674 5455 763 5516 idem
783 5454 1026 5516 monasterium

227 5553 442 5625 pertinentes.
458 5555 610 5615 Vestram
626 5551 839 5614 6661661666.
855 5552 976 5627 Angeli
990 5553 1025 5612 in

227 5644 314 5704 111116
326 5648 486 5723 positam,
503 5649 678 5713 ecclesiam
692 5666 718 5708 s.
731 5647 865 5722 Georgii
873 5663 947 5709 cum
960 5662 1028 5710 om·

1076 577 1216 640 reditate
1235 577 1323 640 beati
1342 579 1534 655 Benedicti,
1555 581 1734 644 ecclesiam
1758 586 1876 646 6816-
1971 600 1972 611 ¹

1077 674 1178 751 phani
1213 675 1253 736 de
1285 675 1388 749 Pilio,
1424 677 1599 740 ecclesiam
1631 697 1659 739 6.
1689 681 1812 756 Angeli
1839 682 1876 743 iu

1077 772 1268 845 Petralata;
1292 774 1469 836 ecclesiam
1489 792 1515 836 6.
1540 775 1729 838 sebastiani
1753 778 1789 838 in
1811 781 1877 840 Pa-

1077 870 1193 944 lian03
1222 870 1398 932 ecclesiam
1424 889 1450 932 6.
1479 874 1627 945 Quintini
1650 876 1685 935 et
1707 875 1814 935 Blasii
1841 876 1877 936 in

1076 967 1257 1042 Anticum,
1287 968 1462 1031 ecclesiam
1485 985 1512 1031 s.
1538 971 1639 1031 Leuci
1667 971 1703 1031 in
1729 971 1875 1043 Babuco,

1077 1080 1152 1126 cum
1169 1066 1322 1127 omnibus
1336 1082 1451 1127 earum
1473 1068 1683 1144 pertinentiis
1698 1069 1826 1145 positas
1842 1069 1876 1130 iu

1076 1163 1246 1225 territorio
1266 1164 1479 1241 campanino.
1501 1167 1538 1225 In
1558 1166 1712 1227 carseolo
1733 1183 1761 1225 6.
1788 1168 1879 1229 Ρ6161

1078 1261 1112 1320 16
1147 1262 1342 1334 Camerata,
1376 1264 1410 1324 et
1442 1262 1617 1324 ecclesiam
1650 1280 1677 1323 s.
1714 1264 1810 1324 Petri
1844 1264 1879 1325 in

1078 1359 1237 1434 Aprunio.
1276 1360 1313 1420 In
1344 1360 1513 1420 territorio
1545 1360 1734 1421 Marsicano
1771 1362 1881 1422 eccle-

1079 1456 1162 1516 siam
1173 1472 1200 1516 6.
1213 1455 1302 1519 Petri
1313 1457 1349 1517 in
1359 1456 1472 1529 Nerle,
1486 1457 1662 1518 ecclesiam
1671 1473 1698 1518 s.
1707 1459 1879 1520 Benedicti

1077 1553 1114 1613 in
1128 1554 1201 1614 rivo
1220 1553 1260 1614 de
1275 1554 1423 1626 bimulis,
1446 1554 1623 1616 ecclesiam
1644 1572 1671 1616 s.
1687 1556 1829 1618 'rhomae
1845 1557 1879 1617 in

1078 1651 1282 1728 ‘transaquis
1302 1667 1376 1712 cum
1398 1651 1540 1713 ecclesia
1559 1669 1587 1712 s.
1612 1651 1745 1714 Nicolai
1771 1655 1880 1730 posita

1081 1748 1114 1808 16
1138 1748 1218 1809 villa
1241 1765 1315 1810 cum
1344 1748 1497 1810 omnibus
1516 1765 1632 1811 earum
1652 1751 1876 1827 pertinentiis,

1081 1846 1258 1907 ecclesiam
1282 1864 1308 1908 s.
1329 1846 1447 1923 Angeli
1472 1849 1509 1908 in
1529 1847 1623 1921 Alba,
1651 1847 1835 1910 ecclesiam
1852 1864 1878 1908 s.

1080 1943 1264 2005 salvatoris
1277 1944 1312 2004 in
1331 1947 1496 2017 Auezano,
1518 1945 1695 2007 ecclesiam
1710 1962 1738 2006 6.
1763 1947 1880 2007 Mariae

1081 2041 1122 2102 16
1136 2041 1219 2103 rulo
1238 2058 1312 2102 cum
1329 2042 1481 2103 omnibus
1505 2043 1716 2119 pertinentiis
1732 2043 1820 2103 suis.
1846 2047 1880 2105 ln

1081 2139 1168 2199 valle
1190 2142 1318 2200 sorana
1337 2140 1512 2201 ecclesiam
1530 2157 1558 2201 s.
1586 2140 1682 2202 Pauli
1702 2157 1782 2202 cum
1806 2141 1881 2202 aliis

1080 2236 1186 2297 tribus
1200 2238 1360 2310 ecclesiis,
1377 2241 1493 2300 etcum
1507 2238 1588 2299 villa
1598 2239 1697 2315 juxta
1711 2239 1879 2315 seposita,

1081 2335 1114 2396 et
1141 2334 1294 2395 omnibus
1319 2350 1433 2395 earum
1457 2335 1677 2413 pertinentiis.
1694 2336 1882 2397 Ecclesiam

1081 2449 1108 2492 s.
1125 2433 1264 2493 Joannis
1279 2431 1319 2492 de
1333 2433 1486 2505 Pesculo,
1512 2432 1689 2494 ecclesiam
1712 2449 1741 2493 6.
1764 2433 1882 2495 Mariae

1081 2528 1121 2589 de
1135 2529 1299 2602 dnticulo,
1309 2530 1484 2591 ecclesiam
1494 2547 1521 2591 6.
1533 2529 1650 2591 Mariae
1661 2529 1701 2590 de
1712 2529 1881 2602 Rubiano,

1081 2629 1114 2688 et
1126 2625 1303 2687 ecclesiam
1314 2643 1340 2687 s.
1355 2628 1470 2689 Mariae
1485 2627 1526 2688 de
1539 2627 1672 2689 Arsula.
1689 2629 1729 2687 In
1745 2627 1882 2689 civitate

1081 2723 1252 2786 Tiburtina
1266 2724 1426 2787 ecclesias
1440 2742 1468 2786 s.
1483 2724 1652 2797 Antonini,
1674 2741 1701 2784 6.
1717 2725 1839 2786 Crucis
1852 2726 1884 2786 et

1082 2838 1107 2881 s.
1134 2821 1290 2884 Barbarae
1309 2839 1383 2884 cum
1407 2822 1561 2885 omnibus
1578 2838 1694 2883 earum
1709 2823 1885 2899 pertinen-

1080 2919 1158 2994 tiis,
1178 2919 1280 2980 aliam
1293 2919 1411 2980 cellam
1435 2919 1476 2980 ad
1496 2920 1656 2982 bonorem
1669 2936 1697 2979 s.
1715 2920 1835 2981 Crucis
1850 2919 1883 2979 in

1082 3016 1286 3089 Quintiliano
1306 3033 1381 3077 cum
1400 3015 1522 3078 oliveto
1542 3033 1614 3090 suo,
1631 3018 1664 3078 et
1687 3018 1793 3078 certis
1816 3017 1883 3077 suis

1082 3114 1301 3191 pertinentiis,
1315 3116 1348 3175 61
1358 3129 1419 3174 sex
1431 3113 1546 3174 uncias
1561 3114 1760 3175 deecclesia
1775 3132 1804 3175 6.
1819 3116 1885 3175 Ma-

1082 3211 1141 3273 riae
1152 3212 1186 3271 in
1202 3212 1317 3272 eodem
1339 3211 1412 3273 loco
1432 3211 1559 3288 posita3
1576 3210 1714 3272 fundum
1731 3211 1883 3273 Gallica-

1082 3324 1160 3369 num
1171 3324 1246 3369 cum
1258 3309 1399 3370 ecclesia
1410 3325 1436 3369 s.
1450 3308 1553 3381 Petri,
1561 3324 1600 3370 ac
1610 3309 1710 3370 terris
1719 3309 1753 3370 61
1762 3309 1884 3381 uineis,

1082 3405 1169 3468 sicut
1189 3421 1248 3483 per
1273 3406 1427 3484 antiquos
1452 3405 1571 3467 6111666
1595 3408 1739 3468 constat
1761 3407 1886 3469 Villam
1971 3472 1972 3479 ,

1082 3519 1155 3579 quae
1175 3505 1312 3565 vocatur
1337 3503 1419 3580 Papi
1438 3520 1512 3564 cum
1538 3504 1728 3565 ecclesias.
1753 3505 1884 3576 Mariae,

1081 3600 1182 3661 terris
1198 3602 1231 3662 et
1250 3600 1369 3661 vineis.
1386 3601 1531 3662 Mentem
1545 3602 1603 3678 661
1616 3603 1758 3663 vocatur
1769 3602 1886 3661 Moni-

1082 3697 1176 3772 tula;
1197 3697 1357 3759 ecclesias
1385 3714 1413 3758 6.
1441 3698 1557 3759 Mariae
1584 3714 1657 3775 quae
1686 3698 1824 3775 ponitur
1849 3698 1885 3759 in

1083 3798 1189 3871 porta,
1212 3796 1246 3857 et
1271 3812 1299 3857 s.
1327 3794 1516 3857 sebastiani
1542 3811 1616 3856 cum
1636 3795 1797 3856 omnibus
1812 3796 1884 3856 suis

1082 3892 1508 3973 pertinentiis.Aquemolas
1516 3893 1601 3954 tres:
1614 3908 1716 3954 unam
1725 3893 1760 3953 in
1768 3894 1886 3955 Castro

1082 3990 1197 4062 veteri,
1224 3989 1363 4051 alteram
1387 3989 1469 4051 loris
1493 3993 1622 4067 portam
1648 3992 1823 4067 majorem,
1853 3992 1886 4052 ct

1082 4087 1215 4149 tertiam
1229 4088 1265 4147 in
1279 4089 1391 4149 Vesta.
1414 4090 1515 4149 Juxta
1535 4087 1715 4149 Castellum
1737 4088 1888 4149 Gallica-

1082 4201 1161 4245 num
1173 4184 1332 4247 ecclesias
1347 4201 1374 4245 s.
1392 4185 1552 4257 Pastoris,
1569 4201 1595 4245 6.
1610 4184 1745 4260 angeli,
1761 4202 1791 4245 6.
1807 4186 1886 4246 Ma·

1082 4284 1153 4355 riae,
1171 4299 1198 4343 s.
1214 4281 1385 4344 Laurentii
1400 4283 1435 4343 in
1447 4285 1541 4359 Aqua
1555 4282 1623 4344 6116
1638 4298 1714 4343 curn
1730 4281 1887 4343 omnibus

1082 4396 1197 4443 earum
1216 4379 1492 4457 possessionibus.
1509 4382 1623 4441 Rome
1637 4380 1887 4441 monasterium

1082 4494 1109 4539 6.
1126 4477 1254 4539 Erasmi
1267 4494 1342 4539 cum
1364 4476 1525 4549 domibus,
1553 4476 1672 4550 bortis,
1693 4477 1731 4538 et
1751 4477 1887 4540 caeteris

1082 4574 1350 4653 possessionibus
1361 4574 1404 4637 ad
1422 4575 1532 4651 ipsum
1547 4572 1804 4652 pertinentibus.

1121 4672 1171 4734 ad
1186 4673 1258 4735 baec
1277 4672 1411 4748 propter
1424 4671 1613 4749 frequentes
1629 4671 1790 4749 11666166,
1811 4688 1887 4750 666

1082 4769 1123 4832 ab
1147 4769 1333 4846 episcopis,
1359 4770 1413 4832 uel
1438 4769 1669 4847 episcoporum
1696 4768 1887 4842 ministris,

1082 4867 1293 4931 monasteriis
1319 4867 1528 4943 ingeruntur,
1551 4866 1662 4928 datam
1681 4866 1891 4928 666166616-

1082 4964 1181 5027 66116
1196 4981 1216 5027 6
1231 4963 1664 5042 nnstrispraedecessoribus
1677 4962 1887 5037 facultatem,

1082 5063 1176 5125 vobis
1188 5078 1318 5140 666666
1336 5062 1443 5125 ratam
1458 5077 1596 5125 manere
1608 5060 1834 5133 decernimus,
1851 5064 1892 5123 ut

1082 5160 1123 5221 61
1139 5160 1298 5223 ecclesias
1308 5176 1383 5223 cum
1395 5159 1583 5236 expedierit
1597 5157 1815 5231 dedicandas,
1829 5160 1891 5221 aut

1082 5257 1221 5320 clericos
1236 5257 1271 5318 in
1286 5256 1500 5329 monasterio,
1517 5255 1636 5318 sivein
1650 5255 1758 5328 cellis,
1775 5272 1839 5318 666
1853 5256 1889 5317 16

1082 5355 1239 5427 castellis,
1253 5356 1310 5416 aut
1324 5354 1414 5417 uillis
1426 5353 1622 5416 monasterii
1630 5352 1852 5427 ordinandos
1868 5370 1891 5416 a

1082 5452 1177 5514 nobis
1193 5453 1383 5529 episcopum
1405 5451 1592 5528 possidetis.
1618 5450 1712 5522 Quod
1726 5451 1756 5511 si
1768 5451 1811 5511 ad
1822 5466 1890 5513 nos

1081 5550 1256 5627 pervenire
1282 5551 1317 5611 in
1346 5551 1494 5626 tempore
1522 5548 1758 5625 nequiveritis,
1787 5564 1891 5626 quem

1081 5648 1266 5711 malueritis
1291 5646 1492 5710 catholicum
1515 5646 1708 5725 episcopum
1730 5645 1892 5723 adeatis,
