3980 6206
242 297 303 358 839
858 295 1033 358 HONORII
1055 296 1101 359 111
1122 298 1270 361 OPERA.
1830 299 1887 359 840

239 454 1037 536 piscopocolecensi,inpatriarcuamaquilegen·
1090 457 1125 518 in
1141 457 1256 531 tilium,
1272 456 1427 537 perqnod
1440 458 1587 521 voluisse
1600 457 1776 523 videtnrte
1791 474 1887 520 snum

241 572 310 617 sem
324 556 442 627 electo,
457 554 642 617 salutemet
656 551 920 616 benedictionem
935 568 1036 631 apos-
1090 570 1164 617 esse
1178 557 1363 633 legitimum
1380 571 1617 628 successorem,
1634 573 1738 634 prono
1761 555 1885 630 animo,

238 655 383 717 tolicam.
1089 653 1122 713 et
1132 651 1483 716 voluntateliberatibi
1493 653 1663 715 lactumde
1671 668 1775 714 conce
1787 653 1888 715 'sione

279 756 329 814 Ex
343 752 436 829 parte
450 751 672 813 Cumanorum
688 747 824 826 capituli
836 748 899 812 luit
914 763 1036 826 propo-
1089 749 1173 828 ipsa,
1190 752 1282 813 nullo
1296 753 1444 829 tempore
1457 751 1655 823 revocanda,
1667 751 1820 828 praestito
1827 754 1887 828 ju-

239 851 339 913 situm
360 864 473 911 coram
494 847 601 921 nobis,
617 847 703 926 quod
728 862 803 909 cnm
825 847 865 915 de
888 846 1034 923 ipsorum
1089 851 1251 923 ramento,
1268 850 1355 912 sicut
1376 850 1410 910 in
1425 852 1497 928 ejus
1513 849 1632 911 litteris
1655 849 1889 926 perspeximus

237 947 388 1010 ecclesiae
401 946 640 1009 consuetudine
652 944 824 1017 habeatur,
839 945 885 1016 ut,
903 942 1034 1021 quando
1088 948 1265 1022 contineri,
1281 951 1369 1010 esset
1380 947 1420 1009 de
1432 947 1572 1009 consilio
1583 949 1616 1010 et
1625 962 1793 1009 consensu
1808 962 1890 1024 prae·

238 1045 426 1124 praebenda
450 1043 622 1107 canonicis
650 1042 864 1119 assignantur
887 1056 1036 1104 commu·
1088 1044 1232 1108 latorum
1248 1046 1450 1108 etiamnum
1465 1046 1638 1124 utriusque
1651 1045 1750 1122 regni
1765 1046 1887 1107 volun-

238 1160 314 1204 nem
328 1159 397 1204 non
411 1142 559 1205 dividere
574 1141 676 1204 vitam
688 1142 813 1219 jurent,
826 1140 890 1219 ipsi
903 1140 967 1201 boc
979 1154 1035 1200 se·
1088 1143 1176 1205 tarie
1189 1143 1380 1217 reformata,
1392 1145 1499 1206 eidem
1512 1144 1586 1222 paci
1599 1143 1736 1222 propter
1748 1143 1888 1204 eviden-

239 1241 382 1303 cuudum
399 1240 522 1303 dictam
539 1239 812 1303 consuetudinem
823 1236 1032 1316 jnraverunt
1088 1241 1156 1304 tem
1178 1242 1366 1314 utilitatem,
1391 1244 1425 1303 et
1451 1242 1623 1318 urgentem
1651 1241 1886 1303 necessitatem

279 1341 385 1411 Quum
401 1338 523 1411 autern,
533 1338 669 1414 propter
683 1336 834 1398 carnium
846 1336 878 1397 et
893 1334 1033 1412 piscium
1089 1338 1192 1400 robur
1205 1340 1402 1418 apostolicae
1417 1338 1625 1401 auctoritatis
1645 1337 1820 1415 impendit,
1839 1338 1885 1399 il-

237 1435 366 1498 tercnla
389 1433 506 1512 gravia
534 1435 622 1497 inter
650 1448 707 1496 eos
731 1432 888 1495 scandala
911 1431 1033 1508 saepius
1088 1436 1155 1498 lam
1167 1440 1296 1514 gratam
1308 1435 1461 1498 hahendo
1475 1438 1508 1499 et
1521 1439 1645 1511 ratam
1662 1437 1696 1497 et
1713 1451 1816 1514 super
1825 1436 1886 1497 boc

236 1534 399 1602 oriantur,
413 1530 699 1610 dumquibusdam
719 1545 836 1592 eornm
855 1527 1033 1608 aliquando
1087 1532 1130 1595 de
1145 1534 1319 1612 utriusque
1338 1534 1429 1611 regis
1452 1534 1647 1596 instantiam
1669 1548 1742 1594 snae
1763 1533 1887 1595 contir-

209 1631 369 1709 ·propter
395 1629 639 1699 infirmitatem,
671 1644 871 1706 quamquam
900 1625 1035 1705 propter
1088 1631 1244 1694 metionis
1260 1632 1388 1695 litteras
1403 1630 1623 1693 coneedendo.

235 1729 443 1805 relictionem,
460 1727 626 1789 interdum
642 1723 1031 1803 propterptngueuinem,
1127 1730 1197 1790 Nos
1220 1729 1324 1805 igitur
1343 1729 1421 1802 tuis,
1439 1729 1472 1791 a
1493 1726 1676 1790 carissime
1697 1727 1735 1789 in
1754 1725 1886 1791 onusto

235 1826 430 1903 plerumque
452 1826 588 1902 propter
609 1822 858 1893 macillentiam,
878 1836 1034 1882 nonuun-
1089 1826 1167 1888 flliae
1178 1828 1301 1888 n0strae
1311 1828 1347 1888 Β,
1365 1826 1544 1902 ll,regtnae
1559 1825 1675 1888 matris
1688 1827 1769 1898 luae,
1782 1826 1887 1902 preci.

234 1939 334 2002 qnam
355 1937 435 1984 vero
456 1922 592 1998 propter
620 1921 836 1998 paucitatem,
858 1917 1035 1996 displicent
1088 1924 1150 1985 bus
1163 1924 1328 1997 inclinati,
1340 1923 1461 1985 factum
1478 1923 1582 2001 ipsius
1596 1923 1702 2001 patris
1715 1924 1886 2000 tui.quum

236 2037 310 2100 qnae
345 2019 558 2096 apponuntur
571 2017 711 2093 eisdem;
743 2016 838 2079 nobis
865 2015 1035 2077 humiliter
1089 2021 1190 2084 saluti
1205 2024 1277 2100 ejus
1291 2022 1457 2099 expediat,
1469 2023 1506 2083 ut
1521 2019 1754 2100 quodjnrarit
1769 2021 1889 2082 incon-

236 2118 480 2196 supplicarunt,
498 2118 534 2178 ut
559 2132 671 2194 quum,
693 2117 814 2191 praeter
844 2112 1033 2191 hujusmodi
1051 2136 1056 2147 ·
1089 2135 1220 2181 cussani
1235 2119 1382 2182 obtineat
1395 2118 1597 2191 firmitatem,
1609 2119 1740 2194 gratum
1754 2116 1889 2180 baben-

236 2215 406 2283 scandala‚
423 2229 558 2275 enorme
573 2214 708 2290 propter
718 2212 782 2274 hoc
797 2227 911 2273 eorum
926 2209 1036 2272 eccle·
1087 2218 1138 2278 tes
1150 2219 1184 2279 et
1194 2218 1302 2280 ratum
1316 2216 1411 2289 illud,
1427 2217 1516 2278 sicut
1531 2216 1668 2294 provide
1683 2215 1810 2277 iactum
1825 2217 1886 2287 est,

236 2314 287 2375 sia
297 2327 479 2391 gravamen
491 2311 650 2383 incurrat,
661 2307 1034 2388 etapraedecesson‘bns
1088 2315 1285 2377 auctoritate
1319 2314 1509 2392 Apostolloa
1539 2314 1581 2376 de
1608 2312 1748 2391 speciali
1777 2314 1887 2390 gratia

237 2411 307 2472 suis
319 2411 352 2473 et
360 2409 400 2471 ab
409 2410 491 2487 ipsis
500 2408 695 2486 quandoque
704 2407 1031 2476 fueritobservatnm‚
1082 2412 1335 2484 confirmamus,
1356 2413 1390 2473 et
1410 2410 1584 2489 praesentis
1596 2410 1712 2488 scripti
1728 2411 1888 2487 paginam

237 2508 323 2587 qnod
356 2508 484 2570 certum
511 2506 590 2585 quid
617 2504 753 2568 cuilibet
785 2504 945 2567 canonico
973 2512 1054 2581 pre'
1086 2508 1341 2582 communimus,
1357 2510 1390 2570 te
1403 2508 1508 2587 ipsius
1527 2523 1757 2569 successorem
1777 2507 1890 2584 legiti-

236 2604 360 2666 talibus
391 2601 526 2665 ferculis
550 2601 592 2664 ad
615 2600 811 2665 evitandum
841 2599 1033 2662 scandalum
1084 2624 1177 2668 ,mum
1199 2607 1418 2668 declarantes,
1442 2605 1534 2667 Nulli
1561 2621 1653 2681 ergo,
1676 2606 1739 2666 ete.
1765 2606 1884 2666 Datum

237 2699 628 2778 solvebatur3providere
640 2715 739 2777 super
753 2699 816 2760 hoc
831 2697 880 2759 eis
899 2696 1034 2759 miseri·
1088 2705 1254 2776 Laterani,
1275 2707 1319 2766 vl
1344 2705 1417 2765 idus
1435 2703 1510 2781 jul,
1538 2702 1753 2780 pontificatus
1779 2702 1887 2765 nostri

238 2799 384 2862 corditer
404 2797 629 2874 dignaremur.
1051 2824 1054 2869 1
1083 2818 1176 2864 -anno
1191 2802 1347 2864 secundo.

277 2897 449 2972 Nosergo
473 2893 744 2957 indiscretionis
769 2894 836 2956 tuae
854 2889 1033 2969 prudentia
1386 2933 1584 3023 CCCXXV

238 2993 453 3066 confidentes,
465 2990 707 3055 fraternitatem
719 2994 810 3054 tuam
823 3006 884 3068 per
892 2989 1035 3067 Aposto-

236 3090 302 3152 lica
322 3091 445 3166 scripta
466 3105 650 3159 monemus,
674 3089 839 3166 quatenns
855 3102 961 3162 snper
981 3085 1034 3146 his
1088 3070 1290 3131 Αίῑᾱῢῡᾶϊθδ
1307 3071 1349 3131 αθ
1371 3070 1555 3139 moereant,
1572 3068 1613 3127 de
1627 3070 1891 3129 Hemnwnrode

237 3187 418 3249 secundnm
435 3188 539 3247 Deum
554 3185 688 3246 ordines
707 3187 741 3246 et
755 3183 922 3260 disponas,
947 3181 1032 3261 quod
1237 3167 1274 3229 ⁰2
1286 3166 1511 3241 impositum
1526 3167 1568 3226 ίῑθ
1579 3168 1735 3241 Helleni·

237 3282 386 3346 ecclesiae
401 3283 434 3345 et
448 3281 594 3360 capitulo
609 3279 809 3358 supradictis
824 3279 949 3342 videris
968 3295 1033 3340 ex·
1052 3318 1055 3327 ι
1385 3278 1420 3336 ld
1432 3278 1484 3351 iul.
1507 3278 1586 3336 lale.

237 3381 362 3459 pedire.
372 3381 491 3442 batum
504 3379 672 3448 Laterani,
688 3378 784 3440 nonis
795 3378 873 3457 julii
889 3392 977 3441 anno
991 3378 1031 3439 11.
1229 3383 1409 3450 [wruultuein¹
1419 3385 1490 3437 Nova
1499 3383 1624 3443 abacis
1637 3383 1680 3443 111,
1693 3382 1750 3450 tn]

1135 3483 1373 3544 commissionem
1388 3483 1437 3541 det
1450 3497 1536 3557 snper
1556 3482 1698 3541 electione
1710 3482 1840 3557 eplscrmi

527 3573 746 3662 CCCXXIV
1300 3570 1520 3630 wormatiensis
1534 3568 1671 3642 litigiosa.

332 3720 385 3779 Ad
399 3718 620 3779 Ferrcrrdum
632 3731 750 3793 repam
765 3715 928 3777 cattam,
1129 3680 1307 3753 Honorius,
1324 3679 1399 3753 etc,
1413 3676 1542 3740 dilectis
1558 3677 1638 3739 liliis
1641 3721 1702 3738 .....
1706 3676 1764 3787 'de
1784 3676 1893 3739 Eber-

539 3837 637 3911 ffljuL
655 3836 733 3896 ille.
1089 3778 1219 3840 hachet
1221 3821 1280 3839 .....
1296 3776 1337 3837 de
1350 3774 1592 3838 Hemmenrode
1604 3773 1889 3837 abhatlbnset....

1089 3874 1267 3954 praeposito
1294 3873 1335 3935 de
1355 3875 1510 3950 Hegene,
1537 3872 1739 3949 maguntin„
1765 3874 1893 3935 Treve-

283 3951 669 4020 fflii¹¹³¹d⁹st¹¹⁰²¹³i⁰⁰²⁰⁸i³⁸t·
686 3950 821 4002 mannum
833 3951 902 4010 ’Μ’
915 3950 986 4016 ⁵⁶⁷4
1088 3988 1177 4034 rens.
1194 3973 1227 4034 et
1238 3971 1474 4033 Wormatiens.
1491 3970 1639 4042 dioeces,
1652 3970 1809 4031 salutem.

237 4061 354 4121 Mandat
373 4067 404 4118 ut
427 4058 503 4134 quod
519 4058 627 4134 juravit
645 4066 729 4133 ‘pitter
749 4058 813 4133 ejllfl
833 4060 1033 4117 inconcussam
1128 4072 1178 4131 Ep
1199 4069 1293 4147 papie
1318 4065 1553 4148 G(0pb0d0nis)
1576 4066 1751 4144 pl'aepossifi
1775 4068 1892 4129 Sancti

482 4147 793 4206 ss‘fflstfl‘efflwfissffi‘·
1089 4167 1186 4229 Pauli
1202 4166 1354 4229 canonici
1368 4164 1624 4227 wormatiensis
1645 4163 1710 4227 fnit
1731 4166 1891 4242 proposi-

278 4267 391 4341 Regiae
404 4264 575 4341 dignitatis
590 4263 776 4326 sublimitas
790 4274 857 4325 non
872 4263 979 4326 solum
1000 4263 1034 4326 in
1088 4266 1159 4327 tum
1178 4280 1290 4327 coram
1313 4261 1420 4335 nobis,
1445 4261 1532 4341 quod
1556 4261 1700 4324 ecclesia
1726 4263 1889 4324 Worma-

239 4364 280 4424 iis
296 4377 369 4440 quae
389 4377 515 4423 meram
533 4361 699 4440 justitiam
725 4362 905 4434 continent,
923 4361 980 4422 sed
999 4362 1034 4423 in
1082 4362 1191 4425 tiensi
1221 4362 1352 4439 pastore
1380 4360 1538 4431 vacante,
1562 4358 1653 4420 idem
1686 4359 1890 4436 praepositus

237 4462 280 4521 iis
298 4475 429 4537 quoque
453 4474 526 4537 quae
549 4457 693 4536 gratiam
714 4459 859 4536 sapiunt,
887 4457 1033 4521 savorem
1090 4477 1163 4521 cum
1179 4460 1290 4521 essent
1311 4460 1387 4520 vota
1413 4456 1651 4518 canonicorum
1666 4455 1891 4533 ejusdemec-

238 4557 336 4620 debet
349 4556 574 4635 Apostolicnm
584 4556 748 4619 invenire.
761 4556 852 4629 Quod
862 4556 1034 4619 attendens
1087 4556 1211 4628 clesiae,
1228 4555 1281 4616 die
1296 4554 1338 4615 ab
1352 4555 1402 4616 eis
1426 4553 1582 4616 electioni
1597 4552 1751 4630 praefixo,
1768 4552 1888 4623 divisa,

238 4656 345 4718 felicis
358 4654 564 4716 memoriani.
576 4653 897 4732 papapraedecessor
909 4658 1032 4730 noster,
1089 4670 1131 4715 ne
1146 4654 1241 4714 fleret
1250 4651 1368 4714 electio
1383 4651 1449 4712 nisi
1461 4649 1776 4713 secundumstatuta
1788 4665 1893 4726 gene·

238 4769 313 4814 cum
329 4752 437 4829 sopita
447 4751 625 4823 discordia,
642 4768 716 4829 qnae
729 4752 807 4813 olim
827 4752 915 4813 inter
929 4752 1036 4813 caris-
1090 4749 1318 4812 ralis‘Concilii
1330 4749 1449 4811 sedem
1459 4746 1889 4827 apostolicamappellavit3

238 4851 363 4910 simum
382 4849 418 4910 in
432 4846 564 4911 Christo
590 4847 695 4909 tilium
711 4848 861 4910 nostrum
880 4852 918 4910 A.
935 4848 1035 4910 illus·
1090 4848 1146 4911 sed
1177 4844 1371 4928 H(enricus)
1400 4849 1509 4923 major
1539 4843 1692 4907 ecclesiae
1721 4844 1891 4923 praedictas

237 4948 322 5009 trem
339 4961 451 5022 regern
471 4946 650 5022 Legionem
668 4946 795 5022 patrem
814 4947 919 5019 tuum,
936 4948 968 5008 et
980 4961 1036 5008 re-
1090 4945 1287 5023 praepositus
1298 4945 1372 5021 post
1384 4943 1641 5020 appellationem
1660 4940 1892 5020 hujusmodis

238 5043 387 5105 colendae
415 5044 583 5104 memoriae
611 5058 708 5103 avum
730 5045 822 5104 tuum
851 5046 902 5115 A„
922 5058 1036 5119 regem
1090 5042 1231 5120 quadam
1253 5042 1345 5119 parte
1371 5040 1513 5118 capituli·
1535 5054 1686 5111 numero,
1704 5041 1815 5110 aetate,
1835 5054 1894 5099 or-

237 5141 401 5211 (lastellaa
418 5139 594 5202 occasione
614 5140 748 5202 divortii
770 5140 857 5202 inter
880 5142 1035 5219 parentes
1090 5141 1167 5202 dine
1182 5156 1221 5201 ac
1235 5139 1433 5201 anctoritate
1448 5137 1589 5212 minori;
1606 5152 1683 5214 qnae
1698 5152 1720 5198 a
1735 5151 1797 5197 suo
1817 5151 1895 5196 me-

236 5243 324 5312 tuos,
340 5237 430 5299 edita
445 5253 546 5315 super
559 5236 623 5298 hoc
641 5237 875 5299 constitutione
890 5240 1035 5315 Aposto-
1090 5238 1291 5315 tropolitano
1304 5236 1438 5314 propter
1452 5250 1589 5296 suorum
1603 5232 1810 5311 exigentiam
1825 5248 1895 5293 me-

237 5336 303 5398 lica
336 5334 499 5397 celebrari
526 5333 807 5412 periculosissime
831 5335 1033 5407 vertebatur,
1090 5336 1229 5397 ritorum
1264 5331 1619 5395 excommunicationis
1658 5331 1733 5394 erat
1770 5329 1894 5408 laqueo

238 5450 306 5509 pax
323 5428 412 5494 iute'r
435 5447 503 5503 eos,
532 5446 592 5509 per
615 5432 864 5493 concessionem
886 5434 958 5508 regi
973 5437 1037 5494 Le-
1090 5433 1251 5504 involuta,
1278 5447 1315 5492 se
1331 5431 1367 5491 in
1389 5445 1509 5506 magna
1529 5427 1697 5490 discordia
1716 5427 1798 5504 eligi
1811 5442 1894 5503 pm-

240 5528 371 5599 gtonen.
389 5526 429 5586 ab
453 5527 526 5603 ipso
541 5527 634 5603 patre
650 5530 706 5590 tuo
726 5528 758 5588 te
782 5527 963 5588 secundnm
975 5544 1034 5590 re·
1091 5530 1229 5601 curavit,
1244 5543 1432 5606 quanquam
1448 5526 1583 5605 propter
1600 5524 1754 5587 diversas
1768 5538 1893 5586 causas

242 5620 329 5690 giam
351 5623 621 5683 consuetudinem
641 5624 834 5685 solemniter
854 5625 1036 5702 recipiente
1092 5643 1157 5687 non
1172 5620 1423 5698 essetidonens,
1437 5626 1474 5686 ut
1494 5625 1529 5685 in
1550 5623 1745 5700 episcopum
1755 5620 1894 5683 deberet
