3982 6196
112 278 170 339 (377

743 271 971 335 arrsrona.
995 273 1073 362 cra.
1097 273 1137 334 n.

1703 274 1764 333 678

113 439 240 501 remota
251 436 390 514 cogatis,
407 435 495 499 dicta
510 435 645 499 illorum
659 435 694 495 in
712 434 909 513 scripturam
964 430 1148 495 venerabili
1162 430 1260 495 iratri
1272 431 1429 511 episcopo
1444 430 1613 509 Papiensi,
1628 431 1691 494 etc.

112 535 281 614 publicem
302 534 412 612 redigi
432 533 604 607 facientes,
618 536 652 595 et
670 533 699 597 si
720 549 802 610 quos
825 530 910 594 iorte

115 633 306 712 hujusmodi
318 635 420 696 causa
434 631 607 709 confingit,
618 630 908 704 denuntietisillis,

115 734 150 795 ut
170 732 250 794 huic
274 728 458 809 receptioni
478 731 624 802 testium,
640 729 669 792 si
688 730 794 791 velint
806 729 912 791 inter-

115 830 192 902 sihi,
200 830 233 891 et
243 845 345 909 super
354 829 604 893 denuntiatione
613 829 662 890 sic
672 826 910 902 iacta,iaciatis
932 824 933 827 ’

114 926 232 989 confici
249 927 419 1005 publicum
438 927 704 990 instrumentum.
719 925 791 988 Dat.
813 925 913 988 Late-

114 1024 188 1087 rani
199 1026 296 1088 sexto
306 1024 441 1087 kalend.
449 1024 578 1104 aprilis,
585 1023 796 1103 pontificatus
806 1024 911 1087 nostri
933 1014 934 1031 ¹

112 1136 201 1184 anno
215 1121 376 1185 secunde.

414 1227 611 1315 CLXXIII

178 1365 232 1426 ad
245 1364 541 1439 archepiscopum
553 1364 845 1425 Ebrednoenscm.

396 1475 433 1536 2⁷
446 1481 531 1534 mart.
548 1475 628 1535 liis.

142 1573 267 1639 [Regem.
278 1571 324 1624 lib.
334 1571 370 1635 ll,
380 1572 457 1638 epist.
467 1570 522 1623 sci.
536 1573 595 1624 lise.
608 1573 645 1625 bs
656 1571 730 1624 Ponte
741 1571 777 1624 du
788 1572 881 1636 rheti]

181 1670 302 1730 tinniet
314 1679 346 1729 ut
358 1670 444 1729 iaciat
458 1669 689 1729 informationem
701 1670 737 1730 de
751 1671 843 1730 electo

307 1759 469 1818 Arelatensi
490 1756 717 1833 archiepiscopo.

151 1858 333 1932 Honorius,
355 1861 431 1933 etc,
455 1857 641 1921 venerabili
657 1856 790 1921 tratri...
806 1858 915 1921 archi·

110 1956 270 2035 episcopo
284 1954 494 2018 Ebredunen.

149 2054 246 2116 Licet
268 2068 375 2131 nuper
402 2053 572 2117 Arelaten.
605 2052 749 2116 ecclesia
773 2054 914 2116 vacante

109 2151 283 2230 pastore...
317 2138 517 2230 praepositus
544 2151 579 2214 et
610 2150 791 2230 capitulum
818 2154 913 2229 ejus·

110 2248 185 2311 dem
195 2248 348 2311 ecclesiae
362 2249 520 2311 dilectum
532 2248 690 2322 tilium...,
700 2248 915 2327 praepositum

109 2345 298 2408 Massilien.
314 2345 350 2407 in
364 2346 513 2424 ipsorum
528 2346 816 2424 archiepiscopum
833 2362 915 2408 cou-

111 2443 270 2518 oorditer,
295 2443 383 2507 sicut
402 2446 602 2522 accepimus,
627 2444 819 2522 elegissent,
842 2445 913 2508 et..-

112 2542 292 2604 sacrista...
329 2541 608 2620 archipresbyter,
641 2543 675 2605 et
706 2542 915 2604 Bermundus

112 2638 154 2700 de
168 2639 370 2716 Marignana
389 2640 581 2710 canonicus,
597 2641 631 2702 et
645 2642 806 2717 magister
822 2643 916 2702 Mar-

111 2735 204 2798 tinus
227 2736 372 2799 clericus
385 2735 603 2799 beneficiatus
622 2737 790 2800 arelaten.
807 2737 916 2800 eccle-

114 2833 172 2895 siae
195 2834 279 2895 et...
302 2834 455 2907 sacrista,
480 2834 696 2912 Rayrnundus
718 2835 856 2906 iuliani,
882 2835 916 2898 et

112 2930 185 3006 Ugo
201 2930 244 2992 de
264 2932 349 2992 Laza
365 2931 519 2994 canonici
533 2932 732 3004 Massiliam,
742 2932 785 2994 ad
796 2933 914 2995 sedern

109 3028 338 3106 apostolicam
361 3029 569 3102 accedentes,
584 3029 757 3093 electionis
781 3029 914 3093 decreto

110 3125 209 3188 nobis
230 3125 389 3199 exhibito,
407 3128 578 3206 praepositi
600 3128 634 3190 et
656 3127 794 3206 capituli
822 3143 913 3206 prae-

110 3222 279 3287 dictorum
292 3222 568 3303 suscriptionibus
580 3224 746 3299 roborato,
763 3240 838 3288 cum
848 3226 915 3288 ias·

110 3322 221 3385 tantia
233 3321 435 3402 postularint
446 3324 483 3384 ut
495 3321 691 3385 electionem
703 3323 916 3386 confirmare·

110 3434 186 3481 mus
201 3420 365 3493 eamdem,
381 3420 449 3484 tam
465 3421 752 3497 suflraganeorum
766 3421 913 3499 ejusdem

112 3517 280 3591 ecclesiae,
297 3534 396 3596 quam
415 3519 595 3580 multorum
607 3518 700 3580 illius
711 3517 811 3580 terrae
825 3534 915 3595 mag-

111 3617 229 3677 natum
249 3616 419 3678 nonnullis
435 3631 536 3694 super
551 3615 615 3678 hoc
628 3614 751 3679 litteris
765 3630 915 3693 praesen·

109 3713 203 3786 tatis,
229 3728 293 3775 nos
313 3715 423 3776 tamen
447 3713 489 3777 de
517 3712 665 3776 moribus
688 3712 810 3776 etrite
834 3712 914 3776 dicti

106 3809 300 3872 Massilien.
322 3811 492 3890 praepositi
505 3812 642 3892 propter
655 3808 819 3890 quaedam,
839 3825 913 3888 quae

111 3905 153 3969 de
169 3907 246 3985 ipsc
263 3907 452 3971 audirimus
466 3908 645 3972 certiiicari
661 3908 821 3983 volentes,
838 3924 913 3970 cum

110 4004 243 4066 nemini
273 4005 456 4068 secundum
479 4005 673 4084 Apostolum
704 4006 770 4068 cito
794 4004 915 4069 debeat

110 4118 233 4165 manus
262 4102 406 4181 imponi,
435 4101 631 4165 discretioni
662 4103 745 4176 tuae,
774 4101 816 4166 de
848 4119 913 4182 qua

110 4199 271 4262 fiduciam
285 4201 432 4277 gerimus
442 4200 636 4277 pleniorem,
650 4214 710 4278 per
725 4201 913 4278 apostolica

111 4298 239 4374 scripta
266 4295 479 4371 mandamus,
505 4298 670 4376 quatenus
693 4314 795 4375 super
821 4314 913 4377 prae·

111 4394 213 4457 dictis
241 4396 316 4457 vice
346 4394 461 4458 nostra
493 4393 644 4473 inquiras
673 4396 855 4473 prudenter
881 4397 914 4458 et

111 4491 258 4555 sollicite
271 4492 462 4568 veritatem3
477 4509 551 4572 quae
563 4493 727 4570 superbis
740 4493 912 4556 inveneris

109 4590 181 4651 tuis
196 4589 379 4651 interclusa
393 4590 515 4666 sigillis
532 4590 573 4652 ad
593 4591 740 4653 nostram
760 4605 912 4669 praesen-

109 4687 195 4749 tiam
211 4686 353 4749 iideliter
372 4688 641 4750 transmissurus.
666 4689 738 4750 Dat.
757 4688 912 4750 Laterani

110 4785 209 4846 sexto
232 4784 394 4847 kalendas
420 4785 547 4864 aprilis,
569 4784 781 4862 pontificatus
807 4788 913 4848 nostm

110 4898 203 4944 anno
217 4882 376 4944 secunao.

424 4989 613 5076 CLXXIV

264 5124 318 5183 Ad
331 5123 528 5197 episcopum
541 5124 761 5198 papiensem.

400 5226 435 5284 28
449 5232 532 5285 mart.
549 5227 628 5284 liis.

199 5321 342 5388 [Garampi
354 5322 457 5375 Memor.
469 5325 557 5377 eccles.
569 5324 602 5377 de
613 5322 756 5388 liimini,·p.
767 5322 836 5388 282]

195 5424 239 5481 lie
253 5420 417 5480 vulatione
433 5430 463 5480 et
475 5423 652 5483 correctione
666 5422 831 5480 monasterii

317 5511 414 5569 Sancd
425 5513 529 5571 iventii
543 5512 705 5585 Papiensis.

152 5609 830 5689 Honoriusepiscopus,servusservorum
841 5609 911 5680 bei,

1004 529 1111 595 Habet
1129 529 1192 593 hoc
1213 530 1384 608 proprium
1406 529 1534 607 antiqui
1555 529 1660 591 hostIs
1676 529 1765 593 invi-

965 625 1031 697 dia,
1049 628 1085 688 ut
1099 642 1166 688 non
1179 628 1288 691 solum
1300 627 1432 689 infirma
1445 626 1594 690 membra
1607 627 1764 689 Ecclesiae

965 723 1175 802 precipitare
1188 725 1329 793 laboret,
1348 723 1521 789 sedetiam
1537 725 1578 786 ad
1594 723 1766 787 desidera-

965 821 1046 884 bilia
1060 824 1133 900 ejus
1152 838 1288 884 manum
1302 821 1470 895 extendat,
1491 821 1525 884 et
1544 819 1667 885 electo's
1681 840 1764 901 sup-

966 919 1117 998 plantare
1129 920 1265 985 nitatur.
1288 919 1449 982 Observat
1462 919 1552 981 enim
1566 920 1716 995 fluvium,
1732 923 1766 984 et

966 1033 1033 1079 non
1045 1016 1231 1091 mirabitur,
1249 1018 1282 1081 et
1295 1017 1572 1090 habetiiduciam,
1590 1019 1677 1096 quod
1689 1021 1767 1097 Jor-

967 1114 1063 1176 danis
1082 1116 1204 1178 aestuat
1222 1116 1257 1177 in
1276 1131 1313 1177 os
1332 1118 1422 1194 eJus3
1439 1114 1474 1177 in
1496 1115 1573 1178 illos
1594 1116 1765 1194 potissime

967 1213 1105 1290 sagittas
1125 1229 1194 1276 suae
1210 1213 1403 1275 tentationis
1421 1212 1616 1287 immittens,
1635 1215 1693 1292 qui
1708 1214 1763 1275 di-

966 1312 1093 1388 gnitate
1106 1312 1162 1375 vel
1173 1311 1336 1389 religione
1351 1311 1505 1375 videntur
1518 1311 1596 1373 aliis
1616 1313 1768 1390 praeemi-

967 1424 1057 1482 nere,
1071 1409 1207 1472 uttanto
1221 1408 1262 1472 ad
1278 1409 1391 1487 plures
1403 1408 1600 1486 perditionis
1613 1409 1766 1488 exempla

966 1506 1210 1578 transmittant,
1236 1507 1359 1584 quiante
1380 1506 1558 1582 pretiosius
1581 1506 1765 1568 membrum

968 1603 1119 1666 ecclesiae
1143 1620 1212 1665 suae
1229 1602 1329 1665 iuuerit
1350 1602 1539 1665 callididate
1563 1603 1764 1681 collapsum3

968 1702 1055 1763 sicut
1084 1701 1119 1762 in
1152 1700 1295 1763 ecclesia
1324 1701 1439 1762 Sancti
1472 1700 1592 1763 iventii
1627 1702 1764 1780 Papien.

967 1799 1088 1861 dilecto
1108 1797 1177 1859 lilio
1202 1798 1360 1874 magistro
1379 1800 1416 1859 B.
1444 1797 1592 1875 ejusdem
1615 1798 1766 1861 ecclesiae

968 1895 1146 1965 referente,
1161 1894 1338 1957 didicimus
1352 1895 1542 1971 contigisse.
1560 1898 1667 1968 Quum
1677 1897 1766 1957 enirn

969 1992 1082 2056 clerici
1111 1992 1260 2071 ejusdem
1286 1992 1436 2054 ecclesiae
1462 1993 1698 2056 consueverint
1724 1993 1766 2054 ab

969 2091 1105 2169 antiquo
1123 2093 1239 2169 jacere
1250 2090 1284 2150 in
1302 2089 1508 2162 dorrnitoric,
1524 2090 1557 2152 et
1575 2090 1610 2151 in
1624 2090 1768 2154 relecto·

968 2189 1020 2249 rio
1036 2187 1131 2249 retici
1147 2187 1188 2249 de
1207 2187 1385 2259 communi,
1409 2187 1442 2249 et
1458 2186 1640 2263 capitulum
1658 2186 1709 2249 bis
1730 2188 1766 2249 iu

969 2284 1023 2346 die
1035 2285 1173 2358 intrare,
1194 2300 1235 2346 ac
1251 2283 1341 2346 circa
1355 2283 1472 2345 horam
1482 2283 1615 2346 tertiam
1630 2284 1767 2347 missam

968 2381 1140 2444 celebrare
1164 2382 1356 2454 solemnem,
1383 2382 1507 2458 praeter
1524 2382 1578 2443 sui
1597 2383 1766 2459 praepositi

970 2479 1139 2542 licentiam
1154 2479 1336 2541 claustrum
1348 2478 1468 2556 egredi
1480 2479 1616 2540 minime
1640 2495 1768 2557 praesu·

970 2578 1108 2653 mentes,
1124 2576 1180 2638 sed
1194 2578 1330 2653 accepta
1345 2576 1479 2638 licentia
1494 2591 1626 2654 semper
1638 2576 1720 2649 bini,
1734 2577 1769 2640 et

969 2674 1083 2752 cappis
1109 2673 1214 2750 nigris
1240 2672 1348 2735 induti
1378 2672 1599 2750 simplicibus,
1626 2673 1766 2737 incede·

969 2771 1059 2844 bant,
1087 2771 1135 2833 ita
1157 2770 1246 2848 quod
1269 2771 1337 2832 vita
1365 2785 1493 2843 eorum,
1516 2771 1573 2848 qui
1595 2773 1767 2849 ¹speculum

970 2868 1152 2932 honestatis
1171 2872 1206 2929 et
1225 2867 1399 2945 religionis
1417 2870 1608 2945 exemplum
1624 2885 1663 2931 se
1677 2870 1767 2933 clero

968 2967 1003 3029 et
1023 2966 1144 3045 populo
1163 2965 1376 3038 exhibebant,
1401 2965 1555 3035 omnibus
1580 2967 1768 3044 complace-

968 3065 1035 3140 ret3
1065 3079 1155 3126 nunc
1183 3063 1381 3140 quibusdam
1413 3062 1585 3125 canonicis
1619 3065 1767 3142 ejusdem

969 3162 1120 3225 ecclesia
1143 3160 1352 3235 iacientibus,
1380 3160 1450 3223 iere
1469 3161 1559 3224 totus
1581 3162 1675 3224 color
1694 3165 1767 3240 ejus

969 3260 1113 3338 optimus
1126 3261 1178 3322 est
1191 3259 1348 3331 mutatus,
1374 3274 1449 3320 cum
1471 3275 1588 3321 eorum
1607 3259 1768 3323 medietas

967 3359 1027 3421 rix
1044 3358 1168 3420 ibidem
1182 3357 1306 3419 divinis
1320 3356 1439 3418 officiis
1457 3356 1600 3429 intersit,
1617 3372 1658 3420 ac
1676 3358 1767 3421 divi·

968 3458 1015 3517 sis
1033 3454 1217 3517 redditibus
1240 3454 1347 3532 ipsius
1366 3453 1529 3523 ecclesiae,
1555 3455 1628 3515 sine
1649 3455 1768 3516 obser·

967 3554 1080 3616 nantia
1095 3550 1263 3615 refectorii
1284 3551 1326 3613 de
1345 3566 1407 3613 suo
1421 3550 1573 3612 comedat
1586 3553 1769 3630 unnsquis-

968 3667 1043 3730 que,
1058 3651 1092 3713 et
1105 3649 1140 3710 in
1151 3664 1285 3711 camera
1295 3649 1418 3726 jaceat,
1432 3663 1500 3709 non
1516 3647 1590 3710 sine
1607 3649 1766 3712 scandalo

968 3749 1199 3827 plurimorum,
1222 3748 1409 3823 vestesque,
1434 3760 1518 3823 quas
1536 3746 1691 3821 noluerit,
1717 3748 1768 3808 in-

968 3845 1059 3917 duat,
1082 3847 1115 3907 et
1134 3844 1273 3922 abjectis
1288 3843 1420 3922 penitus
1433 3843 1548 3920 cappis
1563 3843 1679 3919 nigris,
1706 3860 1767 3923 per

964 3943 1136 4005 ciuitatem
1152 3942 1318 4004 discurrat
1332 3955 1391 4018 pro
1407 3955 1477 4001 suae
1490 3939 1630 4003 arbitrio
1645 3942 1767 4003 nolun-

967 4040 1057 4103 tatis.
1086 4040 1304 4118 etquodnam
1330 4038 1402 4100 haec
1422 4053 1490 4100 non
1509 4038 1628 4109 solum,
1648 4037 1705 4101 sed
1730 4040 1766 4102 id

967 4139 1080 4211 etiam,
1101 4137 1187 4216 quod
1211 4138 1248 4200 0.
1271 4135 1452 4198 canonicus
1467 4135 1635 4213 praedictae
1653 4137 1766 4200 eccle·

968 4236 1042 4309 sie,
1077 4236 1133 4315 qui
1161 4234 1335 4312 quemdam
1360 4234 1589 4312 presbyterum
1617 4236 1766 4314 ejusdem

967 4333 1120 4397 ecclesiae
1135 4333 1287 4410 nequiter
1302 4348 1414 4395 coram
1430 4332 1543 4394 multis
1556 4333 1598 4395 de
1613 4333 1682 4394 suis
1697 4332 1767 4396 ira-

967 4431 1075 4494 tribus
1100 4429 1269 4494 interlecit
1290 4430 1326 4491 in
1362 4429 1526 4504 claustr03
1555 4431 1589 4492 et
1616 4446 1690 4492 curn
1723 4433 1767 4494 sit

968 4531 1065 4607 culpa
1082 4532 1155 4607 eJus
1180 4528 1322 4595 notoria,
1339 4527 1555 4589 nihilominus
1570 4526 1766 4589 beneilcium

968 4626 1178 4705 praebendale
1208 4625 1366 4702 percipit,
1403 4623 1465 4685 sub
1500 4623 1766 4687 dissimulatione

969 4724 1160 4803 pertransit,
1174 4720 1262 4801 (per)
1279 4736 1377 4799 quam
1390 4720 1503 4782 multis
1515 4721 1694 4796 praestatur
1705 4738 1768 4783 au-

968 4823 1064 4884 dacia
1077 4819 1301 4897 delinquendi.
1317 4819 1401 4891 Quia
1419 4834 1499 4881 vero
1511 4818 1553 4880 ed
1571 4818 1633 4881 hoc
1651 4836 1766 4882 sumus

968 4921 1074 4983 vineae
1091 4918 1222 4981 Domini
1237 4917 1383 4995 operarii
1404 4916 1566 4994 deputati,
1582 4918 1619 4979 ut
1638 4917 1767 4980 intruc-

966 5018 1073 5081 iuosis
1100 5014 1291 5093 palmitibus
1321 5013 1517 5090 amputatis,
1554 5015 1632 5077 vitis
1668 5032 1765 5077 veros

967 5115 1121 5194 palmites
1135 5112 1306 5175 dilatando
1322 5111 1356 5172 in
1380 5109 1541 5174 lateribus
1562 5112 1678 5175 domus
1693 5116 1765 5188 ejus

968 5212 1130 5287 abundet;
1167 5210 1368 5273 fraternitati
1396 5210 1463 5271 tuae
1492 5225 1551 5287 per
1575 5211 1766 5287 apostolica

968 5311 1091 5389 scripta
1119 5308 1269 5372 districte
1301 5308 1524 5386 precipiendo
1556 5308 1762 5381 mandemus,

969 5411 1131 5487 quatenus
1153 5406 1373 5484 personaliter
1391 5404 1433 5471 ad
1457 5403 1631 5467 ecclesiam
1656 5406 1764 5484 ipsam

968 5507 1141 5578 accedeus,
1168 5504 1276 5567 eidem
1299 5502 1495 5566 auctoritate
1510 5505 1622 5565 nostra
1648 5505 1762 5578 ettua,

969 5604 1112 5668 cunum
1137 5602 1339 5665 visitationis
1374 5601 1564 5678 impendas,
1591 5602 1624 5663 et
1652 5605 1763 5665 corri-
