3982 6196
198 311 258 370 587
823 310 998 408 flononn
1019 312 1065 373 111
1087 312 1235 375 ornei.
1792 317 1856 377 588

192 467 357 546 possedit,
381 468 414 533 et
431 482 492 545 666
521 467 793 545 consequentiam
819 483 886 530 non
907 484 1000 547 ,666-
1053 469 1274 533 ccndrmaret.
1288 470 1451 533 (16166666
1467 470 1497 535 61
1513 470 1715 535 cathedralis
1730 473 1853 547 iuerat,

201 564 344 642 scripsit,
355 581 429 627 cnm
439 563 613 637 intaiibus,
623 563 805 626 secundum
819 564 999 627 canonicas
1054 582 1119 628 non
1130 566 1227 629 latuit
1235 565 1485 631 illositomanos
1497 567 1684 642 Pontifices,
1694 570 1752 647 qui
1765 570 1856 632 inter

200 663 407 734 sanctiones,
432 661 519 723 bona
548 661 641 733 tides,
662 664 774 739 iustus
799 661 936 735 titulus,
966 662 1000 725 ot
1054 662 1212 725 ecclesias
1227 663 1313 726 alias
1337 665 1493 726 86661666
1521 667 1664 728 Mariam
1688 668 1854 729 interam-

200 761 358 823 continua
383 759 551 835 possessio
579 760 803 836 requirantur.
834 759 997 831 Secundo,
1054 775 1191 822 nensem
1204 760 1381 823 ecclesiam
1393 777 1454 838 per
1469 761 1662 825 authentica
1674 763 1854 840 privilegia

201 856 287 934 qnod
311 855 495 932 imperialis
516 855 686 917 concessio
712 856 796 917 nihil
815 855 999 933 spiritualis
1054 856 1292 919 confirmarunt
1327 856 1477 920 ecclesiae
1513 859 1712 936 Spoletanae‚
1746 862 1781 922 61
1805 860 1855 922 616

197 953 284 1029 juris
299 952 431 1014 6616666
445 952 563 1030 661611,
579 954 632 1015 661
652 952 785 1014 adferre
801 968 876 1015 cnm
891 952 998 1023 laicis,
1054 968 1219 1015 consensu
1232 954 1345 1028 tacito,
1368 955 1516 1032 quinimo
1535 955 1623 1018 iacto
1646 957 1760 1018 1611166
1788 973 1852 1019 ex·

201 1050 501 1128 quantumcumque
533 1048 712 1127 religiosis,
741 1048 937 1127 disponendi
959 1049 1000 1111 de
1054 1065 1182 1127 presso,
1198 1067 1274 1113 eam
1287 1050 1451 1129 subiicere
1465 1052 1674 1125 ridebantur,
1700 1054 1855 1115 66661116

201 1146 552 1209 6616666616616611616
577 1147 735 1209 66116611
758 1145 919 1209 attributa
944 1145 1000 1207 ia-
1054 1147 1109 1209 oni
1130 1147 1346 1213 confirmatur
1370 1151 1480 1227 maq'or
1502 1148 1620 1211 haberi
1642 1150 1856 1213 consueverit

201 1244 318 1306 cultas.
343 1246 549 1321 Quapropter
576 1245 622 1316 16,
658 1244 715 1321 qui
740 1243 814 1305 loca
841 1243 1000 1321 religiosa
1054 1243 1259 1318 confirmata,
1274 1247 1308 1308 et
1318 1248 1560 1324 consequenter
1571 1248 1855 1309 interamnensem

201 1341 347 1402 voluisse
384 1341 535 1402 conterre
566 1340 718 1413 6116166,
749 1340 799 1403 611
831 1340 998 1416 66616111;
1054 1341 1229 1405 ecclesiam
1238 1335 1588 1421 episcopalidignitate
1596 1344 1762 1421 priuatam
1770 1343 1856 1405 1666-

203 1454 304 1515 quum
335 1438 536 1514 regulariter
571 1438 637 1499 nisi
668 1439 826 1515 quantum
852 1438 941 1516 juris
964 1437 999 1499 in
1052 1440 1142 1511 runt,
1157 1438 1314 1517 quoniam
1324 1439 1411 1501 alias
1425 1439 1606 1504 6611666661
1614 1439 1805 1513 6111661666,
1819 1442 1855 1502 61

202 1536 306 1597 alium
330 1535 404 1612 quis
426 1535 561 1607 babeat,
584 1534 767 1597 1666616666
795 1550 861 1597 666
882 1535 997 1613 possit,
1054 1534 1253 1612 episcopalis
1262 1535 1445 1614 episcopali
1455 1535 1754 1614 subjectadicatur‚
1767 1537 1855 1598 unde

190 1627 465 1709 ’616166666616
484 1631 672 1695 donationis
688 1631 790 1693 rerba
813 1631 997 1709 protulerit,
1054 1646 1120 1695 non
1132 1631 1259 1710 absque
1270 1633 1412 1705 cautela,
1423 1649 1524 1711 quum
1536 1632 1854 1696 eademccnflrmata

203 1728 355 1790 effectum
372 1727 523 1789 conterre
534 1728 695 1804 nequivit,
712 1744 774 1790 nec
796 1728 833 1790 16
850 1727 999 1804 generali
1053 1727 1116 1789 1611
1130 1728 1283 1803 ecclesia,
1299 1729 1392 1806 plebs
1412 1730 1543 1792 exstitit
1556 1730 1740 1803 nominata,
1757 1730 1851 1809 quasi

203 1826 378 1888 comitatus
400 1825 588 1897 donatione,
605 1825 633 1885 si
653 1825 755 1887 etiam
777 1824 813 1885 in
827 1827 998 1902 tempora·
1053 1826 1158 1888 nollet
1181 1840 1255 1889 eam
1283 1825 1355 1889 iore
1377 1826 1601 1889 cathedralem
1626 1826 1661 1888 in
1679 1827 1851 1903 posterum

202 1920 290 1982 libus
311 1921 481 1992 tenuisset,
507 1937 608 1998 quum
635 1937 675 1983 eo
702 1923 852 1999 tempora
873 1904 1000 1987 terram
1054 1922 1277 1985 confirmator.
1306 1923 1506 2002 Compositio
1536 1939 1604 1985 non
1626 1923 1773 2003 allegata
1794 1940 1854 1983 sn-

201 2017 294 2077 illam
309 2034 369 2094 per
389 2018 638 2093 usurpationem
663 2021 780 2080 contra
802 2018 997 2090 Ecclesiam,
1054 2018 1188 2094 perior,
1220 2035 1287 2080 non
1308 2017 1414 2080 solum
1441 2019 1636 2096 preteritis,
1663 2020 1721 2081 sed
1750 2020 1853 2082 etiam

202 2114 377 2191 imperinm
397 2114 592 2191 possideret,
618 2115 704 2192 quod
720 2115 1000 2193 spirituaiisjuris
1054 2114 1290 2191 praecatione,
1313 2114 1493 2186 etiuturis
1516 2115 1670 2177 dicebant
1693 2116 1855 2192 praejudi-

203 2211 328 2283 existit,
346 2211 412 2274 dici
433 2210 539 2283 debet,
569 2212 664 2293 quasi
684 2227 758 2272 cum
782 2211 1000 2275 universitate
1054 2211 1142 2273 cium
1165 2225 1357 2287 generasse,
1379 2226 1454 2272 cum
1480 2226 1689 2274 successores
1704 2212 1850 2283 illarum,

202 2308 358 2381 tentasse,
384 2309 540 2385 quoniam
565 2323 626 2370 nec
651 2309 911 2385 particulariter,
935 2324 1000 2371 nec
1054 2323 1130 2368 cum
1144 2306 1359 2385 quibusinita
1380 2307 1499 2380 166661,
1516 2308 1565 2369 616
1579 2308 1613 2369 16
1628 2308 1854 2371 emolumenta

203 2421 278 2467 cum
292 2406 360 2467 1616
384 2405 507 2467 babere
528 2405 635 2482 potuit
659 2405 693 2466 id
708 2405 858 2468 donator.
876 2407 998 2477 Tertio,
1055 2405 1103 2465 sic
1115 2406 1148 2467 et
1159 2405 1194 2465 in
1205 2404 1325 2468 damna
1336 2406 1579 2476 successerunt,
1590 2405 1740 2483 16666666
1748 2405 1857 2467 nibil-

203 2502 289 2581 qnod
302 2517 362 2580 per
374 2501 642 2564 confirmationes
653 2505 878 2569 Romanorum
891 2503 1002 2567 Ponti·
1055 2501 1185 2565 ominus
1204 2502 1297 2564 tanto
1322 2502 1471 2574 silentes,
1502 2500 1589 2580 quod
1608 2502 1711 2565 etiam
1731 2502 1761 2562 si
1785 2516 1854 2579 qna

203 2599 302 2661 ticum
327 2599 516 2675 generales,
546 2599 631 2661 nihil
658 2599 789 2662 videtur
816 2599 998 2678 adjectum,
1054 2597 1265 2659 11116666166
1294 2598 1566 2676 compositionem
1594 2598 1745 2661 eamdem
1763 2598 1857 2660 actio

202 2712 277 2758 cum
300 2695 432 2758 tlrmnm
447 2712 513 2758 non
527 2698 747 2774 precesserit,
768 2697 854 2775 quod
878 2697 926 2759 sic
940 2713 1002 2775 po-
1054 2696 1241 2772 competere
1255 2695 1427 2773 potuisset,
1450 2694 1512 2757 init
1526 2694 1661 2757 omnino
1673 2695 1858 2771 praescrip-

203 2792 306 2855 tuerit
327 2794 528 2867 confirmari,
549 2796 627 2873 quia
651 2810 711 2872 per
737 2810 795 2856 666
811 2796 1001 2872 novumjus
1053 2791 1137 2853 tioni
1151 2790 1293 2858 sublata.
1303 2792 1363 2851 His
1372 2794 1484 2853 autem
1496 2791 1544 2853 sic
1553 2790 1635 2852 tides
1645 2791 1750 2852 adimi
1764 2790 1857 2853 ride·

203 2907 270 2953 666
293 2892 466 2954 666666611
478 2891 619 2971 acquiri,
637 2891 695 2953 sed
719 2890 821 2954 robur
844 2891 1001 2968 adjicitur
1054 2888 1173 2962 166166;
1190 2887 1383 2966 estquidam
1399 2887 1532 2951 cautum
1543 2888 1678 2966 injure,
1694 2887 1783 2965 quod
1793 2886 1854 2951 ubi

203 2988 351 3065 legitime
368 2988 551 3067 acquisitis.
567 2988 660 3051 Unde
672 2987 707 3049 in
723 2988 907 3065 privilegiis
919 3004 1001 3050 666-
1053 2985 1266 3062 episcopatus
1279 2984 1363 3046 66611
1377 2985 1455 3046 6661
1465 2984 1588 3047 limites
1601 2985 1775 3062 praescribi
1786 3000 1854 3045 666

203 3085 370 3147 1166166166
384 3085 541 3147 exhibitis
554 3085 703 3146 clausula
718 3087 888 3156 consueta,
900 3083 998 3146 vide·
1054 3084 1202 3158 possunt,
1218 3082 1378 3149 66616166
1397 3082 1661 3160 prouinciarum,
1678 3081 1751 3145 6166
1767 3082 1856 3144 dioe-

204 3182 298 3254 licet,
322 3183 409 3243 sicut
431 3182 533 3258 16616,
560 3196 600 3243 66
626 3179 786 3247 66666166
809 3180 997 3261 6666116116.
1054 3194 1166 3241 cesum
1179 3177 1433 3241 conttmdantur.
1445 3177 1549 3240 Multo
1557 3193 1637 3254 ergo
1645 3178 1758 3241 minus
1769 3179 1858 3255 epis-

204 3279 346 3350 Quarto,
369 3277 456 3355 quod
487 3278 550 3339 etsi
581 3276 666 3341 torte
694 3277 842 3354 praefatis
867 3278 999 3341 clericis
1054 3276 1180 3355 oopalis
1195 3276 1340 3352 dignitas
1355 3275 1605 3353 6666661611666
1619 3290 1687 3337 666
1709 3276 1853 3348 tollitur,

203 3375 347 3451 allegata
359 3374 552 3450 compositio
563 3374 791 3452 praejudicium
802 3374 935 3455 aliquod
945 3391 1000 3454 66
1054 3390 1097 3434 66
1118 3388 1182 3451 qua
1204 3372 1307 3435 nimia
1331 3372 1483 3436 contusio
1511 3375 1719 3450 sequeretur.
1748 3375 1857 3435 Porro

202 3472 321 3533 1616661
334 3469 475 3543 adferre,
493 3470 636 3549 posteris
651 3487 720 3533 non
732 3470 883 3547 nocebat,
898 3489 999 3553 quum
1055 3470 1252 3547 Spolotanus
1267 3469 1416 3547 nequivit
1430 3469 1604 3546 episcopus
1617 3470 1858 3531 interamnen-

202 3583 336 3631 encrme
351 3567 559 3649 dispendium
573 3569 723 3630 66666116
736 3568 886 3631 ecclesia
899 3568 1001 3630 166611
1054 3583 1124 3628 sem
1149 3565 1323 3629 ecclesiam
1344 3580 1404 3642 666
1425 3565 1712 3642 praescriptionem
1733 3565 1859 3643 liujus-

202 3664 414 3736 attentatum,
444 3664 629 3741 praesertim
657 3681 776 3744 quum,
805 3666 839 3728 61
863 3664 1001 3743 quilibet
1054 3662 1154 3735 modi,
1169 3661 1350 3740 pontificali
1365 3662 1525 3738 dignitate
1539 3661 1683 3739 privare,
1701 3677 1780 3723 cum
1795 3677 1857 3724 sua

203 3761 378 3838 episcopus
394 3760 491 3834 alius,
509 3761 563 3823 cui
586 3761 853 3825 recommendata
881 3761 1000 3823 1616661
1054 3757 1858 3835 debueritessecontcntus,etalienampossidere,

201 3857 343 3920 ecclesia
362 3858 524 3935 potuisset
535 3858 707 3936 percipere
721 3858 889 3920 taliasine
907 3874 998 3936 prae·
1054 3856 1106 3917 661
1122 3856 1217 3933 quasi
1226 3855 1395 3933 possidere
1410 3854 1607 3931 6666166611,
1627 3856 1663 3917 61
1687 3854 1861 3918 diceretur

198 3954 325 4031 judicio
340 3953 514 4017 libertatis.
532 3956 597 4017 Pro
614 3955 800 4032 spoletanis
814 3956 926 4017 661666
937 3954 1001 4017 1611
1055 3969 1153 4024 unus,
1169 3952 1221 4013 661
1235 3951 1378 4028 simplex
1388 3951 1563 4028 episcopus
1578 3950 1659 4011 duas
1675 3951 1859 4027 dignitates

200 4050 416 4128 propositum,
438 4050 524 4128 quod
548 4051 578 4110 si
599 4050 761 4115 haberent
781 4066 917 4115 necesse
941 4065 999 4112 re·
1055 4048 1259 4126 episcopales
1273 4047 1409 4119 habere,
1425 4062 1464 4108 ac
1474 4047 1603 4108 ratione
1618 4047 1719 4108 unius
1736 4050 1858 4127 major,

202 4162 336 4209 currere
368 4146 409 4208 ad
443 4146 707 4223 praescriptionis
730 4147 912 4218 auxilium,
939 4162 1000 4208 neo
1056 4147 1089 4207 61
1113 4145 1242 4211 6611666
1264 4143 1403 4205 61166166
1427 4144 1537 4204 minor
1563 4142 1682 4205 haberi
1705 4146 1746 4207 ut
1771 4160 1859 4206 novo

203 4243 465 4304 commendatam
486 4257 547 4302 nec
558 4257 652 4303 suam
664 4241 768 4304 161666
778 4244 1001 4304 interamnem·
1031 4255 1036 4263 ·
1050 4244 1137 4319 jnre,
1152 4257 1213 4303 nec
1227 4240 1511 4317 metropolitanus,
1528 4255 1590 4302 nec
1605 4241 1751 4317 simplex
1763 4242 1861 4318 epis·

203 4355 273 4400 sem
301 4338 476 4400 ecclesiam
501 4337 705 4414 allegarent,
732 4338 791 4401 sed
814 4339 1001 4416 possedisse
1055 4354 1156 4415 66666
1169 4336 1366 4412 haberetur;
1383 4353 1445 4398 nec
1460 4336 1582 4409 obviat,
1594 4340 1631 4399 nt
1642 4337 1777 4416 dicatur
1791 4355 1860 4399 non

203 4452 263 4514 pro
276 4423 406 4507 sua,⁰ab
426 4435 636 4511 eotempore,
653 4437 748 4511 cujns
762 4435 921 4497 memoria
934 4451 1000 4497 non
1056 4434 1199 4510 dignitas
1211 4433 1269 4495 sed
1288 4434 1487 4511 episcopalis
1510 4432 1602 4494 locus
1627 4436 1858 4512 praescriptus‚

203 4532 363 4604 exstabat,
373 4531 459 4593 unde
469 4531 665 4609 etiamsiqui
674 4531 1001 4609 prescriberecoepe·
1056 4547 1155 4608 quum
1172 4545 1235 4592 666
1266 4529 1412 4606 dignitas
1434 4532 1567 4608 6666166
1592 4530 1766 4607 praedicta,
1795 4547 1862 4593 nec

204 4633 256 4692 ret
268 4631 308 4692 ab
320 4629 416 4690 initio
431 4627 552 4690 bonam
562 4627 659 4689 tidem
672 4642 738 4688 non
753 4626 919 4700 babuerit,
935 4643 999 4707 66-
1055 4628 1147 4690 locus
1162 4626 1315 4703 dignitati
1326 4641 1495 4688 66666666
1506 4627 1613 4703 661611
1627 4627 1705 4688 sede
1716 4631 1861 4690 6666616

202 4727 392 4804 1611666166
411 4724 498 4787 bona
513 4723 577 4785 ilde
596 4723 766 4801 possidere
779 4739 1000 4797 successor,a
1055 4723 1236 4800 praescribi.
1276 4723 1444 4786 Praeterea
1485 4738 1561 4784 cnm
1594 4724 1861 4786 interamnensis

204 4820 842 4901 6666116616166661116616116611666]
856 4821 1001 4896 exigitur
1055 4820 1196 4885 ecclesia
1211 4820 1345 4897 6666616
1366 4818 1530 4895 gaudebat
1547 4818 1716 4896 pontifice,
1733 4821 1860 4883 imme-

204 4920 244 4981 66
261 4918 543 4996 praescriptionem
563 4917 863 4994 quadragenariam
875 4917 1001 5000 confir·
1055 4917 1143 4978 diate
1155 4919 1304 4978 Romano
1331 4916 1485 4977 Pontifici
1507 4915 1712 4993 subjacebat,
1741 4920 1860 4979 contra

205 5014 379 5088 mandam;
402 5016 564 5092 praeterea
576 5029 636 5093 per
650 5014 880 5077 concessiones
895 5014 1001 5091 impe·
1055 5029 1152 5091 quem
1169 5012 1240 5075 6616
1254 5013 1447 5077 centenaria
1459 5012 1563 5073 currit
1581 5013 1804 5090 praescriptio,
1817 5013 1862 5075 de

205 5113 375 5183 natorum,
411 5113 444 5174 61
477 5111 744 5174 confirmationes
776 5113 999 5175 Romanorum
1055 5107 1740 5186 qnaSpoletanusepiscopusportampora
1753 5108 1864 5170 schis-

205 5210 414 5281 Pontificum,
440 5207 469 5268 si
488 5206 572 5270 forte
588 5211 646 5286 jus
667 5208 800 5285 plenum
823 5207 1000 5284 spoletana
1054 5209 1189 5278 matum,
1206 5221 1279 5282 quae
1290 5204 1468 5285 aliquando
1479 5219 1538 5280 666
1551 5205 1591 5264 40
1605 5219 1725 5275 66666,
1741 5207 1776 5267 61
1794 5205 1864 5265 ali·

207 5306 349 5369 66616616
368 5320 435 5369 666
454 5303 572 5367 1616661
587 5305 717 5383 616616,
735 5289 872 5366 titulum
889 5304 1000 5366 166666
1054 5300 1863 5379 666666106186666666666666166,1166666616

205 5403 409 5480 probabilem
435 5401 562 5476 habuit,
587 5403 693 5463 61616
719 5400 1000 5463 interamnensem
1055 5399 1291 5470 subducantur,
1300 5397 1644 5474 proutdebentdejure
1652 5397 1789 5471 deduci;
1802 5398 1864 5459 do-

205 5499 381 5563 eoolesiam
399 5497 596 5577 possidendo
610 5514 670 5575 pro
682 5513 755 5570 sua,
775 5497 1002 5576 praescriptio·
1055 5511 1131 5557 cere
1139 5510 1204 5556 non
1210 5497 1333 5571 posset,
1341 5509 1441 5571 quum
1451 5494 1666 5555 totannorum
1677 5495 1781 5555 testas
1789 5494 1864 5555 ido.

207 5609 281 5654 nem
305 5588 498 5657 canonicam
521 5594 606 5659 bona
629 5592 705 5662 tide,
734 5610 774 5656 ac
790 5594 882 5672 justo
903 5593 1000 5659 titulo
1054 5608 1135 5657 neos
1145 5591 1296 5654 16666166
1304 5590 1466 5669 nequiret,
1481 5590 1514 5652 et
1528 5589 1577 5651 sic
1589 5589 1786 5669 compositio
1797 5589 1862 5652 illa
