3980 6206
138 399 193 457 777

138 554 301 630 negotium
315 554 391 630 plus
414 551 525 613 debito
537 551 744 628 prorogaret,
761 564 822 610 nec
837 549 934 611 alter·

138 652 201 713 utri
241 651 386 727 partium
417 649 587 711 videretur
614 648 702 725 juris
735 646 933 708 beneficium

137 749 310 823 denegare,
326 745 543 824 providimus,
557 746 594 806 ut
607 746 764 822 praelatus
779 760 934 821 procura·

136 847 186 906 tor
204 844 353 906 ecclesiae
375 843 488 904 Sancti
512 842 665 904 Severini
689 857 790 918 super
808 839 935 917 princi-

137 941 212 1019 pali,
239 941 341 1001 salvis
372 939 539 1016 praedictis
569 938 837 1016 exceptionibus,
860 953 934 999 res-

137 1037 300 1116 ponderet.
326 1039 410 1108 Quia
433 1036 566 1098 tandem
586 1052 646 1113 pro
675 1052 735 1096 sua
752 1036 845 1112 parte
867 1051 934 1096 res·

138 1134 258 1214 pendit,
269 1135 521 1211 praeanegamm
532 1149 723 1210 processum
732 1132 826 1193 Lucii
836 1147 933 1208 quem

138 1232 194 1292 sub
206 1230 295 1292 bulla
307 1231 420 1292 nostra
431 1230 525 1292 vobis
534 1230 695 1291 mittimus
704 1229 931 1300 interclusum,

138 1328 235 1389 inisse
249 1344 309 1405 per
324 1327 377 1388 bo.
399 1343 496 1389 mem.
507 1328 706 1388 Clementem
723 1329 787 1388 PP.
804 1326 934 1403 praede-

138 1441 298 1487 cessorem
313 1426 347 1485 in
363 1425 495 1487 irritum
515 1427 718 1489 revocatum,
735 1427 769 1485 et
784 1423 869 1501 quod
892 1424 933 1486 de

138 1523 237 1599 ipsius
263 1521 420 1584 mandato
444 1521 610 1598 quondam
639 1520 858 1596 Burdegalen.
881 1536 934 1581 ar·

138 1619 364 1696 cbiepiscopus
378 1619 425 1679 ,5ss
456 1619 731 1696 praenominatam
755 1618 932 1680 ecclesiam

135 1717 312 1778 secundum
344 1715 429 1793 quod
472 1716 601 1777 invenit
634 1717 756 1777 statum
782 1715 932 1793 ejusdem

137 1813 385 1890 aquadraginta
405 1813 503 1874 annis
524 1814 614 1875 retro
638 1812 795 1873 continue
816 1812 933 1874 obser·

137 1913 257 1979 vatum,
278 1911 321 1972 de
336 1909 507 1972 canonicis
521 1909 738 1972 saecularibus
754 1908 929 1981 ordinavit,

134 2009 166 2069 et
189 2007 328 2085 adjecit,
358 2006 481 2085 quod...
511 2007 657 2069 decanus
690 2007 724 2068 et
749 2006 931 2084 capitulum

136 2104 244 2167 Sancti
253 2104 397 2167 Andreae
410 2105 569 2181 praedicto
583 2105 785 2165 renunciare
803 2119 932 2181 proces·

135 2203 195 2274 sui,
214 2202 387 2263 canonicis
413 2201 565 2264 ecclesie
586 2201 772 2279 saepedicta
793 2201 933 2277 promit-

135 2299 240 2371 tendo,
268 2298 332 2359 sub
356 2299 491 2360 vinculo
512 2299 693 2376 juramenti
718 2298 804 2375 quod
829 2313 932 2374 super

136 2395 932 2473 boceosnunquamdecaeteromolestarentds-

138 2493 240 2554 seruit
260 2494 373 2563 etiam,
404 2492 489 2569 quod
514 2507 630 2570 preces
655 2493 761 2570 ipsius
792 2492 931 2569 capituli

135 2593 203 2667 post
213 2590 463 2667 praeallegaium
474 2590 730 2667 praedecessoris
743 2590 848 2652 nostri
859 2605 933 2667 pro·

759 390 987 452 aPlsTOLAE.
1012 389 1089 451 [ΑΒ.
1114 389 1153 451 11.

1295 574 1478 661 cornix

1016 710 1069 769 Ad
1081 666 1235 783 priorem
1254 709 1288 770 et
1307 710 1495 782 capitulum
1508 709 1620 770 sancti
1636 711 1752 771 Ursini

1294 807 1485 867 Bituricae.

1282 928 1317 985 lo
1329 928 1396 984 mall
1409 928 1486 985 1218.

1019 1031 1320 1099 [negast,lib.11,episr.
1335 1032 1404 1083 naa.
1418 1035 1603 1085 nsnarona
1614 1033 1752 1096 curbat]

1122 1141 1250 1198 Assentit
1268 1141 1384 1213 capituli
1402 1140 1647 1213 postulationibus.

1027 1257 1207 1324 Honorius,
1224 1258 1299 1328 etc,
1326 1257 1454 1318 dilectis
1477 1256 1592 1318 liliis...
1618 1257 1722 1334 priori
1751 1261 1785 1318 et

987 1354 1133 1429 capitulo
1149 1354 1262 1416 Sancti
1279 1355 1394 1416 Ursini
1411 1355 1589 1416 Bituricen.
1652 1342 1657 1349 ’

1027 1451 1077 1511 lix
1089 1453 1183 1526 parte
1198 1455 1309 1512 vestra
1330 1451 1425 1511 nobis
1439 1451 1502 1513 init
1517 1452 1690 1514 humiliter
1703 1467 1784 1528 aup-

987 1546 1156 1624 plicatum,
1174 1550 1210 1610 ut
1222 1563 1297 1609 cum
1310 1550 1351 1609 ad
1368 1549 1559 1610 mandatum
1577 1551 1726 1611 nostrum
1743 1554 1781 1611 R.

987 1644 1109 1706 clerico
1123 1646 1155 1706 in
1169 1645 1311 1707 ecclesia
1324 1648 1435 1706 vestra
1445 1647 1480 1707 in
1496 1649 1587 1707 certo
1596 1645 1726 1708 redditu
1741 1648 1785 1707 sil

987 1743 1177 1816 provisum,
1209 1743 1304 1804 vobis
1339 1744 1522 1805 concedere
1555 1743 1782 1819 dignaremur,

987 1838 1072 1915 quod
1089 1840 1130 1900 ad
1146 1841 1374 1915 recipiendum
1392 1841 1495 1901 alium
1517 1840 1589 1916 cogi
1616 1857 1720 1918 usque
1741 1842 1784 1901 ad

986 1937 1167 1997 triennium
1189 1954 1255 1998 nen
1272 1938 1417 2015 possitis.
1442 1940 1511 1999 Nos
1535 1939 1646 1999 autem
1661 1940 1781 2000 vestris

988 2034 1264 2110 postulationibus
1283 2035 1446 2107 inclinati,
1473 2035 1670 2098 auctoritate
1692 2052 1782 2113 prae-

987 2131 1130 2193 sentium
1150 2131 1292 2206 benigne
1313 2132 1407 2193 vobis
1429 2132 1641 2194 concedimus
1664 2135 1782 2208 postu·
1863 2180 1867 2187 .

988 2227 1067 2289 lata.
1098 2228 1189 2289 Nulli
1213 2244 1303 2304 erge,
1329 2232 1405 2299 etc,
1435 2232 1559 2290 nostrae
1587 2229 1780 2291 concessio·

985 2325 1049 2397 nis,
1065 2327 1126 2387 etc.
1141 2347 1149 2400 ;
1164 2325 1193 2385 si
1214 2325 1288 2402 quis
1311 2330 1432 2398 autem,
1448 2328 1510 2388 etc.
1529 2326 1647 2388 Datum
1667 2328 1781 2388 Rom'ae

986 2421 1073 2499 apud
1104 2423 1261 2485 Sanctum
1287 2424 1421 2484 Petrum
1446 2422 1586 2500 septimo
1621 2423 1782 2485 kalendas

982 2518 1081 2595 jnnii,
1099 2535 1186 2581 anno
1200 2520 1357 2582 secundo.

136 2702 260 2748 cessum
286 2687 423 2749 luerunt
447 2688 560 2764 plures
574 2687 728 2748 canonici
753 2687 930 2748 saeculares

135 2784 167 2846 in
194 2784 435 2862 praenominata
468 2784 611 2846 ecclesia
641 2784 827 2856 constituti,
857 2800 931 2861 quae
1211 2802 1214 2807 ’

133 2884 241 2944 tamen
262 2898 344 2961 pars
370 2882 510 2944 adversa
529 2882 673 2957 negavit.
697 2880 782 2955 Quia
796 2896 877 2943 vero
891 2881 932 2943 de
1133 2840 1185 2898 Ad
1206 2841 1402 2964 epwwpmf
1420 2841 1637 2915 momen·

137 2979 186 3041 bis
201 2980 298 3042 nobis
317 2995 384 3041 non
399 2980 506 3056 potuit
529 2979 603 3040 fleri
628 2980 728 3056 plena
750 2978 842 3050 tides,
868 2979 933 3039 dis·
1155 3056 1162 3068 .
1270 2952 1305 3010 ²⁶
1327 2966 1396 3009 “¹³¹¹
1419 2953 1519 3068 '¹²¹³'

135 3079 272 3140 crationi
286 3078 407 3140 vestrae
422 3092 481 3154 per
494 3077 684 3154 apostolica
698 3077 821 3154 scripta
837 3093 933 3138 man·
1057 3056 1550 3122 [suumomnomanum,eu1t.rurn,
1564 3058 1714 3124 ‘·¹¹¹⁸³²³·]
1750 3128 1754 3141 .

135 3174 257 3249 damus,
282 3174 445 3252 quatenus
467 3174 496 3235 si
517 3174 558 3236 de
571 3174 698 3252 objecta
715 3175 750 3235 in
768 3174 933 3251 Burdega-
1021 3164 1175 3224 C⁰¹1ssf¹1¹⁸l
1191 3164 1266 3237 l¹1⁰d
1286 3180 1337 3238 lei
1357 3165 1556 3222 lssss000¹¹til¹¹11
1578 3167 1618 3223 lll
1641 3163 1747 3225 lactum

82 3264 84 3267 ’
135 3269 196 3333 len.
220 3272 403 3349 capitulum
423 3270 776 3333 excommunicationis
797 3275 934 3333 senten·
1128 3251 1299 3327 suelfllefssfl
1314 3250 1448 3311 eumdem
1464 3254 1640 3327 ssllsswPUffl·

134 3367 179 3430 tia
208 3369 360 3446 legitima
382 3368 476 3431 vobis
507 3367 703 3447 probatione
733 3368 929 3440 constiterit,
1026 3369 1194 3431 Honorius
1207 3370 1509 3446 episcopusservus
1524 3386 1695 3432 servorum
1708 3370 1778 3444 Dei,

135 3465 370 3529 denuntiantes
400 3465 487 3543 quod
510 3467 620 3527 actum
647 3476 697 3527 est
721 3481 796 3527 cum
810 3482 933 3542 procu·
985 3465 1170 3529 venerabili
1184 3464 1281 3527 fratri
1295 3465 1449 3542 episcopo
1462 3466 1784 3549 Magalonen.,salu·

133 3564 241 3626 ratore
256 3579 320 3625 suo
335 3563 455 3640 inipso
470 3564 602 3639 negotio
624 3579 692 3624 non
710 3563 837 3631 tenere,
850 3563 932 3640 ipsis
986 3565 1053 3626 tem
1063 3566 1096 3625 et
1106 3562 1321 3638 apostolicam
1333 3561 1612 3624 benedictionem.

133 3662 224 3737 juxta
250 3663 392 3723 formam
421 3660 571 3722 ecclesiae
603 3659 765 3721 beneflcio
791 3676 811 3720 a
838 3660 932 3721 vobis
1027 3661 1065 3721 In
1086 3661 1218 3736 regesto
1235 3659 1387 3738 censuali
1411 3658 1520 3720 felicis
1543 3660 1783 3723 recordationis

133 3757 351 3822 absolutionis
365 3758 528 3835 impenso,
540 3772 676 3819 cansam
687 3757 782 3835 qnasi
792 3757 833 3819 da
846 3773 931 3819 novo
988 3757 1172 3818 innocentii
1180 3772 1274 3833 papae
1288 3756 1543 3833 predecessoris
1554 3757 1661 3819 nostri
1675 3759 1785 3821 conti-

134 3856 289 3930 audiatis,
313 3861 348 3918 et
367 3872 442 3917 eam
457 3855 524 3917 line
548 3854 710 3917 canonico
734 3855 930 3917 terminetis.
988 3854 1061 3915 neri
1084 3854 1315 3931 perspeximus
1337 3853 1373 3914 in
1397 3852 1485 3914 bunc
1512 3852 1667 3915 modum:
1689 3872 1708 3916 c
1729 3858 1784 3917 ln-

134 3954 167 4014 Si
182 3971 264 4017 vero
288 3970 366 4031 pars
391 3952 629 4015 canonicorum
653 3952 765 4014 Sancti
780 3952 932 4014 Severini
988 3951 1161 4013 nocentius
1182 3952 1367 4027 episcopus,
1390 3966 1507 4012 servus
1523 3966 1696 4013 servorum
1711 3954 1782 4026 Dei,

132 4049 166 4111 ln
181 4052 529 4115 excommunicatione
550 4049 704 4122 deluerit,
732 4066 794 4111 vos
811 4050 934 4127 proba·
987 4047 1170 4110 venerabili
1183 4048 1279 4109 fratri
1295 4047 1450 4124 episcopo
1460 4048 1684 4124 magalonen,
1698 4051 1784 4110 salu·

131 4149 280 4211 tionibus
295 4153 366 4227 eJns
379 4164 481 4225 super
491 4148 658 4225 praedictis
668 4147 930 4225 exceptionibus,
986 4148 1052 4208 tem
1066 4147 1099 4208 et
1113 4145 1329 4223 apostolicam
1347 4145 1622 4208 benedictionem.
1639 4150 1783 4224 ‹Apos-

132 4261 204 4322 quae
220 4246 391 4322 negotium
410 4245 595 4322 principale
620 4245 827 4320 contingunt,
844 4236 956 4306 reci?
986 4244 1097 4305 tolicae
1129 4244 1224 4305 Sedis
1252 4243 1439 4319 benignitas
1469 4244 1609 4321 previde
1639 4260 1783 4322 pensans

132 4344 260 4419 pientes
282 4342 426 4404 fideliter
439 4343 473 4403 et
487 4342 675 4418 prudenter,
701 4343 735 4404 et
758 4341 932 4404 audientes
987 4342 1105 4403 merita
1121 4342 1329 4416 singulorum
1341 4341 1385 4402 iis
1399 4357 1429 4412 a,
1447 4343 1509 4403 etc.

132 4456 205 4517 qnae
216 4442 343 4502 inerint
357 4440 435 4501 binc
451 4439 527 4501 inde
542 4440 710 4516 proposita
721 4455 856 4501 causam
867 4442 933 4500 line
1026 4441 1096 4500 Nos
1114 4438 1217 4515 igitur
1236 4438 1303 4500 tuis
1321 4439 1423 4515 justis
1445 4439 1599 4515 precibus
1618 4440 1781 4513 inclinati,

132 4539 293 4600 canonico
306 4536 478 4600 decidatis.
499 4537 590 4608 Quod
604 4537 633 4596 sl
647 4536 731 4598 iorte
745 4538 856 4613 partes
866 4553 932 4598 non
988 4537 1074 4614 qnod
1095 4552 1155 4614 per
1170 4536 1321 4597 eumdem
1336 4536 1614 4613 praedecessorem
1634 4540 1783 4600 nestrum

1306 2696 1469 2784 cclxii
1576 2778 1581 2787 .

132 4634 354 4707 consentiant,
383 4635 418 4696 ut
450 4633 498 4694 ibi
526 4633 696 4709 negotium
723 4635 931 4706 terminetur,
987 4634 1182 4706 factumest,
1196 4635 1232 4694 in
1248 4634 1312 4695 bac
1325 4636 1418 4709 parte
1434 4632 1724 4706 ratumbabentes,
1742 4636 1785 4696 il-

131 4748 191 4794 vos
203 4732 314 4810 ipsum
327 4732 532 4794 sullicienter
544 4732 744 4793 instructum
759 4731 800 4791 ad
815 4732 933 4792 Sedem
989 4731 1043 4791 lud
1057 4732 1247 4807 Apostolica
1263 4731 1460 4793 auctoritate
1481 4731 1728 4805 confirmamus,
1752 4736 1785 4795 et

131 4831 357 4907 apostolicam
370 4828 558 4901 remittatis,
576 4830 787 4905 praengentes
801 4830 850 4890 eis
865 4832 935 4890 ter·
989 4829 1162 4906 praesentis
1185 4828 1300 4905 scripti
1324 4827 1509 4906 patrocinio
1531 4830 1784 4892 communimus.

131 4928 259 4989 minum
283 4928 534 5004 competentem,
561 4941 626 5001 quo
648 4929 763 4987 nostro
780 4941 816 4987 se
836 4942 935 4988 cons·
988 4925 1080 4987 Nulli
1108 4941 1187 5001 ergo
1212 4926 1347 4987 omnino
1370 4926 1543 4987 bominum
1572 4926 1671 4989 liceat
1699 4927 1786 4990 hanc

130 5027 242 5102 peclni
251 5027 503 5101 repraesentent,
509 5024 635 5101 justam
646 5024 783 5084 anctore
794 5022 933 5084 Domino
989 5023 1145 5101 paginam
1166 5025 1289 5084 nostrae
1308 5023 1571 5085 confirmationis
1589 5024 1783 5102 infringere,

131 5124 332 5185 sententiam
347 5124 541 5199 recepturae.
557 5121 650 5192 Quod
672 5121 701 5182 si
723 5136 789 5182 non
806 5137 933 5193 omnes,
988 5120 1041 5183 vel
1056 5120 1088 5181 ei
1099 5137 1183 5181 ausu
1196 5120 1372 5181 temerarie
1386 5121 1564 5182 contraire.

131 5224 255 5293 etc.,tu
263 5237 303 5282 ea
314 5221 361 5280 llli
370 5219 472 5281 abbas
483 5218 523 5279 de
533 5219 723 5280 Planasilva
733 5235 808 5280 cnm
819 5234 934 5280 eorum
1030 5219 1066 5279 Si
1079 5217 1152 5295 quis
1167 5218 1278 5278 autem
1296 5217 1359 5278 boc
1378 5220 1542 5280 attentare
1561 5235 1787 5297 praesumpse-

131 5319 257 5389 altero,
287 5317 511 5394 appellatione
545 5318 689 5388 remota,
716 5315 934 5377 nihilominus
989 5315 1044 5387 rit,
1053 5314 1316 5391 indignationem
1331 5316 1566 5391 omnipotentis
1577 5316 1635 5376 Dei
1651 5332 1690 5379 ac
1703 5319 1787 5381 bea-

131 5415 338 5492 exsequeris.
989 5416 1099 5476 torum
1122 5412 1214 5473 Petri
1232 5414 1266 5473 et
1291 5413 1389 5473 Pauli
1413 5412 1638 5489 apostolorum
1663 5419 1735 5493 ejns
1751 5430 1805 5481 se'

172 5513 293 5573 Datum
318 5514 432 5573 Romae
451 5509 537 5587 apud
551 5510 708 5571 Sanctum
723 5510 858 5571 Petrum
874 5528 935 5572 oc·
990 5510 1123 5572 noverit
1148 5509 1386 5571 incursurum.
1406 5511 1526 5571 Datum
1559 5513 1672 5574 Romae
1701 5518 1786 5593 apud

992 5610 1148 5670 Sanctum
1174 5610 1309 5668 Petrum
1335 5607 1475 5683 septimo
1501 5607 1663 5671 kalendas
1679 5615 1785 5690 junii,

992 5706 1203 5785 pontificatus
1221 5706 1326 5767 nostri
1341 5721 1429 5766 anno
1445 5705 1601 5768 secundo.

132 5613 210 5674 tave
227 5609 389 5670 kalendas
401 5609 500 5686 junii,
521 5623 609 5669 anno
625 5607 780 5671 secundo.
