3982 6196
106 362 163 424 ‘ssi
737 357 965 421 EPISTOLAE.
987 359 1066 420 nia.
1089 358 1131 421 11.
1697 360 1758 419 582

107 520 314 594 mandalum,
329 519 374 582 sit
387 517 517 597 punitio
530 517 567 583 in
581 518 782 596 exemplum.
792 517 906 581 Testes
960 515 1130 579 humiliter
1143 515 1364 594 supplioatum
1378 517 1415 581 ut
1428 516 1505 579 usui
1524 517 1758 595 supersederet

105 619 230 690 autem,
242 618 306 679 ete.
318 616 427 679 Nullis
438 615 559 678 litteris
570 614 776 678 obstantibus
787 612 906 677 harum
960 614 1104 687 illarum,
1117 613 1222 677 donee
1235 630 1297 693 per
1316 628 1508 677 eommueos
1534 615 1668 677 nuntios
1686 616 1756 677 tem

105 717 223 778 tenore
240 714 340 777 tacito
364 729 384 774 a
402 713 486 774 Sede
502 713 691 791 apostolica
709 711 904 790 impetratis.
960 712 1087 774 wdem
1104 713 1331 789 indulgentiae,
1348 729 1447 791 quam
1462 714 1607 790 antiquae
1620 712 1755 775 illorum

106 811 199 886 Quod
215 812 245 872 si
260 827 328 874 non
342 825 468 883 omnes,
491 809 729 882 duumuirum,
746 809 809 872 eto.
831 808 906 872 Non
944 807 1036 870 'oum
1066 810 1266 888 ummupto
1304 811 1431 887 regulae
1470 811 1676 872 munimento
1712 811 1755 873 ad

106 909 261 972 obstante
290 907 526 970 constitutione
560 907 700 969 concilii
726 906 904 983 generalis,
961 906 1079 968 sedem
1093 908 1316 985 apostolicam
1338 907 1559 974 mitterentur,
1583 908 1620 969 ut
1642 909 1755 970 utrum

106 1004 331 1084 quareretur,
344 1005 472 1082 nequis
482 1004 571 1067 ultra
583 1004 666 1066 duas
678 1003 795 1067 diaetas
809 1004 906 1067 extra
960 1002 1044 1065 bane
1064 1005 1117 1067 vel
1135 1005 1223 1066 male
1238 1003 1380 1066 obtentae
1399 1003 1542 1066 fuissem
1558 1004 1758 1066 decernere-

106 1118 203 1163 suam
217 1101 387 1164 dioecesim
403 1101 617 1180 adjudicium
636 1100 725 1163 trahi
739 1100 856 1178 possit.
959 1099 1155 1174 tmibidem,
1166 1102 1199 1163 et
1209 1117 1305 1162 secus
1319 1101 1431 1176 fieret3
1446 1101 1680 1179 appellationis
1692 1101 1756 1165 fuit

144 1198 267 1260 Datum
287 1199 442 1260 Laterani
464 1198 562 1259 nouis
585 1198 747 1275 januarii,
761 1196 908 1274 pontiti·
961 1195 1167 1259 obstaculum
1181 1199 1403 1275 interjectum.
1420 1197 1515 1261 Unde
1530 1198 1654 1276 siquid
1669 1199 1757 1261 esset

104 1296 201 1357 cetus
218 1295 326 1358 nostri
344 1310 433 1358 anno
448 1294 605 1356 secundo.
961 1296 1034 1370 post
1049 1295 1304 1371 appellationem
1331 1296 1521 1374 hujusmodi
1546 1295 1753 1369 attentatum,

959 1390 1092 1455 irritum
1104 1391 1285 1454 dioebetur.
1301 1393 1373 1453 Nos
1389 1392 1502 1470 itaque
1522 1408 1623 1469 super
1644 1393 1688 1455 iis
1713 1408 1757 1454 ex

147 1439 187 1499 ln
200 1437 353 1499 eumdem
363 1437 495 1501 ¹¹¹⁰d¹¹m
506 1434 770 1509 OEuamsffiensj’
782 1434 907 1516 Enffih‘
960 1485 1071 1549 oitieio
1089 1488 1202 1551 nostro
1220 1488 1372 1551 volentes
1391 1489 1562 1566 inquirere
1582 1490 1756 1552 vemtetem

106 1534 255 1597 dunensi
273 1535 306 1596 et
324 1535 572 1596 Fumwarrensi
596 1532 760 1613 episcopis
779 1548 840 1612 pro
866 1535 902 1594 G.

105 1647 195 1704 oau..
212 1630 429 1693 Artierteusis
445 1631 607 1693 ecelesiae.

960 1583 1105 1658 illorum,
1119 1585 1176 1663 qni
1190 1588 1325 1663 propter
1339 1586 1402 1647 boe
1414 1586 1455 1647 ad
1477 1587 1595 1649 sedem
1613 1588 1758 1662 aposto-

960 1679 1060 1742 lieum
1078 1684 1250 1755 uenerant,
1267 1682 1405 1744 fecimus
1422 1683 1613 1759 juramenta
1638 1683 1754 1760 recipi,

485 1798 534 1886 CI
960 1778 994 1839 et
1012 1792 1127 1840 eorum
1151 1778 1240 1841 dieta
1260 1778 1437 1840 conscribi.
1462 1779 1529 1842 Sed
1552 1795 1630 1855 pars
1652 1780 1755 1842 cleri—

960 1889 1076 1937 corum
1094 1875 1214 1938 docere
1233 1875 1351 1938 uolens
1370 1876 1502 1953 plenius
1518 1875 1558 1937 de
1573 1876 1754 1953 praedietis,

104 1941 157 2002 Ad
184 1938 342 2001 abbatem
368 1940 672 2002 Pontinmemm
687 1937 905 2003 Autm‘w'
960 1970 1064 2034 ibide
1082 1971 1127 2037 iis
1145 1972 1201 2034 ubi
1215 1972 1380 2035 melorum
1399 1973 1451 2034 est
1461 1971 1598 2035 suborta
1612 1973 1754 2035 materie

142 2039 261 2099 ΝΜ
284 2039 446 2148 ΜΨ
462 2036 496 2099 ⁰²
516 2039 674 2113 mmm
690 2034 809 2099 samu
826 2038 904 2097 W·
960 2068 1141 2145 postulavit
1160 2069 1297 2146 inquiri.
1322 2070 1515 2146 Eapropter,
1543 2070 1757 2146 praesentium

146 2134 238 2195 m
249 2135 475 2197 pamm·
959 2164 1055 2226 vobis
1080 2166 1279 2228 austeritate
1301 2165 1508 2238 mandamus,
1528 2168 1691 2244 quatenus
1714 2168 1756 2229 ad

403 2252 501 2327 51³⁰·
525 2251 604 2311 lili.
960 2262 1231 2327 Grandimonteu.
1263 2263 1501 2327 monasterinm
1535 2265 1756 2340 personaliter

116 2368 242 2434 [negot.
255 2366 301 2419 nh.
314 2367 345 2426 ιι,
358 2367 431 2432 epist.
442 2366 496 2418 ree.
510 2366 748 2419 nesteronem
758 2365 888 2427 reema.
959 2359 1165 2432 aeoedontos,
1191 2360 1324 2437 proviso
1347 2359 1490 2437 primum
1513 2360 1693 2438 prudenter
1715 2362 1757 2424 de

259 2445 754 2513 nmaqm,lnn.cisr.,r.1v.p.laa]
959 2455 1049 2520 stain
1073 2454 1206 2531 prioris,
1235 2454 1355 2517 deinde
1380 2470 1482 2532 super
1513 2456 1695 2533 premissis
1723 2459 1758 2520 et

149 2552 197 2613 Ad
211 2553 447 2613 Grandimouten.
462 2552 667 2610 numerarium
682 2551 863 2623 amedeutes
959 2549 1048 2623 aliis,
1063 2567 1137 2629 quae
1159 2551 1202 2615 ad
1225 2550 1496 2615 reformationem
1517 2552 1644 2615 ordinis
1659 2568 1759 2630 spee-

291 2640 328 2699 d0
341 2640 714 2713 fflsfflm8i10⁰⁰issslulfflssb
958 2648 1032 2710 tare
1069 2649 1263 2721 noscuntur,
1304 2649 1495 2726 inquiratis,
1531 2650 1755 2727 appellatione

141 2748 324 2818 Honorius,
346 2748 422 2821 ete,
435 2748 567 2810 dilectis
584 2748 662 2810 tiliis
677 2747 791 2811 abbati
809 2751 903 2811 Pon·
958 2745 1096 2817 remote,
1113 2745 1243 2822 plautus
1255 2746 1442 2819 ueritatem,
1459 2761 1556 2823 opem
1568 2747 1601 2809 et
1619 2762 1756 2824 operam

4 2924 5 2931 ἵ
104 2845 464 2910 tmiaoenttisteroien.
478 2845 619 2918 ordinis,
632 2845 904 2909 Autissiodoren—
958 2841 1164 2915 adhiheutes,
1178 2843 1214 2905 ut
1228 2842 1301 2906 haee
1316 2842 1440 2906 ibidem
1460 2859 1522 2921 per
1542 2845 1755 2909 oonoordiam

4 3012 5 3017 ,
105 2943 333 3016 sisdioeeesis,
347 2943 381 3007 et
394 2942 499 3020 priori
512 2942 625 3007 saneti
640 2941 786 3007 Victoris
802 2943 903 3006 Pari·
958 2940 1189 3014 terminentur,
1215 2956 1291 3018 quae
1311 2941 1342 3003 si
1367 2939 1464 3003 sorte·
1480 2943 1657 3018 provenire
1686 2957 1755 3005 non

4 3040 6 3101 i
105 3041 241 3103 sienms.
958 3037 1093 3113 poterit,
1127 3036 1311 3116 iujungatis
1343 3037 1487 3115 oleriois,
1517 3040 1603 3117 quod
1642 3054 1686 3103 eu
1717 3055 1756 3105 se

5 3116 7 3149 ⁸
144 3137 283 3201 Dilectis
308 3136 387 3199 tiliis
419 3136 590 3201 willelmo
617 3138 659 3200 de
685 3137 900 3211 Gbaumonte,
958 3132 1051 3207 duos,
1067 3135 1101 3197 et
1115 3136 1286 3197 conversis
1304 3135 1395 3203 uter
1409 3151 1447 3197 se
1461 3135 1598 3201 totidem
1618 3137 1753 3213 plenum

105 3235 139 3299 et
151 3235 252 3299 Petro
273 3234 315 3297 de
336 3237 492 3299 manans
517 3233 731 3312 presbyteris,
757 3234 902 3299 olerioo-
957 3231 1150 3299 mandatum
1164 3232 1324 3301 amentes
1338 3249 1438 3312 super
1451 3234 1619 3311 prediotis
1640 3237 1753 3297 omui-

105 3348 199 3404 rum,
228 3334 262 3395 et
292 3332 436 3395 Gnidoni
467 3331 508 3394 de
542 3333 698 3404 Brizana,
726 3332 902 3397 (inillelmo
956 3327 1028 3401 bns,
1045 3345 1119 3406 qum
1131 3329 1173 3390 ad
1184 3329 1455 3392 reformationem
1469 3331 1662 3409 respiciunt,
1680 3333 1751 3396 sive

103 3427 276 3503 Lespinaz,
297 3425 432 3489 Giraldo
458 3425 499 3488 de
516 3425 686 3498 Belreure,
712 3426 746 3489 et
765 3426 903 3489 Giraldo
956 3425 993 3489 iu
1007 3425 1133 3501 regule,
1150 3426 1221 3488 sive
1235 3427 1433 3503 privilegiis,
1448 3428 1502 3491 vel
1522 3429 1750 3504 indulgentiis,

103 3525 196 3587 Colat
225 3522 334 3595 laicis
367 3538 605 3587 conversorum
626 3523 900 3585 Grandimonten.
957 3522 1234 3599 sectatorisque
1258 3523 1416 3600 predicta
1435 3524 1641 3600 contingant,
1664 3525 1753 3589 inibe

102 3620 230 3685 ordinis
245 3619 527 3697 procuratoribus,
544 3619 579 3681 in
593 3621 709 3682 nostre
722 3619 902 3696 presentia
956 3619 1084 3680 oertum
1106 3618 1236 3695 tempus
1273 3620 1547 3696 praeligenduma
1577 3622 1681 3696 vohis,
1710 3623 1752 3686 ad

101 3718 299 3790 constitutis,
312 3715 375 3780 suit
385 3732 447 3794 pro
456 3731 693 3781 conversorum
708 3717 803 3793 parte
821 3716 903 3794 peti·
956 3716 1168 3791 praeseuiiam
1182 3717 1330 3778 nostram
1345 3733 1419 3778 oum
1433 3718 1661 3795 inquisitionis
1678 3737 1752 3799 pro·

100 3814 170 3876 tum
195 3813 356 3892 quasdam
388 3816 520 3877 noemae
541 3812 768 3889 indulgentias
798 3828 901 3875 reuo-
956 3827 1052 3877 sessu
1066 3813 1300 3885 tramittant,
1312 3814 1481 3890 recepturi
1494 3830 1554 3890 per
1562 3816 1653 3892 ipsos
1664 3817 1751 3895 quod

101 3912 183 3983 cari,
208 3926 284 3988 quae
303 3910 574 3988 proponebantur
592 3925 653 3988 per
673 3909 901 3986 obreptionem
956 3923 1056 3985 super
1088 3908 1133 3971 iis
1163 3908 1349 3985 inspirante
1383 3910 1523 3973 Domino
1557 3911 1751 3975 duxerimus

100 4008 206 4070 nimia
224 4007 340 4070 contre
361 4007 511 4084 ipsorum
529 4007 691 4083 regulam,
712 4005 899 4083 privilegia,
955 4004 1204 4082 providendum.
1220 4007 1338 4075 Datum
1351 4007 1507 4071 Laterani
1520 4009 1752 4088 uonisjanua-

100 4106 132 4168 et
145 4103 374 4181 indulgentias
389 4102 696 4181 sedisapostolicae
710 4102 898 4181 impetrata.
954 4101 998 4163 rii
1012 4101 1224 4179 pontilioetus
1237 4103 1342 4175 nostri
1361 4119 1451 4175 anno
1472 4106 1629 4170 seeundo.

99 4204 223 4265 Verum
238 4201 433 4279 persultare
455 4215 514 4262 eos
532 4200 696 4278 repellere
719 4199 898 4273 nitebatur,

99 4298 249 4374 allegans
269 4297 364 4375 ipsos
389 4311 449 4375 per
467 4296 659 4361 eorumdem
681 4298 840 4374 priorem,
867 4300 901 4360 et
1317 4289 1389 4377 GH

98 4393 325 4463 mmm
331 4393 469 4505 ΜΨ
483 4394 897 4505 ⁰⁰⁸tfflm·2·1¹⁰m⁰vi⁰?⁰·
1006 4430 1061 4490 Ad
1072 4430 1227 4492 abbatem
1241 4431 1276 4492 et
1286 4432 1492 4494 conventum
1511 4433 1694 4496 vellesius.

98 4492 291 4570 episcopum
304 4490 708 4568 auctoritaieapostolma
729 4507 803 4557 esse
823 4508 900 4554 mu·
1145 4530 1301 4589 dloeoem
1320 4530 1557 4605 mmmm

98 4589 172 4651 culo
188 4586 898 4666 excommunicationisadstrictosdotluod
1292 4649 1298 4660 ,

19 4694 21 4745 ι
98 4685 207 4762 ipsum
221 4685 369 4762 priorem
393 4685 427 4748 et
443 4684 604 4763 quosdam
622 4684 762 4759 clericos
785 4684 898 4747 multis
1117 4760 1123 4772 ,
1242 4647 1347 4773 ,δμῶ’
1363 4649 1442 4708 ¹²¹⁸·
1649 4720 1681 4774 '.

20 4784 22 4833 ᾗ
97 4781 233 4860 injuriis
260 4781 455 4855 affecerunt,
483 4783 517 4845 et
545 4780 679 4845 eosdem
718 4781 897 4847 detinendo
983 4760 1092 4825 [ΗΘΜ.
1105 4760 1194 4822 lib.ss,
1208 4762 1349 4827 eprehffl.
1363 4763 1421 4812 lits.
1439 4761 1608 4814 LttPortetlil
1621 4763 1714 4827 Theti]

21 4912 23 4961 Ι
98 4880 248 4957 captivos
262 4877 435 4955 fregerunt
448 4878 601 4956 quaedam
622 4878 895 4945 Grandimonffl,
951 4867 1191 4940 compositionem
1203 4866 1240 4929 de
1251 4865 1386 4926 mandato
1411 4868 1570 4933 lllnwdssiii
1584 4870 1625 4928 III
1640 4870 1745 4931 [domm

21 4966 24 4997 ³
97 4975 213 5038 doinus
229 4975 316 5037 ostia
329 4975 504 5047 violenter,
520 4977 713 5039 amoventes
734 4973 896 5049 oldomles
1265 4956 1425 5017 fflflfllfflfl‘·

97 5072 197 5134 certis
212 5085 274 5149 per
286 5070 432 5148 priorem
445 5071 566 5134 oideiis
582 5072 767 5149 deputatos,
781 5072 814 5134 et
826 5072 897 5134 the·
989 5071 1168 5144 Honorius,
1184 5072 1260 5144 ete,
1281 5070 1411 5133 dilectis
1431 5071 1547 5133 tiliis...
1572 5071 1685 5138 abbati
1712 5078 1745 5138 ot

96 5185 195 5232 sauro
205 5168 359 5231 eeclesiae
369 5170 540 5247 oouupeto,
553 5168 686 5232 domum
699 5169 894 5232 monasterii
949 5168 1126 5230 conventui
1141 5168 1311 5231 Volterian
1328 5213 1336 5241 ,
1354 5169 1536 5246 Lingones.
1550 5170 1714 5235 dioecesis.

96 5266 289 5330 munierunt
311 5266 464 5343 personis
490 5265 706 5329 saecularibus
727 5267 762 5328 et
783 5281 895 5329 arma·
989 5266 1072 5345 Quia
1087 5265 1267 5329 labentium
1282 5266 1469 5344 temporum
1488 5283 1606 5331 cursus
1627 5284 1743 5332 eorum

94 5364 233 5440 tis3alia
247 5362 466 5437 nibilominus
475 5364 627 5439 enormia
640 5363 890 5431 committentes.
948 5379 1022 5441 quae
1036 5364 1197 5441 geruntur
1209 5364 1404 5427 memoriam
1416 5381 1529 5429 seeum
1545 5367 1643 5444 rapit,
1661 5382 1742 5429 oon-

95 5463 300 5527 iterantem
314 5476 392 5538 pars
407 5460 714 5538 aduersanegabat,
731 5460 892 5540 edjioiens
946 5462 999 5522 tra
1033 5460 1210 5523 oblivionis
1236 5460 1478 5523 incommodum
1514 5465 1742 5528 neeessariam

96 5558 179 5635 qood
191 5558 372 5636 antequem
385 5557 479 5634 prior
491 5556 662 5636 praedietis
676 5556 892 5635 indulgentiis
946 5558 996 5619 est
1007 5557 1189 5619 remedium
1204 5559 1454 5635 seripturarum,
1471 5575 1513 5620 ne
1526 5559 1603 5621 lites
1612 5562 1741 5638 judicio

66 5655 255 5729 ,uteretum
291 5669 336 5718 ex
362 5655 458 5732 parte
495 5669 730 5719 conversorum
762 5654 825 5718 fuit
858 5654 890 5719 ei
945 5654 997 5717 vel
1010 5654 1187 5717 eoncordia
1198 5655 1395 5729 terminatae,
1407 5657 1444 5718 in
1456 5656 1612 5722 recidivae
1625 5673 1737 5736 quaes-

1978 2386 1980 2449 ,A
