3980 6206
207 288 268 345 alb
820 287 998 350 BONORII
1018 290 1064 350 111
1084 291 1235 353 OPERA.
1792 298 1856 358 8¹6

200 444 1002 519 {mmmmmclaraeheaerauneenalima-
1052 452 1855 533 mmmmhnssnmmnbnmmiu

201 543 304 605 lutem
318 546 352 605 et
364 544 581 621 apostolicam
590 542 866 606 benedictionem.
1054 549 1265 613 seccoviensi
1279 552 1421 613 oectesia
1435 558 1502 614 tnae
1518 554 1617 615 diret„
1628 555 1856 632 episcopalem

241 642 333 703 Solet
360 656 510 701 anuriere
532 641 654 713 Sedes,
692 646 782 703 etc...
818 642 999 704 Ecclesiam
1053 646 1166 707 sedem
1195 649 1348 721 mundi,
1378 650 1440 711 tibi
1465 651 1636 712 mutiam
1668 652 1857 714 concedere

199 738 289 801 beati
305 740 400 799 Pauli
413 740 455 799 de
469 740 575 809 italis,
601 754 663 799 nec
690 756 757 800 uon
782 744 816 801 et
838 757 1000 818 personas
1053 743 1278 819 dignaremur.
1294 749 1417 809 Parate
1429 748 1854 826 deassensuoapitulitui.

200 836 236 899 in
259 852 299 899 ea
323 838 464 898 Domino
492 836 703 909 famulantes,
733 854 809 898 cum
832 838 999 907 omnibus,
1052 841 1858 909 eiunamdimtametdimidiamindioec.ettr·c·

201 934 319 1013 quain
330 936 582 1011 presentiarum
589 935 999 1013 rationabiliterpossidet,
1054 944 1170 1001 centn
1187 958 1320 1003 marcas
1335 943 1373 1003 in
1392 944 1577 1005 redditibus
1594 946 1784 1021 mgnare,
1807 946 1856 1006 ita

199 1036 259 1095 aut
291 1033 328 1094 in
356 1033 503 1095 luterum
525 1034 626 1110 justis
655 1034 783 1105 modis,
822 1036 1001 1111 pmcne
1054 1040 1165 1114 utper
1184 1041 1297 1101 emnia
1315 1042 1423 1117 ipsius
1444 1042 1597 1104 ecclesie
1617 1045 1756 1104 Seccos.
1776 1046 1856 1120 juro

199 1130 352 1203 bomine,
367 1132 489 1207 poterit
502 1131 655 1207 adipisci,
671 1130 734 1193 sub
746 1131 837 1195 beati
851 1132 942 1194 Petri
967 1134 1001 1193 et
1054 1136 1159 1207 salvo,
1174 1137 1260 1198 nibil
1282 1138 1325 1199 de
1340 1138 1439 1200 benis
1452 1140 1559 1217 ipsius
1572 1140 1614 1201 ad
1628 1141 1856 1217 episcopalem

198 1230 313 1289 nestra
325 1228 532 1304 protectione
545 1228 761 1304 suscipimus,
776 1232 810 1291 et
825 1228 1001 1305 praesentis
1054 1232 1247 1297 cathedram
1261 1235 1495 1307 baustoeatur,
1522 1253 1587 1299 nec
1606 1237 1712 1299 ullum
1730 1238 1856 1300 exinde

199 1324 998 1403 scriptipatreciniecemmuuimus.lt'ulliergo...
1054 1327 1090 1391 iu
1116 1329 1350 1407 dignitatibus,
1379 1331 1606 1404 libertatibus,
1635 1332 1855 1394 consuctudi-

198 1424 322 1485 nestrae
337 1424 553 1501 protectionis
567 1424 762 1501 intringere.
780 1426 815 1486 Si
832 1425 908 1503 qnis
933 1440 1000 1486 au·
1054 1426 1165 1499 nibus,
1189 1432 1224 1490 et
1245 1429 1431 1491 rationibus
1454 1430 1541 1491 Sala
1560 1431 1708 1506 capitulo
1729 1434 1857 1508 praeju-

199 1525 277 1593 tem,
293 1524 357 1583 etc.
371 1524 490 1583 Datum
505 1524 619 1583 Romae
637 1522 725 1599 apud
752 1524 910 1585 &netum
930 1524 1000 1584 Pe·
1054 1524 1178 1586 dicium
1204 1530 1395 1603 generatim.
1431 1528 1526 1591 Unde
1559 1528 1638 1590 licet
1665 1528 1784 1590 forsan
1815 1545 1855 1590 ee

198 1622 299 1691 num,
321 1622 352 1681 X
376 1620 536 1681 kalendas
546 1620 635 1698 julli,
659 1620 871 1699 pontificatus
895 1621 1000 1683 nestri
1053 1624 1221 1686 minusad
1242 1626 1307 1687 boc
1331 1626 1536 1689 insufficiens
1554 1626 1676 1691 debeas
1689 1628 1853 1703 reputari,

200 1732 290 1779 aune
305 1717 464 1779 secunde.
1055 1738 1121 1799 que
1136 1722 1406 1785 insufficientiam
1426 1725 1555 1801 allegas
1573 1724 1766 1793 mentius,
1794 1741 1857 1786 nos

1054 1821 1165 1882 minen
1184 1823 1277 1883 tuum
1298 1824 1502 1899 propositum
1520 1823 1632 1898 dignis
1654 1823 1691 1882 in
1712 1823 1857 1884 Domino

540 1870 668 1959 cccv
1055 1916 1208 1979 laudibus
1233 1919 1514 1992 commendantes,
1543 1923 1577 1982 et
1604 1920 1761 1997 precibus
1789 1921 1856 1981 tuis

197 2068 204 2081 .
287 2024 340 2084 Ad
358 2023 600 2083 Eberhardnm
623 2024 918 2097 archiepiscopum
1054 2030 1095 2076 eo
1120 2015 1337 2078 favorabilius
1361 2020 1558 2090 annuentes,
1584 2034 1650 2096 quo
1672 2018 1786 2078 rarius
1805 2019 1856 2078 eis

450 2122 747 2197 salzburgensem.
1054 2113 1193 2188 similes,
1214 2117 1248 2176 et
1260 2114 1467 2192 frequentius
1480 2116 1578 2177 uobis
1590 2115 1785 2186 dissimiles,
1801 2115 1855 2175 vel

497 2250 606 2326 a„
1054 2213 1856 2383 nentinrnrnnnts

373 2373 829 2440 [¹²⁰“b¹⁰³¹’¹'⁸'³‘'’¹'¹’¹''³⁰³']
1055 2407 1169 2469 uerab.
1192 2408 1288 2471 tratri
1313 2412 1427 2472 nostm
1450 2330 1659 2486 erlangensi
1682 2410 1851 2487 episcopo

203 2490 370 2551 Eberhmu
387 2490 603 2565 archiepiscope
617 2490 820 2565 salzburgensi
836 2490 999 2550 facultatem
1054 2506 1088 2567 et
1101 2505 1230 2568 dilectis
1245 2507 1337 2580 ffljjs,
1352 2508 1544 2571 ffifinengp
1558 2509 1674 2579 eleon),
1692 2512 1728 2568 01
1742 2506 1853 2570 abbati

237 2578 354 2639 creone
369 2595 475 2681 ⁰⁰vlff¹¹
490 2580 687 2654 ‘emnium
703 2578 733 2637 ³¹¹
750 2581 932 2639 necarem
948 2596 997 2638 ⁰⁰·
1053 2603 1285 2677 admuntensi,
1320 2607 1444 2667 nostru
1477 2605 1629 2667 emimus
1663 2605 1787 2666 linens
1818 2604 1853 2664 n

237 2671 324 2729 ⁰¹³⁸¹⁰
339 2668 481 2733 “mm“
1054 2701 1234 2774 mandatis,
1269 2704 1306 2764 ut
1331 2702 1521 2781 hujusmodi
1556 2703 1681 2780 negotii
1708 2702 1856 2763 circum-

241 2798 410 2861 Honerius
446 2798 639 2876 episcopus,
672 2814 789 2861 servus
827 2814 999 2861 servorum
1054 2800 1195 2861 stantius
1209 2800 1352 2862 sollicite
1364 2802 1585 2879 inquirentes,
1600 2804 1634 2862 et
1647 2801 1850 2878 specialiter,

202 2896 274 2968 Del,
299 2895 484 2958 venerabili
506 2896 602 2958 tratri
627 2894 819 2958 Eberharde
843 2895 1001 2960 salzbur-
1054 2897 1083 2957 si
1099 2897 1162 2959 boc
1176 2897 1327 2960 ecclesiae
1348 2899 1434 2960 Sais.
1450 2899 1609 2976 expedire
1632 2899 1799 2969 viderent,
1820 2901 1853 2959 et

201 2994 297 3071 gensi
323 2994 586 3071 archiepiscopo,
613 2994 755 3056 salutem
780 2995 815 3058 et
837 2993 1001 3071 aposteli—
1053 2994 1095 3055 ad
1113 2993 1146 3055 id
1164 2996 1301 3073 capituli
1323 2997 1470 3073 ejusdem
1490 3013 1647 3059 assensus
1666 2996 1851 3065 accederet.

201 3108 274 3153 cam
289 3092 564 3155 benedictionem.
1054 3108 1205 3154 necnon
1238 3093 1267 3154 si
1295 3094 1523 3155 seccoviensis
1548 3094 1690 3155 ecclesia
1719 3109 1765 3154 ex
1791 3093 1852 3154 hec

241 3190 333 3261 Quod
349 3205 416 3251 non
430 3191 499 3259 tua,
520 3188 577 3250 sed
600 3203 674 3263 quae
689 3188 811 3249 Christi
834 3189 921 3255 snut,
946 3187 999 3247 vel
1053 3194 1246 3253 servaretur
1263 3191 1440 3264 indemnis,
1468 3194 1501 3254 et
1522 3194 1632 3253 utrum
1650 3193 1742 3253 esset
1761 3191 1853 3252 suffl-

202 3286 310 3365 petius
323 3302 397 3363 qnae
412 3284 581 3346 Christiet
594 3286 752 3355 tuasunt,
767 3284 884 3346 sedula
899 3284 1000 3346 medi·
1054 3288 1146 3349 ciens
1171 3290 1206 3349 et
1236 3289 1356 3351 idonea
1383 3289 1486 3351 futuri
1520 3290 1669 3366 episcopi
1704 3288 1850 3367 provisio

200 3382 326 3447 tatione
354 3383 521 3460 requires,
562 3398 664 3460 opera
690 3386 746 3445 tua
774 3382 998 3444 testimmum
1055 3388 1249 3463 praetaxata,
1277 3387 1469 3463 diligentius
1493 3387 1701 3463 indagantes,
1730 3386 1851 3448 rescri-

200 3481 376 3560 perbibent
405 3480 587 3549 evidenter,
623 3480 700 3541 dum
731 3480 910 3542 commisso
939 3480 999 3543 tibi
1053 3482 1170 3547 bereut
1193 3484 1287 3547 uehis
1320 3485 1501 3562 superbis
1529 3485 1682 3547 omuibus
1711 3484 1850 3545 fideliter

198 3579 293 3659 gregi
319 3579 477 3657 prodesse
507 3577 720 3648 desiderans,
754 3578 862 3655 potius
899 3594 998 3656 quam
1053 3582 1239 3654 veritatem,
1261 3599 1325 3659 qna
1345 3584 1479 3660 cognita
1493 3583 1690 3645 decensilio
1711 3581 1851 3643 tranum

198 3694 354 3756 preesse,
371 3677 558 3738 animarum
574 3676 715 3748 lucrum,
730 3675 817 3737 sicut
830 3676 925 3738 decet
938 3679 999 3739 Do·
1053 3682 1241 3743 nostrorum
1263 3681 1517 3757 procederemus
1546 3682 1685 3743 anctore
1713 3681 1850 3741 Domine

199 3775 282 3838 mini
303 3774 520 3844 sacerdotem,
548 3772 685 3850 praelers
707 3772 849 3850 questui
870 3775 999 3851 tempo-
1052 3776 1227 3839 inoffense.
1262 3779 1443 3855 Episcopus
1470 3793 1550 3840 rere
1576 3781 1611 3839 et
1637 3776 1743 3838 abbas
1766 3793 1851 3854 prae-

198 3872 277 3949 rati,
298 3873 379 3950 quin
399 3872 514 3944 etiam,
534 3885 576 3932 ne
599 3885 666 3935 nou
686 3872 754 3932 tam
769 3886 827 3932 eas
848 3864 995 3948 pascere,
1052 3874 1145 3947 dicti,
1169 3876 1256 3937 sicut
1275 3877 1346 3936 suis
1374 3876 1470 3937 nobis
1496 3876 1617 3937 litteris
1640 3876 1849 3945 intimarunt,

198 3987 298 4050 quam
324 3970 516 4047 depascere,
541 3968 698 4042 ridearis,
732 3969 894 4041 carnalia,
923 3986 997 4047 quae
1052 3973 1130 4050 quia
1160 3972 1337 4051 praedictus
1372 3974 1498 4037 electus
1534 3973 1787 4050 crucesignatus
1816 3974 1850 4034 in

198 4084 314 4148 posses
329 4068 453 4133 metere
468 4068 503 4128 iu
518 4066 655 4136 eisdem,
674 4067 884 4139 voluntarius
896 4068 998 4131 effers
1052 4070 1223 4148 procinctu
1260 4070 1356 4148 quasi
1391 4070 1671 4147 peregrinationis
1701 4070 1848 4147 positus,

198 4166 386 4244 spiritualia
405 4164 594 4236 seminanti,
616 4164 730 4242 sicque
753 4164 806 4233 sit,
824 4166 860 4227 ut
879 4165 998 4229 minis-
1051 4167 1130 4229 huic
1144 4169 1277 4244 negotio
1291 4169 1453 4230 iuteresse
1465 4183 1532 4229 non
1546 4169 1691 4245 poterat,
1704 4168 1747 4229 ad
1765 4168 1850 4229 salz·

197 4267 286 4329 trum
315 4262 448 4333 Christi,
476 4264 509 4324 et
534 4261 796 4339 dispensatorem
821 4263 997 4339 mysterio-
1050 4265 1249 4343 burgensem
1278 4265 1454 4328 ecclesiam
1490 4265 1717 4342 personaliter
1751 4281 1848 4327 acce·

197 4378 273 4425 rum
285 4360 345 4425 Dei
359 4359 532 4423 telaciens
547 4359 720 4432 estimari,
744 4361 838 4423 tuum
853 4360 996 4423 bonores
1051 4363 1180 4436 dautes,
1204 4379 1402 4425 consensum
1428 4363 1567 4440 capituli
1591 4362 1633 4425 ad
1661 4362 1727 4424 boc
1756 4363 1849 4427 inre-

198 4456 878 4533 inllominoministerium,toquereddas
894 4459 997 4519 omni·
1050 4476 1131 4523 nere
1159 4465 1397 4539 praeparatum,
1428 4462 1462 4523 et
1495 4462 1656 4537 quantum
1679 4462 1749 4521 tam
1786 4460 1847 4531 ibi,

197 4558 261 4625 bus
286 4554 528 4627 honorandum,
553 4555 586 4619 et
606 4552 754 4617 sanorem
780 4555 930 4617 nostrum
954 4572 997 4619 es
1050 4573 1150 4634 quam
1178 4557 1257 4622 alibi
1290 4572 1391 4634 snper
1423 4555 1486 4617 boc
1516 4557 1669 4633 poterant
1704 4555 1845 4626 edoceri,

198 4656 252 4719 his
270 4672 309 4721 ee
329 4654 507 4733 specialius
525 4653 584 4716 tibi
604 4652 765 4721 vindices,
791 4668 856 4730 quo
873 4654 996 4716 nostris
1050 4654 1237 4716 didicerunt
1257 4654 1328 4716 baec
1343 4653 1428 4717 salz.
1443 4653 1594 4714 ecclesia
1608 4652 1736 4730 absque
1750 4653 1846 4714 dubie

197 4752 414 4831 beneplacitis
428 4751 621 4829 expressius
633 4754 666 4813 te
681 4751 827 4828 coaptas.
845 4751 996 4814 Pruden-
1050 4752 1217 4829 expedire.
1235 4750 1453 4829 Praepositum
1468 4766 1598 4831 unoque
1613 4752 1647 4811 et
1667 4750 1845 4828 capitulum

52 4836 63 4861 ’
196 4856 248 4915 ter
274 4852 362 4913 enim
390 4850 578 4926 recogitans
607 4848 692 4926 quod
720 4848 806 4910 Sala.
842 4844 995 4910 dioecesis
1051 4851 1268 4912 seccoviense
1291 4848 1512 4926 personaliter
1535 4848 1683 4919 allocuti,
1710 4864 1847 4926 accepe-
1972 4868 1973 4885 ¹

198 4966 302 5028 iisque
318 4949 400 5009 adeo
416 4950 466 5009 est
486 4946 619 5018 diffusa,
647 4946 733 5024 quod
758 4962 824 5008 nou
849 4945 995 5008 sufficias
1049 4949 1127 5009 runt
1147 4963 1353 5023 responsum,
1379 4945 1466 5023 quod
1491 4947 1524 5011 et
1545 4949 1681 5007 Secceu.
1705 4946 1847 5007 ecclesia

196 5047 362 5109 universis
384 5044 611 5106 babitantibus
639 5043 673 5104 iu
695 5043 810 5105 eadem
835 5045 993 5122 pastorali
1048 5045 1155 5107 illaesa
1181 5047 1370 5106 remaneret
1389 5044 1533 5122 penitus,
1556 5044 1590 5105 et
1613 5042 1791 5115 indemnis
1814 5044 1846 5104 et
1972 5074 1973 5099 ι

197 5144 421 5207 sollicitudine
440 5143 624 5217 imminere,
646 5142 767 5203 timeus
788 5157 929 5219 qnoque.
952 5158 995 5203 ne
1049 5145 1084 5207 nt
1111 5158 1225 5204 eorum
1250 5142 1361 5203 verbis
1389 5143 1531 5213 utamur,
1566 5141 1727 5204 terminos
1753 5156 1845 5201 nova
1972 5160 1973 5223 3

197 5243 329 5315 nonsit,
344 5242 401 5319 qui
423 5240 571 5318 [servulis
586 5240 638 5301 lac
653 5238 822 5311 doctrinae,
848 5240 900 5301 vel
916 5256 995 5317 pro-
1048 5240 1145 5303 dieec.
1170 5239 1304 5301 extendi
1331 5239 1500 5316 usquead
1529 5238 1661 5299 diaetam
1686 5241 1720 5300 et
1744 5237 1844 5298 dimi·
1972 5234 1973 5297 t

196 5342 301 5405 vectis
316 5340 425 5403 cibum
441 5338 583 5400 solidum
599 5336 817 5409 administret,
835 5339 894 5399 aut
907 5338 993 5413 quod
1049 5338 1137 5398 diem
1154 5337 1367 5412 invenerunt3
1382 5336 1575 5413 parochiam
1593 5335 1752 5397 videlieet
1769 5335 1845 5395 cni·
1972 5320 1973 5391 ἶ

198 5440 365 5501 infirmum
387 5441 437 5499 est
458 5437 560 5498 ineis
585 5434 779 5507 consolidet,
805 5436 862 5496 aut
880 5434 994 5511 alliget
1048 5434 1197 5506 nibeuze,
1214 5450 1288 5496 cum
1304 5432 1456 5495 omnibus
1477 5434 1547 5495 suis
1562 5432 1784 5510 pertiuentiis,
1810 5431 1843 5497 in
1972 5460 1973 5499 l

198 5535 284 5613 qued
301 5534 516 5606 contractum,
538 5534 618 5595 olim
638 5549 697 5610 per
717 5531 872 5594 dilectum
888 5532 993 5593 lilium
1048 5547 1113 5609 qnia
1128 5532 1191 5593 sita
1205 5532 1257 5594 est
1270 5530 1412 5594 ecclesia
1426 5529 1667 5601 seccoviensis,
1683 5545 1789 5605 usque
1802 5526 1842 5590 ad
1972 5508 1973 5591 ἐ

199 5628 994 5708 caroluml'risaceusempraepesitum,perlitte·
1048 5629 1147 5695 tinem
1165 5628 1332 5707 parochia
1355 5627 1468 5693 Sancti
1490 5627 1662 5693 Laurentii
1683 5626 1719 5687 iu
1735 5627 1841 5707 longe.
1972 5652 1973 5705 3
