3980 6206
220 270 277 329 751
837 275 1012 339 Horloall
1033 277 1080 338 111
1101 277 1250 340 OPERA.
1809 283 1873 343 752

221 444 366 491 massam
381 446 455 507 quae
470 432 607 494 uocatur
621 432 797 505 Ulmetum,
810 434 845 497 et
855 450 1012 508 massam,
1067 435 1318 513 monachorum,
1334 438 1391 515 qui
1406 437 1447 503 ad
1460 454 1574 502 sacros
1589 440 1723 504 ordines
1742 439 1873 503 fuerint

222 543 296 604 quae
323 532 463 591 vocatur
489 530 622 591 Malana
647 531 754 607 posita
781 531 817 593 in
845 532 1014 595 territorio
1067 534 1281 610 promovendi
1296 551 1536 614 aquocumque
1551 538 1732 600 maluerint
1750 537 1870 611 abbas,

221 624 401 702 Nepesino,
418 627 451 688 et
464 626 622 705 quidquid
638 627 769 690 habeta
784 631 884 706 ponte
898 631 1013 706 Nepe-
1068 632 1100 692 et
1132 631 1287 695 monachi
1324 634 1472 710 ejusdem
1507 634 1665 709 coenobii,
1700 635 1872 698 catholico

222 722 297 784 sino
317 739 420 801 usque
442 722 482 784 ad
502 726 645 786 montem
669 726 839 799 Rosulum,
857 729 892 789 et
905 726 1014 788 lacum
1068 727 1249 801 dumtaxat,
1266 731 1433 808 episcopo,
1449 733 1639 809 Apostolica
1653 732 1730 795 ireti
1745 736 1871 796 aucto-

221 819 279 897 qui
302 821 440 882 vocatur
461 822 593 883 lanula.
621 824 772 885 Castrum
801 825 1012 895 Baccariciae,
1067 827 1166 888 ritate
1202 828 1399 906 suscipiant;
1432 845 1516 907 quas
1547 830 1621 892 sine
1652 830 1867 901 difficultate,

222 931 296 977 cum
313 917 457 979 ecclesia
473 920 603 980 Sanctae
618 920 805 993 Christinae,
820 923 853 983 et
866 921 943 982 aliis
958 938 1016 983 ec-
1068 938 1107 984 ac
1122 924 1284 1001 pravitate
1305 926 1516 1004 praecipimus
1538 926 1700 989 exbiberi.
1719 930 1871 990 Minores

221 1014 345 1087 etesiis,
360 1016 393 1077 et
407 1015 617 1092 pertinentiis
633 1018 715 1079 suis.
732 1019 883 1080 Castrum
898 1020 1015 1097 Lepri-
1068 1022 1178 1083 autem
1198 1021 1332 1083 ordines
1357 1024 1529 1086 monacbis
1548 1024 1617 1086 suis
1639 1025 1727 1087 idem
1751 1025 1869 1099 abbas,

222 1112 326 1185 niani,
353 1129 427 1175 cum
454 1114 524 1176 suis
548 1115 710 1189 ecclesiis,
735 1117 769 1179 et
792 1117 1012 1194 pertinentiis.
1068 1119 1243 1181 dummodo
1267 1120 1311 1181 sit
1332 1118 1514 1199 presbyter,
1539 1122 1581 1184 de
1603 1125 1719 1185 nostra
1747 1125 1871 1200 poterit

220 1210 428 1287 Elagianum,
450 1228 524 1274 cum
553 1213 623 1274 suis
642 1213 852 1291 pertinentiis
872 1216 907 1276 in
931 1216 1016 1278 civi-
1069 1216 1285 1293 indulgentia,
1299 1235 1398 1296 quum
1413 1234 1549 1282 necesse
1563 1219 1674 1294 luerit,
1691 1221 1866 1283 exhibere.

219 1308 289 1370 tate
312 1310 478 1383 colorum,
500 1327 575 1373 cum
597 1312 666 1373 suis
686 1312 847 1386 ecclesiis,
863 1313 898 1375 et
916 1313 1016 1390 perti-
1069 1314 1129 1375 Cui
1145 1313 1362 1378 benedicendi
1377 1316 1477 1378 etiam
1498 1317 1704 1391 indumenta,
1732 1336 1807 1397 quae
1826 1320 1869 1382 ad

222 1407 356 1469 nentiis.
382 1408 557 1471 Civitatem
582 1410 836 1483 stertinianam,
857 1427 931 1472 cum
956 1427 1016 1473 ec-
1069 1428 1165 1491 usum
1184 1411 1301 1474 altaris
1322 1413 1358 1473 in
1377 1413 1493 1474 eodem
1514 1416 1719 1477 monasterio
1744 1416 1870 1479 tuerint

220 1504 323 1566 clesia
339 1506 452 1569 Sancti
466 1506 641 1579 iohannis,
656 1507 689 1569 et
703 1507 790 1576 lacu,
805 1510 839 1571 et
853 1509 924 1570 suis
938 1524 1016 1586 per-
1068 1508 1258 1569 necessaria
1287 1509 1499 1572 concedimus
1523 1512 1731 1588 potestatem.
1762 1515 1870 1575 lntsr-

219 1602 380 1666 tinentiis.
393 1607 430 1666 ln
441 1605 633 1681 episcopatu
644 1605 825 1667 Narniensi
839 1606 1014 1669 ecclesiam
1068 1602 1209 1667 dicimus
1224 1621 1354 1682 quoque
1369 1608 1525 1683 praesenti
1540 1608 1684 1681 decreto,
1702 1613 1739 1672 ut
1755 1610 1869 1672 nullus

221 1701 334 1762 Sancti
345 1702 476 1763 Nicolai
486 1702 527 1764 de
537 1705 649 1765 Monte
659 1703 848 1766 Masclario.
862 1705 1015 1766 Castrum
1069 1703 1203 1764 omnino
1216 1702 1289 1764 sine
1304 1704 1441 1780 speciali
1455 1705 1612 1768 mandato
1627 1708 1773 1770 Romani
1788 1710 1872 1769 Pon·

220 1798 354 1868 Raiani,
371 1814 444 1860 cum
461 1801 530 1860 suls
550 1800 770 1877 pertinentiis,
785 1801 818 1861 et
839 1800 1014 1862 castellum
1068 1800 1167 1862 tidcis
1192 1800 1226 1861 in
1251 1800 1417 1873 abbatem,
1444 1804 1478 1865 et
1507 1804 1688 1865 monachos
1718 1804 1870 1882 ejusdem

219 1910 357 1967 novum,
385 1896 417 1957 et
445 1898 589 1958 castrum
624 1897 792 1958 Eormelli.
829 1898 1014 1960 Ecclesiam
1068 1898 1227 1971 caenobii,
1255 1898 1346 1960 etin
1369 1914 1408 1961 eo
1435 1904 1692 1974 commorantes,
1722 1918 1868 1979 suspen-

220 1992 334 2054 Sancti
348 1994 499 2070 Benigni,
514 2010 589 2055 cum
604 1994 814 2071 pertinentiis
830 1996 911 2067 suis,
928 1995 1013 2057 hos·
1069 1996 1185 2068 sionis,
1208 1996 1261 2057 vel
1287 1998 1642 2061 excommunicationis
1667 2001 1869 2061 sententiam

219 2089 320 2166 pitale
341 2091 382 2154 de
406 2092 500 2163 Ram,
522 2107 596 2153 cum
618 2093 830 2170 pertinentiis
849 2093 929 2154 suis.
947 2096 1013 2155 Ec-
1067 2093 1295 2170 promulgare,
1320 2095 1373 2155 rel
1402 2110 1460 2156 eos
1486 2096 1527 2156 ad
1556 2096 1718 2174 synodum
1748 2113 1869 2159 vocare

220 2187 358 2249 clesiam
373 2190 487 2251 Sancti
502 2189 620 2266 angeli
636 2190 839 2263 deSoholea,
852 2205 926 2251 curm
938 2206 1016 2269 per-
1068 2194 1255 2267 praesumat.
1284 2191 1348 2253 Sed
1370 2207 1477 2269 neque
1502 2193 1653 2267 clericos,
1678 2195 1869 2272 praesertim

218 2285 368 2349 tinentiis
384 2287 467 2347 suis.
485 2287 696 2350 Medietatem
710 2288 812 2350 totius
835 2287 928 2351 tundi
943 2292 1015 2350 Va·
1068 2287 1212 2360 Oblatos,
1238 2288 1273 2350 in
1294 2288 1370 2350 aliis
1388 2290 1540 2351 ecclesiis
1560 2294 1809 2368 permanentes,
1833 2293 1868 2353 in

219 2384 351 2455 lariani,
368 2401 442 2446 cum
455 2385 630 2448 medietate
642 2386 754 2459 turris,
770 2387 803 2448 et
815 2385 1012 2459 castellaris,
1067 2384 1186 2463 quibus
1214 2402 1281 2447 non
1311 2387 1353 2449 ad
1383 2387 1574 2464 episcopos,
1602 2389 1659 2450 sed
1686 2389 1730 2450 ad
1759 2389 1868 2466 ipsum

219 2483 252 2542 et
282 2479 434 2543 omnibus
471 2483 681 2559 pertinentiis
720 2483 801 2544 suis.
832 2484 1013 2546 Ecclesiam
1067 2482 1218 2545 abbatem
1238 2483 1415 2555 institutio,
1432 2486 1466 2546 et
1479 2484 1659 2557 destitutio,
1675 2502 1716 2548 ac
1732 2502 1870 2548 correc-

220 2580 333 2641 Sancti
349 2579 468 2641 Leonis
483 2580 524 2641 de
537 2581 749 2658 lepriniano,
764 2598 838 2643 eum
852 2582 923 2642 suis
939 2598 1015 2659 per-
1066 2581 1113 2642 tio
1126 2580 1331 2656 dignoscitur
1344 2583 1522 2659 pertinere.
1539 2582 1675 2654 Quodsi
1691 2584 1869 2661 quisquam

219 2677 380 2739 tinentiis.
397 2679 550 2739 Castrum
570 2678 656 2755 quod
673 2681 812 2741 vocatur
826 2680 1014 2756 Morlupum
1067 2679 1102 2739 in
1128 2693 1186 2739 eos
1205 2676 1397 2756 hujusmodi
1423 2680 1604 2742 sententias
1626 2680 1865 2759 promulgaret,

219 2791 294 2836 cum
307 2776 376 2837 suis
386 2776 606 2854 pertinentiis.
615 2777 798 2839 Ecclesiam
806 2778 918 2839 Sancti
926 2779 1018 2839 lau-
1067 2775 1144 2837 illas
1164 2775 1373 2837 decernimus
1387 2776 1511 2850 irritas,
1528 2778 1702 2841 etinanes,
1719 2779 1869 2841 Obeunte

219 2872 320 2934 rentii
347 2875 441 2936 extra
468 2876 613 2936 castrum
640 2874 811 2948 divitense,
843 2890 917 2937 cum
944 2875 1014 2936 suis
1066 2889 1147 2935 vero
1168 2873 1316 2950 eiusdem
1335 2873 1400 2936 loci
1421 2874 1551 2946 abbate,
1574 2875 1688 2937 nullus
1714 2875 1761 2939 ibi
1787 2893 1869 2955 qua-

219 2970 442 3047 pertinentiis.
455 2974 568 3033 Romae
583 2972 760 3034 ecclesiam
776 2972 889 3034 Sancti
909 2973 1013 3034 Nico·
1069 2969 1148 3032 libet
1159 2972 1294 3044 astutia,
1311 2972 1539 3035 seuuiolentia
1554 2977 1786 3051 praeponatur3
1803 2975 1867 3035 nisi

218 3067 263 3129 lai
286 3068 326 3129 de
347 3071 479 3130 Forma.
505 3069 687 3131 Ecclesiam
712 3070 825 3131 Sancti
846 3070 954 3145 Sergii
978 3070 1012 3131 in
1068 3085 1164 3146 quem
1184 3068 1303 3130 iratres
1327 3070 1494 3130 communi
1515 3085 1691 3143 consensu,
1722 3070 1778 3133 vel
1801 3072 1868 3133 lra-

220 3163 360 3226 Subura.
389 3165 556 3227 piscarias
575 3165 610 3225 in
632 3165 780 3236 flumine,
800 3166 836 3226 in
859 3165 932 3227 loco
956 3168 1013 3243 qui
1067 3168 1153 3227 trum
1181 3181 1259 3244 pars
1278 3169 1387 3243 map‘or
1406 3167 1541 3228 consilii
1562 3168 1717 3241 sanioris,
1746 3184 1867 3230 secun-

218 3261 340 3322 dicitur
358 3263 572 3335 Marmorata,
599 3261 733 3334 Audita,
754 3262 960 3334 Domnicam,
981 3265 1014 3325 et
1067 3263 1143 3323 dum
1161 3263 1221 3325 Dei
1235 3262 1400 3336 timorem,
1423 3265 1456 3326 et
1469 3264 1558 3326 beati
1576 3265 1749 3328 Benedicti
1766 3283 1868 3343 regu-

218 3359 362 3430 Postam,
384 3360 417 3420 et
437 3359 523 3420 alias
546 3359 582 3420 in
605 3359 721 3422 eodem
741 3360 879 3422 flumine
898 3360 1013 3423 subtus
1067 3360 1132 3421 lam
1161 3360 1202 3422 de
1227 3361 1303 3437 ipsa
1335 3361 1603 3438 congregatione,
1634 3364 1664 3424 si
1691 3364 1804 3425 minen
1830 3364 1865 3424 in

217 3459 365 3518 Romam.
396 3457 594 3529 Pensiones,
624 3458 658 3519 et
686 3457 811 3531 hortos,
838 3462 871 3520 et
901 3459 1013 3520 omnia
1066 3470 1106 3516 ea
1132 3471 1191 3533 per
1216 3455 1497 3519 examinationem
1523 3458 1666 3519 Romani
1695 3459 1870 3520 Pontificis

216 3570 290 3631 quae
309 3554 398 3616 intra
418 3553 551 3625 Urbem,
569 3558 602 3617 et
620 3555 716 3617 entra
735 3555 823 3618 idem
838 3558 1013 3618 monaste·
1066 3554 1253 3630 reperiatur
1266 3553 1416 3625 idoneus,
1433 3553 1591 3616 duxerint
1603 3555 1808 3632 eligendum.
1830 3556 1864 3618 si

216 3651 303 3712 rium
319 3652 468 3713 noscitur
483 3650 644 3714 obtinere.
1065 3666 1157 3719 vero,
1172 3649 1259 3728 quod
1274 3649 1372 3723 absit,
1400 3651 1434 3712 in
1451 3651 1567 3713 eodem
1582 3654 1787 3715 monasterio
1800 3670 1865 3716 non

254 3749 303 3811 dd
319 3749 391 3810 baec
405 3749 588 3822 libertates,
610 3752 644 3812 et
663 3749 888 3812 immunitates
904 3750 1012 3812 eidem
1067 3748 1171 3825 possit
1206 3748 1381 3826 quisquam
1416 3748 1555 3810 idoneus
1590 3751 1753 3828 reperiri;
1788 3753 1866 3813 tunc

215 3846 416 3911 monasterio
436 3862 456 3907 a
484 3847 784 3924 predecessoribus
806 3848 929 3927 postris
953 3848 1011 3910 in·
1066 3848 1235 3908 Romanus
1264 3844 1419 3907 Pontifex
1440 3845 1481 3907 de
1502 3847 1571 3908 alia
1594 3850 1864 3924 congregatione,

214 3943 339 4017 dultas3
365 3944 579 4005 rationabiles
604 3961 734 4022 quoque
756 3945 1012 4009 consuetudines
1066 3942 1416 4020 praelatomonasterio
1428 3945 1865 4024 personamidoneamprae

217 4042 377 4103 hacteuus
398 4041 590 4103 observatas
612 4042 808 4104 auctoritate
821 4044 1011 4120 apostolica
1066 4040 1156 4102 liciat
1169 4041 1205 4101 in
1219 4039 1382 4102 abbatem.
1407 4043 1574 4103 Praeterea
1587 4041 1695 4104 lelicis
1708 4043 1865 4106 recorda-

214 4140 458 4201 confirmamus.
487 4139 668 4201 statuimus
689 4140 836 4216 insuper,
863 4141 899 4201 ut
920 4156 1011 4217 prae-
1065 4138 1166 4200 tionis
1187 4138 1340 4214 Gregorii
1355 4140 1459 4201 VPP.
1480 4139 1739 4216 praedecessoris
1761 4141 1863 4203 nostri

214 4236 317 4297 iatum
328 4235 577 4308 monasterium,
594 4235 677 4297 nulli
691 4252 829 4313 prorsus
838 4236 873 4297 in
885 4237 1009 4314 aliquo,
1064 4235 1215 4312 vestigiis
1226 4235 1438 4308 inhaerentes,
1449 4237 1647 4299 remittimus
1660 4239 1863 4301 monasterio

215 4333 280 4393 nisi
304 4335 454 4395 Romano
480 4334 605 4394 tantum
630 4333 783 4395 Pontifici
804 4334 848 4395 sit
875 4334 1010 4411 subjec·
1065 4334 1246 4395 memorato
1268 4333 1425 4404 debitum,
1447 4334 1529 4405 vini,
1546 4335 1664 4406 verris,
1687 4338 1724 4398 et
1741 4351 1860 4408 vaccae,

213 4432 297 4505 tum;
315 4446 376 4491 nec
390 4429 437 4490 ibi
450 4429 583 4507 aliquis,
597 4431 719 4507 praeter
729 4446 815 4503 eum,
830 4431 1012 4508 quamlibet
1064 4431 1151 4508 quod
1168 4431 1314 4507 antiquis
1337 4431 1540 4508 temporibus
1563 4432 1861 4509 predecessoribus

208 4527 476 4607 jurisdictionem
493 4529 659 4600 exerceat,
682 4529 740 4590 ant
763 4528 909 4607 aliquam
924 4545 1010 4590 ven·
1064 4528 1187 4590 nostris
1211 4531 1430 4590 consueuerat
1457 4528 1625 4605 exbiberi3
1656 4531 1762 4592 salvis
1787 4547 1863 4609 gra·

212 4627 300 4689 dicet
315 4627 519 4704 potestatem.
544 4625 663 4688 Abbati
682 4642 762 4687 sero
781 4626 887 4705 ipsius
906 4643 1010 4689 vene-
1063 4626 1157 4689 tuitis
1178 4625 1357 4703 obsequiis,
1381 4628 1415 4689 et
1433 4628 1602 4689 consuetis
1622 4628 1767 4697 exeniis,
1791 4644 1860 4706 quaa

214 4723 328 4789 rabilis
352 4724 430 4795 loci,
460 4725 635 4802 praesentis
657 4723 823 4802 privilegii
858 4725 1009 4787 auctori·-
1063 4723 1406 4794 intestoNativitatis‚
1420 4730 1454 4785 et
1468 4726 1738 4787 Resurrectionis
1752 4726 1861 4788 Domi-

212 4823 290 4894 tate,
303 4822 525 4894 concedimus,
543 4824 579 4884 ut
591 4823 631 4884 ad
644 4823 815 4894 bonorem,
832 4824 865 4884 et
880 4823 1009 4884 laudem
1063 4821 1158 4893 nicae,
1175 4821 1373 4899 apostolicae
1386 4821 1463 4883 Sodi
1477 4821 1782 4885 debentannuatim
1796 4823 1859 4884 im-

211 4919 382 4991 Altissimi‚
404 4936 478 4981 cum
498 4920 608 4991 mitra,
631 4922 664 4982 et
678 4920 815 4993 annulo,
835 4920 1006 4993 sandaliis,
1063 4919 1172 4996 pendi.
1193 4919 1307 4982 Liceat
1325 4934 1455 4996 quoque
1476 4918 1599 4992 abbati,
1627 4922 1661 4982 et
1684 4919 1859 4982 conventui

210 5018 334 5089 tunica,
360 5015 548 5089 dalmatica,
570 5018 748 5080 missarum
773 5018 933 5081 solemnia
948 5033 1008 5095 pro
1063 5017 1256 5078 monasterii
1267 5017 1453 5088 memorati,
1468 5016 1608 5079 fratrum
1623 5018 1859 5080 suorumtesti-

211 5117 278 5177 tuae
299 5114 443 5177 celebret
469 5116 655 5177 reverentia
676 5115 873 5189 sanctitatis,
899 5119 933 5178 et
952 5132 1010 5176 as·
1062 5114 1230 5176 moniisin
1246 5114 1517 5191 propriiscausis
1540 5114 1600 5186 uti,
1624 5115 1697 5177 sive
1716 5115 1856 5186 civilem,

210 5212 294 5275 tanti
319 5213 420 5284 clero,
446 5228 485 5274 ac
508 5214 628 5290 populo
649 5212 834 5275 benedicat.
861 5215 909 5275 lta
933 5213 1009 5291 qui·
1062 5212 1133 5275 sive
1161 5198 1368 5274 criminalem
1398 5212 1591 5273 contineant
1625 5213 1856 5289 quaestionem

211 5311 296 5381 dem,
314 5313 350 5372 ut
371 5311 400 5371 si
415 5327 474 5388 per
492 5327 609 5371 manus
624 5311 766 5373 Romani
783 5312 954 5373 Pontificis
972 5311 1008 5374 in
1062 5326 1104 5370 ne
1129 5326 1189 5386 pro
1210 5308 1338 5370 delectu
1361 5310 1505 5381 testium,
1532 5313 1589 5387 jus
1610 5326 1727 5371 eorum
1753 5312 1857 5373 ualeat

211 5408 416 5470 sacerdotem
435 5409 535 5470 luerit
560 5409 744 5481 ordinatus,
773 5423 873 5485 super
900 5412 1008 5485 majus
1063 5406 1225 5484 deperire.
1240 5407 1508 5478 Clericosetiam‚
1522 5407 1593 5469 sive
1608 5406 1713 5469 laicos
1726 5407 1854 5474 liberos.

211 5503 316 5565 altare
335 5505 503 5567 licentiam
521 5504 643 5566 habeat
661 5504 861 5567 celebrandi.
885 5507 1009 5566 Conse·
1062 5506 1094 5566 et
1121 5503 1291 5566 absolutos
1314 5521 1333 5566 e
1359 5504 1483 5567 seculo
1508 5504 1674 5581 fugientes
1701 5504 1793 5567 licite
1815 5504 1854 5565 ad

213 5599 378 5663 crationes
399 5605 509 5663 autem
528 5602 696 5674 altarium,
722 5604 755 5665 et
782 5601 1008 5665 ordinationes
1061 5602 1312 5664 conversionem
1326 5601 1500 5681 recipiant,
1522 5602 1556 5664 et
1570 5617 1627 5663 eos
1650 5600 1777 5681 absque
1794 5601 1854 5663 ali·
