3980 6206
198 276 255 333 ror
824 273 1000 341 ttononn
1022 273 1065 334 111
1088 273 1238 334 ornus.
1509 262 1515 273 '
1572 266 1595 297 f
1792 278 1857 333 riis

240 432 366 498 Invicta
393 434 475 497 tides
498 434 531 497 et
559 432 880 506 devotioindelessa‚
897 446 996 512 quam
1052 426 1162 494 serens
1185 431 1406 501 antedictam,
1436 448 1528 505 eam,
1561 448 1660 511 quam
1687 428 1759 513 ipse
1790 435 1856 497 ob-

199 550 278 611 erga
302 533 403 596 clarae
432 533 601 595 memoriae
624 535 654 595 J.
679 548 790 608 regem
814 532 996 621 anglorum
1051 530 1198 592 tinuerat
1217 530 1252 591 in
1278 531 1419 592 ecclesia
1450 531 1654 605 Placentina,
1671 549 1691 594 a
1711 534 1852 611 praerato

199 630 349 694 nosceris
369 630 537 711 babuisse.
563 631 595 692 te
621 646 661 693 ac
681 630 739 693 tua
762 622 913 711 ponendo
937 646 997 707 pro
1053 627 1259 700 Rolandino,
1295 626 1351 689 cui
1388 629 1635 721 contnleramus
1677 632 1850 705 eamdem,

198 731 284 809 ipso,
301 731 387 792 sicut
400 722 450 790 ssli
465 729 638 791 materiam
654 714 819 809 praestitit',
840 722 873 789 te
888 726 997 803 dignis
1052 726 1177 789 iaceret
1204 727 1343 805 pacifice
1371 726 1556 804 possideri:
1573 731 1770 794 mandantes
1794 732 1853 791 di-

198 828 391 890 muneribus
425 825 631 899 honorandi,
657 826 711 901 sic
738 827 770 889 et
800 822 896 888 nobis
930 825 997 888 tuis
1052 825 1136 886 lecto
1160 824 1229 887 illio
1252 822 1492 887 Mediolanensi
1519 827 1634 899 electo,
1653 830 1690 890 ut
1712 830 1855 906 praelato

198 922 524 988 remunerationibus
550 925 731 1003 praestandi
757 923 906 985 favorem
931 939 997 984 non
1053 924 1207 1001 episeopo
1222 923 1258 984 ln
1273 924 1419 985 mandati
1435 925 1539 987 nostri
1559 927 1757 988 executione
1779 942 1856 989 ees-

198 1022 365 1086 immerito
403 1024 597 1101 persuadet,
634 1025 670 1083 ut
705 1022 762 1083 tua
800 1023 890 1083 circa
922 1037 996 1082 eum
1053 1025 1159 1093 sanie,
1174 1021 1246 1098 ipse
1261 1021 1343 1082 illud
1359 1024 1499 1100 exsequi
1514 1028 1720 1102 procuraret,
1736 1024 1857 1088 decer-

197 1118 293 1203 grata
322 1120 499 1199 obsequia,
529 1122 562 1183 et
591 1120 695 1199 ipsius
724 1114 804 1196 erg'a
832 1121 865 1181 te
893 1119 997 1181 retri-
1054 1136 1136 1181 neus
1168 1120 1311 1193 irritum,
1342 1123 1374 1182 et
1410 1120 1523 1197 inane,
1550 1122 1580 1183 si
1606 1123 1685 1200 quid
1710 1123 1752 1185 de
1781 1125 1855 1201 ipsa

197 1214 345 1280 butinam
369 1220 511 1293 gratiam
546 1217 782 1295 approbanter,
827 1214 998 1293 utriusque
1054 1218 1138 1281 toret
1149 1217 1276 1295 aliquid
1287 1218 1487 1282 ordinatum.
1498 1221 1685 1299 Ipsoigitur
1696 1222 1856 1299 episcopo

198 1316 375 1379 reddamus
402 1316 523 1378 exinde
551 1314 839 1377 honorificentiam
871 1312 997 1375 clario·
1052 1310 1188 1394 propter
1202 1314 1363 1394 quasdam
1378 1318 1590 1396 exceptiones
1602 1321 1635 1381 et
1653 1318 1855 1398 appellatio·

197 1432 279 1477 rem.
295 1417 400 1487 Quum
422 1414 536 1490 igitur,
561 1414 646 1475 sicut
668 1413 764 1474 nobis
779 1410 837 1474 tua
850 1408 998 1473 exhibita
1054 1430 1129 1475 nem
1145 1413 1274 1493 praelati
1290 1415 1427 1491 capituli
1437 1416 1619 1478 asserentis
1633 1430 1670 1478 se
1684 1417 1779 1478 illam
1794 1417 1854 1479 alii

198 1512 313 1589 petitio
327 1512 527 1584 continebat,
540 1511 627 1573 idern
640 1527 701 1572 ren
713 1511 861 1587 pensatis
870 1510 935 1570 tuae
946 1510 1000 1569 de·
1054 1511 1246 1583 contulisse,
1258 1512 1437 1588 procedere
1450 1529 1516 1574 uon
1531 1516 1670 1575 curante
1686 1536 1694 1574 :
1711 1514 1853 1579 dilectus

197 1610 343 1672 votionis
370 1609 557 1687 obsequiis,
579 1609 614 1670 in
640 1608 730 1670 terra
758 1609 815 1669 tua
842 1607 998 1668 cudendae
1055 1610 1143 1670 tilius
1158 1606 1190 1671 S.
1203 1607 1362 1684 magister
1373 1610 1563 1672 scholarum
1578 1610 1802 1673 Mediolanen.
1815 1613 1856 1673 de

198 1711 341 1769 monetae
369 1706 429 1769 tibi
453 1707 594 1768 liberam
618 1706 658 1766 de
681 1704 883 1767 liberalitate
906 1704 999 1780 regia
1054 1706 1210 1769 mandato
1226 1708 1331 1784 ipsius
1346 1709 1444 1771 electi
1464 1708 1645 1771 decernens
1660 1710 1807 1783 irritum,
1824 1712 1857 1771 et

198 1804 403 1867 concesserit
421 1803 624 1875 facultatem,
645 1803 731 1864 sicut
745 1803 779 1863 in
794 1804 866 1879 eJus
879 1802 999 1862 litteris
1055 1806 1167 1879 inane,
1181 1807 1267 1885 quod
1279 1807 1320 1870 de
1335 1806 1512 1885 praebenda
1533 1806 1606 1884 ipsa
1620 1804 1746 1869 lactum
1761 1807 1856 1867 diee-

199 1903 330 1980 pleniua
343 1902 542 1974 continetur,
556 1900 871 1962 nosconcessionem
882 1899 1001 1976 hujus·
1054 1901 1153 1965 batur
1166 1920 1226 1983 per
1240 1906 1419 1983 capitulum
1436 1907 1664 1979 memoratum,
1675 1905 1710 1966 in
1725 1920 1854 1976 omnes,

199 1998 288 2061 modi
298 2002 427 2076 gratam
440 1996 610 2073 habentes,
621 2013 694 2059 eam
710 1998 780 2069 tibi,
794 1997 880 2058 sicut
894 1997 1000 2074 ipsam
1056 2002 1111 2081 qui
1125 2008 1224 2080 sup'er
1234 2002 1298 2066 hoc
1308 2002 1485 2082 saepedicto
1500 2004 1573 2066 Rol.
1586 2020 1622 2065 se
1637 2007 1855 2080 opponerent,

196 2100 285 2175 juste
301 2098 430 2159 obtines
446 2099 478 2159 et
500 2097 620 2174 quiete,
646 2095 999 2171 auetoritatenposto-
1056 2101 1409 2163 excommunicationis
1435 2101 1633 2163 sententiam
1664 2100 1857 2179 promulga-

200 2194 265 2258 lica
288 2194 534 2264 confirmamus,
554 2198 587 2255 et
609 2194 783 2271 praesentis
806 2192 921 2269 scripti
942 2209 1003 2270 pa·
1056 2198 1115 2259 vit.
1130 2199 1199 2259 Nos
1219 2198 1321 2275 igitur
1340 2199 1500 2270 volentes,
1518 2200 1553 2260 ut
1572 2214 1749 2276 processus
1763 2202 1856 2276 ejus-

200 2294 342 2356 trocinio
363 2293 613 2354 communimus.
637 2292 686 2353 Ad
704 2291 865 2353 indicium
890 2293 1001 2352 autern
1056 2296 1129 2358 dem
1146 2298 1295 2374 magistri
1310 2297 1506 2359 scholarum
1525 2297 1759 2359 inconcussam
1777 2297 1857 2359 obti-

199 2390 334 2468 liuJ'usa
355 2392 439 2452 Sede
453 2391 643 2468 Apostolica
659 2390 921 2452 confirmationis
943 2388 1003 2450 ob-
1057 2397 1134 2456 neat
1150 2393 1350 2466 firmitatem,
1371 2394 1571 2457 fraternitati
1590 2396 1655 2456 tuae
1671 2410 1732 2471 per
1746 2398 1855 2470 Apos-

200 2488 312 2558 tentae,
331 2502 432 2547 unam
455 2502 600 2546 marcam
621 2485 694 2546 auri
722 2485 819 2545 annis
846 2482 999 2559 singulis,
1045 2492 1157 2565 ,toliea
1179 2493 1300 2569 scripta
1325 2493 1532 2566 mandamus,
1559 2492 1725 2569 quatenus
1753 2493 1858 2553 facias

204 2580 323 2661 quibus
350 2582 483 2644 m0110la
506 2583 577 2660 ipsa
598 2581 748 2653 cudetur,
763 2580 858 2641 ¹10bis
873 2584 906 2641 θῖ
921 2596 1000 2641 sue·
1057 2589 1149 2650 illum
1163 2606 1222 2667 per
1237 2606 1411 2651 censuram
1426 2590 1699 2662 ecclesiasticam,
1713 2589 1859 2667 appella-

202 2681 390 2744 cessoribus
406 2681 530 2743 nostris
545 2680 708 2741 exsolves.
728 2679 820 2739 Nulli
833 2694 912 2754 ergo
926 2693 1002 2738 om-
1056 2688 1148 2750 110110
1162 2690 1301 2756 remota,
1317 2689 1456 2750 firmiter
1466 2688 1649 2751 observari.

202 2779 282 2841 nino
297 2779 469 2841 bominum
484 2779 583 2840 liceat
597 2778 685 2839 hanc
709 2777 864 2854 pagiuam
880 2777 1003 2837 nostrae
1098 2786 1216 2848 Datum
1227 2787 1384 2849 Laterani
1399 2788 1445 2848 xl
1459 2786 1526 2849 kal,
1540 2786 1630 2859 maii,
1643 2786 1858 2864 pontificatus

203 2877 465 2939 confirmationis
482 2876 676 2953 infringere,
694 2875 747 2937 vel
760 2874 792 2935 ei
803 2888 887 2935 ausu
899 2875 1005 2934 teme·
1058 2884 1164 2947 nostri
1178 2900 1267 2946 amm
1280 2884 1435 2947 secundo,

203 2976 295 3037 rario
310 2974 487 3037 contraire.
504 2975 539 3036 Si
552 2975 626 3051 quis
641 2974 751 3035 autem
768 2972 831 3034 boe
842 2972 1004 3033 attentare

204 3073 465 3151 praesumpserit,
485 3068 747 3151 indignationem
771 3069 1005 3147 omnipotentis
1400 3044 1517 3131 CCIV

205 3171 265 3231 Dei
278 3172 312 3232 et
320 3169 493 3231 beatorum
512 3168 603 3230 Petri
616 3170 649 3229 et
660 3167 758 3228 Pauli
773 3167 1004 3243 Apostolorum
1059 3190 1111 3249 Ad
1129 3189 1413 3262 archiepiscopos,
1437 3189 1612 3263 emmo,
1635 3186 1669 3248 ep
1690 3184 1853 3262 prmo,

205 3265 706 3344 ejussenoveritincursurum.
1362 3287 1555 3361 pronioe.

245 3366 363 3427 Datum
378 3362 534 3426 Laterani
549 3362 611 3425 ΧΗ
624 3358 785 3424 kalendas
801 3360 881 3424 maii
896 3361 1007 3439 ponti·
1340 3416 1376 3475 ,ὃ
1394 3416 1466 3489 ψη
1498 3414 1568 3473 Μ

206 3464 323 3524 ficatus
339 3463 444 3527 nostri
456 3477 545 3523 anuo
561 3460 717 3523 secundo.
1062 3518 1167 3585 [ΒΜ
1179 3521 1321 3579 Bullinum
1332 3522 1433 3573 ordino
1446 3522 1505 3575 tm·
1520 3521 1664 3579 mm„
1681 3521 1700 3580 Ι,
1713 3521 1755 3583 υ.
1767 3538 1795 3573 Β.
1806 3522 1857 3587 m

545 3648 669 3737 001ss
1168 3626 1301 3687 Ordinem
1320 3627 1536 3702 predicatorum
1556 3627 1752 3687 commendat.

347 3796 400 3856 Ad
417 3796 613 3870 epscopum
628 3797 866 3854 mmmm
1102 3746 1269 3857 Honorius
1284 3745 1458 3823 episeopus
1471 3760 1770 3856 seruasserrorum
1786 3746 1855 3858 Dei,

1063 3843 1308 3905 venerabilibus
1324 3842 1765 3921 matribusarcmepiscopis,
1775 3861 1860 3922 epis·

498 3916 530 3973 ²¹
547 3916 629 3988 spru.
647 3914 726 3973 ¹²¹⁰·
1064 3942 1165 4019 copis,
1183 3957 1222 4003 ae
1235 3940 1364 4002 unecus
1383 3940 1461 4001 rins
1476 3940 1662 4011 annaeum,
1677 3942 1855 4018 prioribus,

257 4023 366 4089 [Campi
382 4022 442 4072 hist.
458 4020 546 4072 ecda.
560 4022 586 4072 di
596 4023 727 4078 Placensa.
740 4021 771 4079 ll,
792 4019 848 4079 388,
870 4032 896 4072 n.
909 4019 962 4084 td]

1064 4038 1096 4101 et
1110 4038 1186 4100 aliis
1199 4037 1414 4100 ecelesiarum
1430 4037 1575 4122 praelatis
1590 4054 1649 4115 per
1663 4039 1856 4116 Hispaniam

273 4129 389 4189 Mandat
401 4136 432 4187 ut
443 4129 584 4186 wsslessllfl
600 4142 616 4186 θ
632 4129 772 4201 magistro
786 4126 949 4185 ⁸⁰h⁰¹tll¹¹¹¹
1064 4136 1262 4208 constitutis,
1275 4134 1458 4196 salutemet
1473 4134 1688 4212 apostolicam
1703 4136 1861 4199 benedic-

310 4218 516 4277 Medlolanens.
530 4217 587 4274 latu
600 4216 719 4274 tirmiter
732 4216 909 4274 observatur.

1064 4232 1198 4293 tionem.

250 4335 419 4397 Honorius
434 4333 737 4411 episcopusservus
753 4349 925 4395 servorum
936 4335 1006 4404 Dei,

1105 4329 1139 4390 Sl
1154 4330 1314 4406 personas
1328 4327 1513 4404 religiosas,
1537 4328 1598 4388 etc.

209 4432 394 4497 venerabili
418 4431 513 4493 tratri
535 4431 688 4508 episeopo
707 4431 890 4503 Parmensi,
912 4430 1008 4491 salu·
1105 4426 1255 4507 (Vidests
1268 4424 1330 4486 ool.
1346 4426 1495 4496 626-627,
1513 4424 1569 4485 ubi
1589 4422 1705 4486 eadem
1721 4425 1857 4501 epistola

209 4533 324 4596 temet
344 4528 560 4607 apostolicam
574 4527 850 4590 benedictionem.
1064 4526 1185 4601 legitur
1204 4523 1251 4601 de¹
1266 4523 1366 4585 verbo
1386 4522 1427 4583 ad
1449 4523 1598 4584 verbum.
1612 4524 1696 4584 Data
1721 4525 1767 4585 Ill
1788 4522 1857 4582 idus

172 4668 176 4675 -
250 4628 424 4705 Allegante
439 4627 518 4688 olim
532 4627 727 4688 Placentino
737 4625 882 4702 capitulo
898 4641 1010 4688 sacer·
1064 4618 1253 4701 februarii.)

211 4726 353 4789 dotalem
374 4740 448 4786 esse
475 4725 652 4802 quamdam
673 4723 823 4785 ecclesiae
840 4739 909 4784 suae
923 4739 1010 4801 prae-

210 4823 363 4896 bendam,
391 4839 489 4900 quam
515 4822 636 4884 dilecto
666 4822 735 4883 filio
764 4820 950 4883 Rolandino
969 4820 1010 4880 de

211 4923 350 4985 domnia
373 4920 535 4982 canonico
557 4919 750 4992 Mutinensi,
771 4919 943 4995 capellano
958 4916 1011 4978 di-

210 5020 288 5082 lecti
302 5019 364 5085 tilii
376 5017 485 5080 nostri
494 5016 616 5078 Leonis
628 5016 678 5079 tit
696 5018 731 5078 S.
743 5017 857 5079 Crucis
871 5014 1011 5092 presby·

210 5118 275 5179 teri
312 5115 493 5180 cardinalis
529 5115 806 5181 mandaveramus
838 5113 1007 5189 conterri3

209 5232 271 5279 nos
284 5231 399 5279 eornm
417 5214 572 5295 episcopo
588 5226 726 5273 numere
748 5211 1009 5274 consecrationis

210 5316 373 5393 impenso,
396 5313 504 5373 eidem
526 5310 676 5373 dedimus
703 5309 740 5371 in
769 5306 946 5381 mandatis,
974 5310 1011 5371 ut

210 5428 363 5490 personae
400 5409 544 5480 idoneae,
577 5424 650 5485 quae
687 5402 826 5471 baberet
860 5406 1009 5468 ordinem

212 5508 399 5580 sacerdotii,
416 5508 469 5569 vel
493 5506 534 5567 ad
555 5505 651 5566 illurn
678 5504 816 5576 valeret,
845 5506 878 5579 et
899 5505 1010 5581 posset

212 5605 248 5660 in
274 5605 425 5676 proximo
455 5603 660 5679 promoveri,
685 5598 896 5680 praebendam
926 5615 1009 5662 con-

1415 4726 1510 4823 CCV

1063 4874 1116 4933 Ad
1138 4875 1332 4932 amaneum
1347 4873 1508 4943 priorem
1527 4869 1561 4931 et
1579 4870 1713 4943 fratres
1726 4871 1859 4931 Serretes
1963 4886 1964 4905 l

1302 4969 1619 5028 Martaectelbetno.

1345 5096 1379 5156 27
1395 5096 1475 5170 april.
1494 5096 1572 5154 ltlss.

1065 5204 1210 5268 [Belznnre
1223 5203 1366 5269 Antinoites
1376 5204 1406 5253 de
1416 5202 1514 5267 l’Egllse
1521 5202 1552 5253 da
1560 5202 1694 5261 limacius,
1701 5208 1721 5254 t.
1732 5203 1765 5262 ll,
1775 5218 1800 5269 p.
1808 5201 1856 5265 bt]

1064 5312 1221 5370 Ecclesiam
1234 5312 1262 5369 S.
1279 5310 1375 5370 itariae
1387 5309 1423 5368 de
1435 5308 1533 5369 lbelna
1551 5326 1616 5367 curn
1629 5310 1764 5367 omnibus
1778 5308 1856 5366 bonis

1098 5398 1232 5459 tuendam
1252 5399 1379 5472 suscipit,
1400 5410 1557 5471 omnesque
1580 5398 1643 5472 etus
1662 5400 1856 5472 possessiones

1099 5504 1133 5547 ac
1146 5488 1232 5558 bona,
1243 5487 1307 5562 jura
1321 5503 1355 5547 ac
1365 5487 1513 5562 privilegia
1529 5486 1689 5545 coufirmat.

1104 5598 1271 5659 Honorius
1282 5597 1591 5674 episcopusservus
1603 5612 1775 5657 servorum
1786 5594 1850 5657 Dei.
