3958 6204
87 297 143 358 21¹1
350 290 524 369 111111.-
537 286 583 351 IN
604 286 858 351 Narlvl‘rarn
879 285 1029 353 SANCTI
1048 288 1227 353 JOANNIS
1247 262 1477 355 BAPTISTAE·
1678 299 1739 363 218

89 452 243 528 exigente
262 450 397 524 natura,
419 449 477 512 sed
495 447 603 527 gratia
624 447 792 527 operante,
811 461 885 509 curm
939 444 1129 525 baptizavit.
1155 447 1250 511 Unde
1268 449 1340 528 ipse
1352 451 1407 514 ait
1419 451 1461 514 ad
1476 468 1552 516 eum
1566 456 1740 533 snpoou

89 551 174 613 esset
191 548 378 610 Zacharias
392 563 496 610 senex
516 549 549 609 et
562 545 731 609 Elisabeth
749 544 884 617 sterilis,
940 546 1041 606 debeo
1049 546 1229 620 baptizari,
1243 547 1278 608 et
1286 549 1325 610 tu
1331 552 1429 611 aenis
1439 549 1738 630 adrncfflatthau,

90 650 121 710 et
133 649 166 709 in
176 646 300 707 diebus
310 646 382 707 suis
392 645 517 723 pariter
528 644 779 722 processissent.
792 644 887 706 Unde
942 638 1016 719 14)ῖ
1030 642 1184 704 Extincta
1198 644 1249 705 eet
1262 644 1298 704 in
1313 645 1472 723 martyria
1488 647 1544 708 uhi
1559 649 1737 726 expiravit.

90 744 226 821 angelus
245 744 290 805 ad
306 743 471 805 Mariam:
488 743 656 807 Elisabeth
668 743 813 819 cognata
827 742 888 805 tua
943 738 1037 799 Unde
1062 738 1098 799 in
1123 740 1303 817 Evangelio
1323 763 1331 802 ι
1354 745 1461 804 Misso
1488 747 1645 808 Herodes
1666 751 1741 823 ept-

90 845 120 905 a
143 846 223 917 ipsc
250 841 408 917 concepit
433 841 543 913 fliium
565 844 603 902 tn
625 840 798 902 senectute
822 854 888 901 sua
941 836 1087 898 cutatori
1101 840 1268 914 pracepit
1283 840 1460 915 amputari
1478 844 1740 915 caputJoannis

92 939 180 1019 (Luc.
203 955 226 1011 1,
249 938 318 1016 36).
337 941 480 1000 Decacta
500 939 533 999 θῖ
552 937 693 1001 solidata
711 937 747 998 in
766 937 887 999 animae
942 935 1175 996 incarcerant
1187 936 1311 1011 afferri
1325 940 1362 998 in
1375 940 1467 999 disco
1479 936 1597 1017 (Marc.
1613 956 1658 1013 vr,
1672 944 1737 1016 27).

90 1037 268 1099 infusione.
290 1036 387 1098 Unde
412 1036 552 1112 angelus
571 1035 613 1097 ad
627 1035 798 1112 Virginem
818 1035 888 1096 :Et
981 1032 1133 1093 Lucerna
1158 1032 1332 1110 postquam
1357 1049 1499 1096 accensa
1525 1034 1645 1110 inerit,
1672 1038 1739 1100 tria

91 1137 138 1195 hic
148 1136 287 1194 mensis
301 1133 356 1195 est
369 1133 494 1194 ecatus
503 1136 562 1205 tiit,
572 1145 648 1206 auu
662 1133 806 1194 uacatsu
816 1132 889 1193 ste·
941 1126 1036 1203 facit3
1053 1129 1142 1190 viam
1157 1129 1310 1199 ostendit,
1331 1131 1468 1192 aioreis
1482 1131 1639 1207 defendit,
1651 1135 1684 1197 et
1698 1135 1740 1199 ab

91 1231 159 1289 ritis
178 1224 297 1306 (ibid).
316 1225 418 1297 Quasi
432 1226 558 1289 diceret
574 1247 581 1285 :
595 1228 666 1303 jam
684 1225 824 1287 solidata
837 1225 888 1287 θεῖ
941 1224 1125 1288 offensione
1148 1227 1336 1305 praemunit.
1353 1230 1393 1290 nt
1410 1230 1555 1292 ioannes
1571 1232 1740 1309 tamquam

91 1324 179 1395 ῖθεῖε,
201 1324 284 1401 quia
304 1324 418 1385 anima
433 1327 504 1401 jam
528 1323 578 1385 est
598 1322 720 1392 intusa,
743 1336 816 1400 quea
837 1322 888 1384 θεῖ
941 1321 1079 1384 lucerna
1097 1323 1186 1384 viam
1207 1325 1243 1385 in
1267 1325 1433 1387 Christum
1453 1328 1574 1404 populo
1596 1330 1741 1392 ostendit

90 1420 179 1497 anesi
202 1419 380 1481 vinculum
403 1420 437 1482 et
457 1419 712 1482 solidamentum
736 1419 885 1481 seminis.
941 1418 1169 1483 dicenseltcce
1186 1425 1305 1498 Agnus
1318 1425 1395 1486 Det.
1412 1423 1571 1485 Velviam
1583 1427 1738 1500 ostendit,

90 1518 316 1579 Frutaccensa
326 1517 362 1578 in
373 1518 479 1579 utero.
492 1516 653 1579 Hicenim
662 1516 887 1578 maurontus
941 1516 1347 1597 idest,praeparavitjuxta
1359 1520 1445 1597 quod
1461 1522 1599 1598 angelus
1606 1523 1740 1585 Gabriel

92 1613 135 1676 θεῖ
151 1615 186 1676 et
199 1613 475 1691 gratiaSpiritus
496 1614 611 1675 Sancti
624 1614 783 1691 repletus.
800 1615 887 1676 Nam
941 1612 982 1675 de
994 1629 1034 1676 eo
1056 1608 1142 1677 dixit
1155 1614 1198 1676 ad
1221 1617 1415 1678 zachariam
1437 1638 1445 1678 ε
1464 1623 1543 1694 Ipse
1567 1620 1741 1695 woeceact

91 1727 151 1773 non
164 1711 367 1788 praedicatio
380 1712 541 1774 ioannem
556 1711 613 1773 sed
633 1710 808 1788 inspiratio
827 1710 889 1773 do·
940 1712 1022 1772 anic
1044 1715 1140 1773 iuurn
1162 1714 1201 1773 in
1225 1714 1356 1786 spiritu
1382 1713 1417 1775 et
1443 1716 1573 1777 otrtuie
1601 1720 1687 1778 lilia
1702 1719 1740 1781 ut

91 1808 275 1886 cuitjuxta
291 1809 357 1870 hoc
375 1809 463 1886 quod
481 1809 619 1885 angelus
634 1808 682 1872 ait
700 1808 742 1871 ad
762 1808 889 1870 zacha-
940 1808 1120 1871 concertat
1132 1811 1239 1871 corda
1247 1810 1394 1883 patrum
1408 1812 1560 1883 attilius,
1577 1813 1611 1875 ct
1622 1817 1741 1876 incre·

91 1906 192 1966 nuru:
209 1906 353 1980 Spiritu
368 1906 495 1968 Sancto
515 1907 705 1981 replebitur
717 1909 828 1969 adhuc
841 1921 888 1968 eu
941 1907 1057 1966 aihum
1096 1909 1140 1968 ad
1158 1908 1386 1980 prudentiam
1403 1908 1585 1980 justorum
1606 1925 1740 1985 parare

91 2003 185 2064 atera
198 2004 418 2065 matrissuae
433 2001 526 2082 (Luc.
541 2018 565 2076 1,
582 2002 648 2083 15).
664 2002 758 2066 Unde
777 2005 811 2065 θῖ
824 2003 888 2064 lili·
941 2004 1087 2064 Domino
1108 2007 1238 2078 pubem
1259 2005 1452 2079 perfectam
1464 2003 1558 2085 (Luc.
1575 2021 1598 2078 1,
1621 2004 1685 2085 17).
1702 2011 1742 2069 Iu

91 2098 202 2160 sabeth
219 2099 310 2161 dixit
329 2099 372 2161 ad
391 2099 529 2162 Beatam
545 2100 685 2162 Mariam
703 2121 710 2160 ι
730 2104 829 2172 Ecce,
848 2099 888 2160 ut
941 2097 1062 2174 spiritu
1073 2113 1216 2175 namque
1230 2100 1263 2162 θῖ
1277 2101 1399 2162 virtute
1412 2101 1493 2162 Elias
1507 2104 1654 2164 ioannes
1668 2106 1737 2164 Do-

90 2195 177 2269 tucta
194 2195 253 2257 est
271 2211 345 2257 aaa
361 2197 580 2259 emulationis
599 2197 668 2259 tua
687 2200 726 2258 in
744 2198 887 2263 nummu
941 2193 1067 2254 minum
1082 2195 1264 2271 praecessit,
1276 2195 1355 2273 quia
1369 2196 1456 2259 sicut
1476 2196 1536 2271 ille
1553 2213 1743 2274 precursor

88 2296 182 2365 nnis,
198 2294 377 2355 nuntiauit
394 2296 433 2354 in
453 2297 577 2371 gaudio
592 2296 710 2369 intans
727 2296 765 2354 tn
787 2293 887 2356 utera
942 2291 1048 2353 iactus
1068 2291 1119 2353 θεῖ
1128 2291 1265 2368 judicis,
1280 2292 1328 2353 ita
1349 2292 1412 2354 ieta
1426 2309 1613 2369 praecursor
1631 2294 1742 2357 iaetus

89 2404 160 2451 mco
179 2388 279 2468 (Luc.
298 2405 324 2458 1,
339 2386 405 2468 44),
427 2391 505 2467 quia
519 2391 665 2468 repletus
685 2390 748 2452 init
763 2391 887 2468 Spiritu
941 2387 992 2449 est
1006 2387 1246 2465 Redemptoris.
1276 2391 1305 2450 A
1322 2388 1438 2461 favus,
1460 2389 1556 2463 idest,
1578 2407 1598 2453 a
1617 2408 1742 2468 pecca·

92 2487 207 2547 Sancto
223 2486 338 2547 adhuc
351 2502 394 2547 ex
409 2487 503 2548 utero
517 2487 633 2551 matris
646 2503 726 2549 auae.
941 2485 984 2546 tis
994 2483 1140 2547 defendit
1153 2485 1267 2547 dicens
1284 2503 1292 2547 :
1308 2489 1501 2563 Propcuics
1517 2491 1741 2564 viperarum,

126 2582 217 2644 Idem
232 2581 376 2659 angelus
390 2583 556 2646 nuntiarit
573 2584 660 2661 patri
680 2582 887 2647 nativitatem
941 2585 1018 2657 auis
1033 2582 1181 2644 ostendit
1201 2585 1295 2645 vohis
1313 2585 1435 2659 maere
1449 2599 1472 2644 a
1487 2585 1639 2646 uentura
1661 2588 1742 2649 irai

90 2680 238 2752 ioannis,
263 2680 321 2756 qui
343 2680 554 2743 annuntiavit
567 2680 666 2743 maui
679 2681 887 2743 nativitatem
941 2679 1044 2755 facite
1057 2680 1194 2754 tructus
1208 2683 1329 2756 aionas
1336 2680 1565 2752 poentteuttoe.
1581 2681 1620 2742 nt
1634 2681 1675 2742 ab
1690 2681 1743 2744 oi-

90 2776 176 2847 Jcsn,
186 2775 360 2849 uidelicet,
374 2776 507 2837 Gabriel
515 2793 670 2853 maguum
684 2777 888 2838 annuntians
942 2775 1093 2837 tensione
1106 2777 1283 2854 praemunit
1297 2774 1454 2853 populum
1468 2777 1583 2838 dicens
1598 2799 1606 2838 ε
1621 2782 1744 2842 Nemi-

90 2871 266 2950 utrohique
279 2873 492 2946 miraculum,
504 2873 695 2951 etVirgiuis
716 2873 888 2939 eisterilis
941 2888 1022 2935 ium
1045 2873 1259 2945 consentiatis,
1275 2888 1385 2947 neque
1405 2877 1615 2937 calumniam
1627 2878 1742 2950 facia-

89 2970 230 3046 pertum.
243 2970 385 3039 ioannis
396 2974 507 3032 autem
518 2987 586 3033 non
596 2972 790 3048 conceptum
800 2987 890 3049 praa·
942 2971 988 3030 tis
1003 2968 1098 3049 (Luc.
1128 2984 1179 3042 111,
1205 2968 1268 3049 14).
1286 2972 1365 3031 Haeo
1384 2968 1435 3031 θεῖ
1456 2970 1593 3032 lucerna
1609 2970 1653 3033 de
1677 2989 1742 3052 qua

91 3066 172 3128 dixit
192 3067 254 3129 sed
267 3068 389 3129 orum.
403 3069 484 3131 Jesu
504 3084 585 3130 vero
605 3068 761 3145 praedixit
779 3069 888 3130 ortum
942 3067 1043 3128 Pater
1056 3066 1204 3143 loquitur
1220 3082 1279 3143 per
1299 3067 1499 3143 Prophetam
1513 3089 1521 3127 ι
1537 3072 1672 3131 Paravi
1685 3075 1743 3131 lu·

90 3165 213 3241 pariter
235 3165 271 3227 et
286 3164 495 3243 conceptum.
516 3167 602 3228 Nam
616 3166 784 3228 zachariae
801 3166 887 3243 patri
941 3178 1085 3225 cernam
1099 3164 1234 3226 Christo
1248 3178 1324 3226 mea
1340 3161 1409 3243 (Ps.
1426 3179 1542 3239 cxxxr,
1558 3164 1623 3245 17).
1638 3169 1744 3228 ioan·

90 3261 310 3337 pudicitur:
333 3264 505 3325 Ettsaoetb
519 3278 613 3325 uuor
627 3263 688 3325 tua
697 3264 816 3338 pariet
829 3264 889 3324 tihi
942 3276 1002 3321 nes
1027 3260 1130 3337 igitur
1152 3259 1290 3323 lucerna
1324 3261 1446 3323 ardeus
1474 3263 1557 3335 erat,
1585 3264 1644 3325 sed
1673 3280 1741 3326 nou

90 3359 215 3432 tilium,
246 3360 282 3422 ct
305 3363 442 3422 vocabis
469 3375 595 3423 tranen
617 3363 693 3433 nus
719 3363 889 3423 Ioannem
942 3357 1077 3435 proprio
1104 3359 1181 3434 igne
1205 3357 1352 3430 ardebat,
1384 3374 1563 3423 succensus
1577 3376 1644 3422 non
1664 3377 1744 3440 pro-

91 3452 181 3531 (an.
198 3471 224 3525 1,
247 3454 314 3535 13).
332 3456 396 3517 Sed
418 3471 522 3533 quare
542 3456 641 3518 matri
661 3456 854 3533 praedicitur
878 3476 887 3517 z
942 3454 1016 3531 pria
1030 3454 1105 3516 luce
1126 3453 1276 3531 lucebat,
1292 3455 1401 3531 gratia
1416 3457 1504 3517 enim
1520 3456 1625 3534 ipsius
1641 3474 1740 3536 quem

95 3554 314 3626 Cuecipiesin
326 3554 427 3615 utero
442 3554 890 3627 etpariesiiliumetvoca·
943 3552 1178 3629 praecurrebat,
1206 3553 1243 3614 in
1267 3569 1306 3615 eo
1326 3553 1464 3616 ardebat
1481 3556 1515 3616 et
1536 3554 1741 3632 splendebat,

96 3651 276 3711 huncum
286 3646 614 3729 autumnitano.
623 3666 646 3724 1,
657 3649 723 3730 31).
737 3652 803 3712 Gur
813 3650 886 3724 hoo,
943 3649 978 3711 in
1006 3653 1100 3729 cuijus
1128 3650 1254 3712 lumine
1281 3651 1432 3713 uidemus
1457 3666 1574 3713 rerum
1611 3653 1742 3723 lumen,

95 3745 155 3807 nisi
172 3747 254 3824 quia
277 3749 426 3809 ioannes
446 3745 508 3808 tuit
524 3748 703 3825 conceptus
724 3748 886 3857 inculpa,
943 3746 1041 3816 idest,
1068 3747 1246 3819 Christum,
1272 3748 1328 3825 qui
1352 3764 1419 3809 non
1434 3748 1484 3809 θεῖ
1498 3748 1589 3825 ipse,
1615 3750 1671 3811 sed
1687 3750 1743 3811 cui

96 3842 179 3903 eolus
201 3844 319 3905 autem
348 3842 499 3906 Christus
521 3844 584 3907 init
612 3844 790 3920 conceptus
816 3843 889 3906 siue
942 3843 1741 3919 testimoniumperhibuitipse.Praecursorenim

95 3941 245 4015 pucatoi
269 3940 355 4011 Quia
382 3939 460 4002 licet
487 3940 589 4004 tuerit
616 3942 762 4004 humana
788 3957 889 4009 carne
943 3940 1079 4002 luminis
1092 3939 1174 4012 erat,
1193 3954 1257 4000 non
1271 3939 1344 4000 erat
1358 3939 1414 4000 ille
1427 3939 1497 4000 lux.

96 4038 241 4110 nuliius,
259 4052 329 4098 non
343 4036 530 4100 imitamen
544 4039 690 4100 humana
707 4037 889 4116 fragilitate
983 4036 1171 4115 Tripliciter
1185 4035 1392 4112 resplenduit
1410 4035 1527 4098 heatm
1539 4036 1686 4101 ioannes
1705 4037 1742 4102 ia

98 4134 248 4209 pollutus·
264 4134 445 4211 Expositus
460 4136 510 4198 esi
527 4135 721 4209 indeserto,
734 4136 791 4199 ubi
806 4153 890 4214 praa·
943 4135 1006 4197 hoc
1030 4132 1154 4195 mundo
1182 4133 1380 4210 :exempla
1418 4133 1521 4211 digito
1556 4136 1590 4198 et
1623 4136 1739 4199 verbo.

97 4229 225 4294 dicarit.
247 4232 344 4294 Unde
362 4232 399 4295 in
419 4233 599 4310 Evangelio
624 4255 632 4294 i
652 4239 751 4297 Puer
773 4235 890 4296 autem
942 4237 1110 4308 Exemplo
1126 4231 1285 4308 seipsum
1303 4232 1539 4308 poenitentibus
1560 4233 1741 4298 osteudens

96 4330 263 4391 noscebat
282 4330 317 4392 ct
330 4329 590 4404 confortabatur
607 4332 745 4405 spiritu,
762 4332 796 4393 et
813 4332 891 4393 erat
944 4330 984 4391 ad
999 4329 1219 4392 imitationem
1237 4329 1273 4390 iu
1295 4328 1495 4392 abstinentia
1511 4329 1576 4391 cibi
1594 4333 1628 4394 et
1645 4348 1746 4411 aspe-

96 4428 129 4485 iu
142 4427 280 4491 deserto
296 4441 404 4501 usaue
421 4429 467 4488 aa
480 4430 573 4489 atem
589 4427 796 4490 ostensionis
816 4443 890 4490 suu
944 4427 1043 4490 ritate
1055 4426 1169 4489 vestis.
1191 4427 1385 4488 sicutenim
1404 4428 1533 4491 locusta
1545 4445 1611 4491 non
1627 4432 1677 4491 est
1691 4431 1743 4492 ci·

95 4527 137 4583 nd
149 4527 263 4586 israel
276 4520 375 4599 (Luc.
389 4538 412 4594 1,
427 4521 492 4601 80).
943 4523 1005 4585 hue
1026 4523 1208 4598 homiuum,
1235 4524 1285 4585 sic
1310 4540 1372 4588 uec
1385 4525 1474 4602 pilus
1488 4525 1606 4587 cameli
1620 4526 1744 4588 huma·

130 4620 296 4697 suspecta
310 4620 362 4681 est
374 4620 410 4680 in
424 4619 500 4681 actu
510 4620 628 4697 primo,
641 4622 728 4685 unde
739 4622 774 4684 in
786 4624 891 4685 Eran-
944 4638 1024 4683 num
1038 4621 1090 4684 θεῖ
1102 4621 1342 4686 indumentum.
1362 4621 1426 4684 Sed
1445 4624 1602 4695 ioannes,
1623 4638 1687 4700 quo
1707 4624 1744 4685 in

95 4716 201 4790 galia:
218 4717 396 4779 Miserunt
411 4719 526 4781 luctui
539 4720 581 4782 ab
599 4720 821 4795 Jerasoinmts
831 4736 892 4782 sa-
944 4718 1218 4782 natismulierum
1233 4717 1346 4779 nullus
1358 4721 1476 4795 major,
1489 4717 1743 4784 mundissimum

97 4814 292 4877 eructuet
302 4814 480 4877 invitusad
490 4818 669 4889 loannem,
685 4817 724 4878 ut
738 4818 892 4880 interro-
944 4832 1064 4895 corpus
1075 4814 1279 4891 castigando,
1295 4814 1507 4877 extenuando
1523 4815 1556 4877 et
1566 4814 1743 4893 affligendo

95 4914 318 4985 garenteum,
330 4903 464 5001 anipse
475 4913 566 4999 esset
580 4914 736 4976 caristia
747 4902 889 4993 (ioanu,
944 4913 1132 4992 exemplum
1147 4910 1376 4989 peecatoribus
1391 4912 1595 4977 ostendebat.
1613 4918 1741 4992 Dicito,

98 5006 157 5087 lit).
174 5009 238 5072 Sed
251 5009 334 5086 quia
350 5008 489 5071 lucerna
503 5009 587 5081 erat,
608 5009 642 5072 et
655 5009 753 5074 vento
770 5026 890 5088 super·
945 5011 1109 5074 luminare
1122 5011 1240 5087 majm,
1257 5009 1363 5071 solem
1382 5009 1520 5084 scilicet,
1533 5013 1673 5090 justitiae
1686 5016 1744 5095 qui

97 5102 157 5168 biae
181 5106 337 5183 extingui
359 5105 507 5181 timebat,
538 5106 711 5172 confessus
737 5108 788 5171 est
812 5109 891 5185 quia
944 5108 1068 5171 latebat
1077 5104 1232 5169 subnuhe
1242 5105 1365 5179 caruis,
1378 5105 1658 5172 demonstransad
1670 5128 1745 5188 pec·

99 5216 160 5265 non
172 5206 245 5266 erat
258 5203 333 5281 ipse
342 5203 506 5266 Christus.
520 5204 687 5281 Dispositn
701 5205 753 5271 est
763 5204 800 5266 in
814 5205 891 5268 vitae
945 5207 1094 5269 catorum
1112 5204 1346 5268 remissionem
1367 5205 1483 5267 dicens
1500 5229 1507 5268 :
1526 5211 1612 5271 Ecce
1623 5212 1743 5286 Aptius

100 5301 220 5365 medio.
244 5300 342 5363 Unde
365 5300 401 5364 iu
415 5300 596 5376 &angebo
612 5323 620 5362 ε
635 5303 726 5365 Erat
738 5305 892 5365 ioannes
945 5307 1020 5376 Dei,
1036 5307 1184 5378 eccequi
1200 5303 1285 5366 tollit
1296 5304 1439 5377 puceu
1454 5308 1575 5367 murnai
1589 5303 1700 5384 (ioan.
1714 5322 1739 5379 1,

99 5399 235 5461 natans
254 5402 336 5472 pilis
355 5403 581 5474 camelorum,
602 5400 748 5462 lactatus
772 5400 806 5461 et
825 5405 892 5462 uui
945 5400 1010 5482 29).
1030 5404 1153 5485 Verbo,
1171 5415 1360 5478 proponens
1375 5402 1614 5464 correctionem
1629 5401 1743 5464 dicens

100 5496 257 5565 spinaira
280 5494 402 5557 edebat
421 5492 553 5573 (Manu.
568 5511 619 5568 111,
637 5494 682 5576 l).
707 5496 891 5559 Emuudata
946 5498 988 5561 ad
1002 5497 1198 5576 paenitentes
1217 5499 1359 5561 :Facite
1381 5499 1516 5573 fructus
1535 5501 1655 5576 dianas
1662 5514 1744 5574 poe-

100 5589 147 5650 rel
165 5593 321 5655 emimcta
341 5590 395 5655 est
415 5591 451 5653 iu
469 5590 632 5669 baptismo
654 5592 711 5656 uhi
725 5594 891 5659 Christum
946 5596 1102 5660 nitentia
1129 5596 1164 5660 ei
1186 5612 1229 5659 ne
1252 5596 1386 5668 dicatis,
1411 5596 1556 5657 Patrcru
1581 5599 1744 5663 habemus
