3958 6204
125 288 183 353 293
568 274 691 349 ‘xxvi
705 314 746 333 -·
761 288 805 351 IN
827 289 958 350 FESTO
980 290 1131 352 snitum
1152 291 1332 355 Nicohni.
1718 296 1778 358 294
1863 348 1865 351 .

5 402 7 437 ἶ
127 447 307 513 hominum.
325 443 426 519 Quia,
439 444 769 511 sicntodorbaustus
784 463 930 526 percon·
1021 451 1094 514 Jom
1122 449 1226 528 igitur
1250 450 1391 515 restitui·
1421 451 1538 525 altare,
1563 452 1696 531 quando
1719 469 1778 517 cor

22 630 23 635 ἵ
130 564 186 627 pus
197 545 348 609 ammam
358 543 464 606 elficit
475 561 541 607 non
557 560 688 623 corpus,
702 547 749 609 ita
762 547 929 611 amoniste
982 547 1140 609 mundum
1154 548 1250 610 honis
1266 549 1421 627 operibus
1435 551 1627 615 adornetur.
1641 555 1688 613 De
1703 552 1780 629 qui-

25 684 26 687 =
133 643 289 722 exipsius
314 642 447 705 naturae
473 642 703 715 similitudine,
724 644 849 721 absque
870 661 928 725 spe
982 645 1043 707 hus
1059 645 1214 709 salomon
1226 647 1399 713 aitzomoz·
1409 649 1563 723 ternpore
1573 650 1779 714 vestimento

29 748 37 857 l

26 868 35 987 l

134 739 446 817 recompensationis
458 741 658 806 naturaliter
674 758 805 805 omnem
819 742 930 807 homi-
983 742 1043 803 tun
1055 744 1126 804 stnt
1146 748 1292 809 roccae
1316 742 1495 823 (licetine,
1517 744 1563 826 8),
1577 746 1664 809 idest
1676 762 1779 824 opera

137 855 203 905 nem
226 838 350 914 diligit
375 838 438 910 Qui
453 853 497 903 es
514 839 654 903 occultis
674 842 804 903 naturae
816 857 930 905 reces-
981 839 1039 905 tua
1065 840 1134 905 sint
1156 840 1292 905 munda.
1322 843 1436 920 ltaque
1455 859 1556 920 super
1583 844 1648 906 hoc
1671 844 1778 909 altare
1808 918 1810 925 y

136 938 216 1001 sibus
238 936 382 1001 veniens
406 936 440 1001 ot
458 936 579 1001 enimn
603 953 640 1000 se
658 938 827 1014 ingerens,
841 938 928 1001 nihil
982 936 1068 1014 quod
1095 938 1160 1001 hoc
1183 938 1300 1001 ordine
1326 942 1551 1012 consecretur,
1575 940 1778 1003 sacrificium

133 1036 307 1100 homanum
345 1033 388 1099 eb
424 1049 465 1099 ee
499 1036 625 1111 petitur
660 1051 734 1100 esse
768 1037 925 1099 alienum.
981 1034 1121 1099 offertur
1135 1035 1318 1108 altissimo,
1343 1037 1426 1099 illud
1449 1038 1616 1111 videlicet,
1644 1038 1685 1103 de
1713 1055 1778 1116 qno

130 1132 257 1199 Auditui
271 1133 491 1215 comparetur
505 1148 601 1197 emor
615 1134 799 1210 spirituells
813 1134 928 1196 inimi·
982 1132 1148 1209 Propheta
1178 1133 1225 1195 ait
1245 1134 1281 1194 in
1305 1135 1433 1211 psalmo
1450 1152 1458 1197 ε
1475 1137 1693 1208 Sacrificium
1706 1140 1779 1197 Deo

130 1247 246 1294 corum.
276 1230 343 1292 Sed
365 1230 456 1308 qula,
481 1231 567 1293 sicut
587 1231 720 1299 auditus
741 1232 929 1295 nihilinte-
981 1231 1459 1311 emmtuscootrtocntoclps.
1468 1231 1591 1312 50,19).
1602 1234 1641 1299 nt
1652 1234 1688 1294 in
1699 1232 1778 1295 alio:

6 1338 7 1341 ’
130 1326 205 1395 rius.
218 1327 319 1396 idest,
331 1327 422 1392 intre
430 1344 551 1406 corpus
559 1332 728 1406 operetur,
740 1330 769 1392 si
778 1330 927 1393 exterius
981 1329 1128 1391 immota
1151 1333 1224 1393 Deo
1242 1331 1455 1403 sacrificium
1468 1334 1616 1395 tandm..
1634 1329 1703 1411 (Ps.
1723 1332 1777 1402 49,

129 1426 267 1503 quodam
292 1425 392 1491 modo
417 1442 517 1489 aures
540 1427 679 1504 pulsans
693 1428 839 1491 animam
859 1445 927 1491 non
983 1423 1046 1505 14).
1076 1426 1237 1492 Exhibete
1263 1443 1343 1504 ergo
1370 1444 1510 1506 corpora
1544 1429 1658 1492 vestra
1681 1429 1780 1506 juxte

128 1526 240 1587 evocat
263 1524 304 1586 ut
318 1524 419 1589 exeat
432 1524 466 1586 et
479 1525 649 1598 exaudiat,
664 1526 714 1589 sic
728 1527 762 1589 et
780 1542 926 1589 amorem
981 1524 1175 1599 Apostolum
1186 1524 1330 1587 hostiam
1344 1526 1522 1598 viventem,
1532 1528 1694 1595 sannam,
1709 1530 1779 1589 Deo

123 1624 247 1700 justum
278 1621 315 1682 in
338 1622 440 1685 corde
458 1622 550 1685 nulla
570 1624 623 1686 vie
643 1626 774 1687 natnrm
801 1625 926 1687 nullius
981 1621 1178 1696 placentem,
1205 1624 1242 1684 ut
1274 1624 1318 1687 sit
1351 1623 1551 1689 rationabile
1583 1624 1780 1701 obsequium

125 1720 268 1796 alicujus
282 1720 541 1783 necessitudinis
552 1721 692 1784 suscitat
701 1722 852 1796 affectus,
869 1722 926 1784 sed
980 1718 1145 1792 vestrum,
1174 1720 1412 1785 mortificantes
1451 1722 1488 1785 in
1524 1722 1631 1787 altare
1670 1721 1780 1785 cordis

125 1817 195 1881 sola
217 1816 413 1881 obedientie
437 1834 510 1895 quae
539 1834 599 1896 per
619 1820 770 1883 auditum
798 1820 929 1897 signiti—
981 1815 1352 1894 moderandisque
1369 1820 1447 1885 sont
1459 1819 1706 1894 superterram,
1728 1819 1782 1880 Vi·

125 1917 228 1979 catur.
245 1916 348 1981 visui
363 1917 577 1993 comparatur
590 1933 686 1981 emor
706 1918 849 1992 divinus,
866 1920 927 1981 Dei
980 1912 1110 1987 delicet,
1128 1915 1384 1990 immunditiam,
1398 1916 1582 1989 libidinem,
1598 1917 1779 1993 concupis-

126 2013 261 2084 scilicet,
280 2014 361 2091 quie
373 2013 461 2078 sicut
470 2014 563 2078 visus
573 2016 769 2093 principalis
783 2018 837 2079 ost
850 2033 927 2078 sen-
980 2011 1124 2077 cernam
1158 2013 1283 2081 malam
1328 2014 1363 2081 et
1402 2014 1579 2079 avaritiam
1615 2014 1779 2091 quatenus

125 2127 190 2182 sus,
201 2111 251 2174 sic
265 2111 358 2174 inter
369 2126 485 2175 omnes
496 2112 690 2176 affectiones
705 2114 926 2192 principatum
980 2109 1102 2175 mundo
1127 2109 1226 2178 corde
1249 2111 1283 2173 et
1304 2111 1397 2177 cesto
1420 2127 1560 2188 corpore
1582 2111 1779 2175 sacrificetis

125 2207 248 2273 obtinet
262 2224 362 2272 amor
375 2208 520 2273 divinus,
540 2211 580 2274 nt
594 2211 682 2273 sicut
695 2227 716 2275 a
729 2211 806 2274 visu
824 2212 927 2275 coelo-
980 2205 1119 2273 Domino
1133 2208 1365 2286 vosmetipsos.

124 2321 193 2369 rum
216 2304 336 2371 caeteri
356 2323 477 2371 sensus
496 2323 612 2372 omnes
627 2309 742 2372 videre
756 2309 923 2382 dicuntur,

126 2402 266 2465 dicimus
282 2404 372 2469 enirn
393 2405 494 2481 tange
504 2408 538 2470 et
557 2406 645 2479 vide,
657 2407 735 2470 audi
747 2409 781 2471 et
792 2408 879 2481 vide,
893 2410 927 2471 et
1310 2430 1439 2523 XXVI

127 2500 221 2563 sicde
231 2502 377 2574 caeteris,
387 2502 437 2565 sic
446 2503 488 2564 eb
500 2519 614 2569 amore
623 2504 736 2567 divino
746 2505 868 2568 caetera
878 2505 926 2568 di-

129 2599 553 2677 chiaramonqmoene
565 2604 731 2676 amantur,
745 2619 926 2665 cumcons-
1101 2616 1147 2677 ppt
1168 2617 1298 2678 πετο
1321 2618 1471 2679 εΑΝοτῐ
1491 2618 1671 2681 N100LA1,

129 2696 171 2759 tet
190 2696 276 2759 nihil
296 2698 419 2761 debere
437 2699 545 2761 amori
567 2699 635 2761 nisi
657 2702 793 2778 propter
807 2704 921 2774 Deum,

128 2808 185 2856 nec
197 2795 389 2861 amaricent
404 2812 477 2874 quoe
493 2799 627 2875 propter
641 2798 731 2861 aliud
745 2799 824 2876 quid
837 2815 925 2863 ama·
1019 2793 1098 2855 Sint
1109 2797 1214 2857 lumbi
1223 2796 1334 2859 uestri
1344 2796 1524 2869 praestricti
1534 2793 1777 2874 (Luc.111,35).

129 2892 190 2963 tur,
206 2893 266 2955 sed
277 2893 312 2953 id
328 2894 439 2970 potius
453 2896 586 2972 propter
600 2896 687 2972 quod
700 2898 842 2961 amatur.
1021 2890 1175 2955 Salvator
1190 2894 1303 2954 noster
1323 2892 1476 2970 praecipit
1498 2892 1605 2964 nobis,
1618 2893 1704 2959 sicut
1716 2908 1776 2953 re·

164 2991 379 3055 confirmaiio
404 3008 486 3057 vero
516 2992 604 3059 iacta
626 2993 668 3055 de
695 2994 876 3057 chrismate
903 3011 924 3057 a
978 2988 1054 3053 tulit
1078 2989 1287 3065 evangelium
1309 2990 1395 3068 quod
1410 2990 1561 3063 audistis,
1579 2993 1615 3053 ut
1629 2992 1778 3067 ltraessin·

130 3087 285 3153 Pontiflce
306 3089 344 3154 in
368 3089 479 3154 honre
497 3090 628 3168 lapidis,
658 3091 826 3168 signifieat
843 3108 925 3155 con-
977 3102 1095 3163 gemus
1108 3087 1388 3161 lumbosnostros,
1400 3088 1433 3153 et
1439 3090 1610 3165 portemus
1621 3089 1778 3150 lucernas

131 3183 358 3259 firmationem,
374 3202 449 3269 queo
464 3188 611 3265 quotidie
626 3188 696 3254 fita
713 3191 834 3255 Sancto
847 3192 925 3269 Spi-
978 3182 1133 3245 ardentes
1161 3182 1197 3245 in
1224 3183 1379 3245 manibus
1411 3183 1548 3247 nostris.
1580 3185 1664 3249 Sunt
1689 3183 1778 3245 enim

130 3281 191 3345 ritu
218 3300 278 3360 per
306 3284 505 3349 charitatem
537 3286 573 3351 in
593 3286 701 3351 altare
729 3288 851 3361 cordis,
888 3290 925 3354 ut
977 3280 1043 3342 tria
1068 3296 1143 3358 (111ω
1156 3281 1288 3358 penitus
1303 3281 1472 3345 hominem
1487 3281 1683 3354 dissolvunt,
1699 3281 1777 3343 afli·

20 3448 24 3459 ¹
130 3379 216 3441 nulla
230 3379 405 3445 tribulatio
420 3384 669 3447 cornostrume
685 3384 848 3449 charitate
863 3387 923 3449 Dei
977 3394 1065 3443 mam
1091 3395 1166 3444 cnm
1188 3395 1328 3456 corpore
1351 3379 1452 3443 simul
1474 3379 1615 3445 interire
1635 3379 1775 3443 iaciunt.

18 3476 25 3535 l
129 3477 232 3541 senat
257 3494 428 3556 separare.
455 3481 548 3545 Unde
567 3481 698 3545 dicebat
717 3484 921 3560 Apostolus:
977 3478 1056 3537 Haec
1079 3492 1159 3539 vero
1181 3478 1258 3543 sunt
1277 3495 1284 3538 :
1301 3477 1456 3549 avaritia,
1482 3478 1628 3550 luxuria,
1655 3492 1777 3555 super-

128 3576 205 3639 one
225 3590 291 3639 nos
322 3580 500 3653 separabit
524 3595 556 3641 n
580 3581 750 3643 charitate
774 3584 923 3644 epraeter
976 3572 1047 3650 bia;
1077 3575 1221 3643 avaritia
1249 3572 1414 3651 generans
1440 3574 1614 3647 invidiam,
1641 3575 1776 3636 luxuria

129 3672 325 3747 musteo,
350 3689 399 3738 an
431 3677 594 3753 annuetis
608 3682 623 3739 i
709 3676 823 3757 (Rom.
848 3695 920 3752 mr,
977 3671 1148 3748 proterens
1175 3672 1429 3745 immunditiam,
1457 3672 1613 3749 superbia
1640 3672 1776 3750 pariens

124 3768 173 3839 31,
180 3770 248 3849 39).
976 3769 1189 3845 injustitiam
1207 3770 1350 3835 avaritia
1371 3770 1507 3833 trahens
1526 3769 1695 3835 hominem
1710 3784 1775 3833 ex-

161 3869 241 3931 Post
258 3868 450 3933 necionem
465 3870 578 3935 adolet
595 3872 781 3936 incensum.
803 3876 923 3937 Incen-
975 3867 1027 3927 tra
1040 3882 1087 3939 se,
1101 3866 1237 3933 luxuria
1258 3882 1411 3944 premens
1438 3882 1516 3931 eum
1540 3865 1628 3927 infra
1648 3882 1696 3937 se,
1712 3882 1776 3931 su-

123 3978 194 4029 sum
206 3966 377 4046 significat
396 3969 593 4033 orationem.
606 3970 686 4035 inde
701 3973 752 4033 est
773 3971 860 4049 quod
885 3972 919 4034 in
975 3963 1090 4041 perbis
1114 3964 1249 4041 sepiens
1270 3964 1695 4041 sumsuprase301trese
1716 3978 1776 4040 per

122 4062 222 4127 missa
233 4062 401 4128 adomnes
410 4064 559 4129 defertur
569 4067 753 4139 incensum,
766 4070 802 4132 ut
810 4069 922 4133 osten·
976 4062 1217 4139 evagationem,
1237 4061 1326 4129 inira
1341 4079 1378 4124 se
1392 4077 1452 4139 per
1464 4060 1695 4139 pollutionem.
1711 4077 1773 4123 Su·

121 4158 228 4234 detur,
247 4162 337 4238 quod
356 4163 464 4226 oratio
479 4180 499 4228 a
514 4165 687 4228 sacerdote
707 4165 795 4229 fecta
818 4167 923 4244 perti-
975 4177 1035 4237 pra
1062 4177 1100 4223 se
1124 4177 1184 4238 per
1209 4161 1398 4227 elationem.
1428 4160 1514 4229 Sunt
1540 4159 1606 4225 tria
1634 4175 1773 4225 numero

119 4259 198 4320 nest
211 4259 255 4322 ad
268 4275 399 4323 omnes.
416 4261 509 4325 Unde
521 4262 699 4326 Psalmistn
715 4266 923 4341 :nictentur
974 4258 1082 4321 tribus
1114 4259 1282 4337 praedictis
1315 4258 1588 4327 dissolutionibus
1623 4258 1774 4336 opposita

117 4357 162 4414 nd
176 4356 211 4419 te
219 4360 380 4429 Domine,
394 4360 509 4423 oratio
518 4374 609 4431 mec,
633 4363 722 4425 sicut
740 4364 922 4426 incensum
975 4356 1083 4421 fronte
1097 4358 1277 4431 contraria,
1294 4374 1368 4436 quae
1393 4357 1474 4435 quia
1487 4373 1549 4421 nos
1571 4356 1727 4421 cohibent
1741 4358 1776 4419 et

116 4454 154 4512 in
170 4455 358 4528 conspectu
371 4455 441 4519 reo.
456 4456 629 4523 Elibidem
649 4473 657 4522 :
674 4459 788 4523 Intret
806 4461 920 4523 oratio
974 4455 1189 4532 restringunt,
1213 4456 1309 4533 quasi
1330 4454 1483 4532 quedam
1504 4455 1677 4526 cinctoria,
1703 4454 1770 4515 dici

115 4563 195 4613 mec
208 4553 301 4614 stein
317 4555 499 4617 trecensum
510 4559 548 4617 tn
560 4558 745 4632 moreau
763 4558 833 4628 too,
849 4561 921 4621 Do-
974 4555 1300 4629 possuntilaecvero
1311 4555 1389 4619 sunt
1400 4552 1559 4617 memorie
1572 4551 1688 4613 mortis
1701 4565 1772 4611 cor-

114 4646 415 4725 rumpatis&
441 4651 919 4733 lto,2).1ncuincoeaotem
974 4666 1096 4727 purete,
1123 4651 1352 4728 probabilitas,
1386 4651 1419 4716 et
1451 4650 1552 4717 decor
1578 4647 1767 4724 pudicitiae,

117 4739 921 4830 locisadoletnincensummidelicet,mquotuor
974 4747 1458 4826 amorreligionisetjustitias.
1475 4743 1772 4813 Memoriamortis

118 4842 251 4917 meotis
272 4840 308 4905 et
331 4842 370 4905 in
390 4846 512 4919 medio,
540 4849 619 4926 quia
643 4850 919 4928 quinquennum
973 4861 1055 4907 zona
1069 4847 1120 4908 est
1140 4845 1290 4922 pellicea,
1314 4860 1378 4922 qua
1398 4842 1593 4920 cingebatur
1612 4845 1771 4905 ioannes.

118 4941 268 5016 corporis
294 4940 401 5004 nostri
430 4943 480 5005 sic
505 4961 664 5009 exercere
689 4948 857 5018 debemus,
884 4955 921 5015 ut
973 4942 1261 5021 Deoorpudicitjae
1275 4942 1405 5009 balteus
1420 4943 1481 5013 est
1498 4956 1563 5017 quo
1578 4939 1774 5017 cingebatur

119 5033 298 5115 taneheni
313 5039 427 5115 opens
446 5044 555 5109 nostri
569 5060 674 5127 usque
689 5046 731 5111 ed
749 5047 919 5124 prosimos
973 5044 1084 5104 Aaron
1110 5039 1272 5115 accedens
1296 5039 1338 5105 ed
1357 5041 1473 5107 Deum
1498 5041 1601 5107 Amor
1620 5038 1771 5115 justitiae,

119 5135 327 5203 extendetur.
341 5138 389 5201 Ile
403 5154 468 5215 qen
483 5139 751 5220 dicithpostolos
767 5161 776 5210 :
790 5148 921 5211 Cernit
973 5154 1068 5212 zone,
1080 5138 1246 5211 videlicet,
1262 5153 1366 5205 aurea
1382 5139 1444 5211 est,
1461 5152 1526 5215 nne
1536 5135 1769 5219 praecingeba-

120 5231 221 5299 bomss
234 5237 459 5299 moneamus
476 5240 550 5302 Deo
563 5242 791 5308 enomnttoeo
804 5240 917 5321 (icor.
972 5237 1189 5305 ticinenses
1216 5237 1258 5299 sd
1278 5235 1493 5305 mammillae.
1519 5235 1632 5303 Primo
1660 5234 1772 5297 autem

120 5330 229 5409 ιιι1ὗ)·
245 5334 287 5397 Εἴ
300 5332 337 5395 in
351 5334 535 5410 Evangelio
549 5353 557 5396 :
570 5339 629 5404 nte
642 5340 828 5405 roccoleno
841 5356 921 5407 ves-
974 5334 1134 5399 cinctorio
1153 5334 1207 5397 usi
1235 5337 1315 5401 sunt
1335 5334 1533 5401 claustrales
1554 5334 1590 5416 et
1612 5329 1769 5402 eremias,

123 5425 174 5488 tra
186 5444 306 5495 corano
317 5434 525 5505 horninibus,
540 5435 579 5497 nt
591 5438 731 5499 omnent
744 5440 831 5501 hooc
842 5452 921 5505 oes-
974 5433 1119 5496 secundo
1134 5433 1323 5499 sacerdotes
1331 5434 1364 5499 et
1376 5432 1501 5505 levitas
1510 5428 1609 5495 tertio
1620 5427 1771 5493 christus

123 5522 172 5587 tra
189 5542 297 5605 opera
319 5529 356 5592 ct
381 5531 576 5605 chisileem
596 5534 745 5601 Patrem
763 5536 920 5601 oestrum
972 5525 1769 5606 inhumanitate3eremiteestudentesasperitati,

121 5628 173 5695 put
184 5630 219 5690 tn
232 5630 334 5691 coelts
348 5626 405 5689 est
420 5623 551 5704 (none.
565 5644 598 5703 s,
615 5628 680 5710 16).
972 5630 1161 5693 sacerdotes
1175 5629 1331 5702 castitati,
1345 5631 1363 5695 J
1366 5639 1491 5691 oannes
1509 5623 1658 5691 omnium
1679 5623 1771 5686 inte-
