3982 6196
186 310 242 369 651

189 468 419 546 praejudicium
449 471 525 530 sunt
548 469 708 540 adstricti,
726 485 765 530 ac
780 469 988 533 absolventes

186 554 369 641 baldonem,
384 569 417 629 et
428 562 607 629 Danesium
620 568 660 628 de
671 570 791 640 Rocca,
808 568 987 631 311133331-

189 682 263 727 cum
279 667 319 727 de
333 665 441 727 Barba
456 664 565 742 gelata
587 666 787 728 castellanos
802 666 881 728 dicti
901 668 991 744 epis-

189 765 263 841 copi
288 763 465 825 avinculis
485 765 679 841 juramenti,
695 766 728 825 et
749 763 851 825 banni
871 764 990 842 quibus

190 862 396 922 Lanirancns
424 862 503 921 tunc
525 862 671 938 potestas
699 863 809 923 vester
822 861 898 922 illos
913 862 992 922 ads-

188 960 309 1023 trinxit
347 960 523 1021 occasione
561 959 698 1021 Bobien.
737 961 989 1037 praedictorum,

190 1056 339 1135 ipsisque
365 1057 501 1119 Bobien.
522 1060 638 1119 contra
662 1057 857 1119 Bobiensem
882 1058 990 1119 33313-

191 1156 276 1215 31333
302 1156 457 1226 matrem,
488 1156 521 1217 et
546 1155 714 1217 dominam
740 1172 834 1216 suam
863 1155 991 1216 nullum

192 1253 327 1314 omnino
340 1251 499 1325 savorem,
510 1254 563 1315 vel
574 1254 737 1314 auxilium
751 1253 990 1330 impendentes,

193 1366 285 1412 3333
299 1351 440 1414 subditis
454 1351 574 1415 vestris
587 1352 816 1429 permittentes
831 1350 990 1429 impendi,

193 1452 251 1510 331
266 1449 483 1525 impedientes
504 1450 679 1527 quominus
694 1449 830 1523 vassali,
857 1450 890 1512 et
911 1464 992 1526 pro-

193 1547 309 1624 pinqui
344 1548 492 1624 ejusdem
525 1548 672 1625 episcopi
707 1547 926 1609 consistentes
958 1547 994 1607 in

193 1650 303 1708 vestro
326 1646 479 1708 districtu
503 1646 610 1707 eidem
630 1646 789 1722 praestent
803 1643 992 1716 consilinm,

195 1746 228 1804 et
254 1744 417 1805 auxilium
442 1744 483 1805 ad
507 1743 736 1821 recuperanda
760 1743 994 1805 ecclesiaesuae

191 1844 281 1919 jura,
299 1858 425 1919 preces,
451 1843 483 1902 et
504 1842 694 1903 mandatum
719 1843 868 1903 nostrum
883 1839 996 1902 taliter

195 1940 377 2016 impleturi,
390 1940 477 2017 quod
491 1955 553 2000 uec
566 1939 744 2001 offendatis
757 1938 944 2011 Dominum,
959 1938 994 1999 in

198 2039 292 2114 qu'us
307 2036 467 2113 injuriam
482 2036 624 2097 ecclesia
643 2036 716 2112 ipsa
732 2035 845 2097 taliter
860 2034 996 2096 concul-

197 2136 302 2205 catur,
326 2149 390 2195 nec
414 2134 557 2211 alicujus
587 2133 793 2194 difficultatis
817 2132 995 2195 articulum

198 2232 389 2293 incurratis.
415 2233 485 2292 Nos
503 2231 592 2292 enim
613 2232 670 2309 qni
684 2232 786 2293 tantae
810 2229 995 2307 iniquitatis

196 2328 337 2389 abusum
359 2329 505 2390 tolerare
529 2328 670 2390 ulterius
692 2328 727 2387 in
752 2326 913 2404 patientia
935 2341 996 2386 nec

196 2426 360 2498 volumus,
378 2441 439 2487 nec
454 2425 626 2498 debemus,
643 2425 763 2487 dilecto
782 2425 850 2485 filio
865 2440 997 2505 praepo-

198 2512 263 2587 'sito
278 2524 434 2601 Papiensi
449 2523 572 2586 nostris
585 2524 703 2585 damus
716 2522 838 2584 litteris
849 2522 884 2585 in
900 2537 997 2583 man-

198 2620 295 2694 datis,
327 2623 361 2682 nt
387 2622 415 2682 si
442 2622 596 2693 monitis,
624 2622 657 2682 et
685 2619 840 2697 precibus
873 2619 996 2681 nostris

198 2718 492 2798 praesumpseritis,
516 2719 601 2796 quod
629 2734 696 2779 non
711 2717 888 2789 credimus
912 2732 996 2778 con-

198 2819 313 2891 traire,
328 2819 399 2894 ipse
414 2833 473 2880 vos
489 2831 508 2879 a
530 2816 788 2894 praesumptione
806 2813 996 2893 hujusmodi

200 2932 259 2993 per
289 2931 449 2977 censuras
477 2913 738 2986 ecclesiasticas,
773 2912 996 2991 appellatione

197 3016 336 3086 remota,
353 3015 550 3090 compescat.

238 3112 356 3173 Datum
372 3111 576 3181 1131333315
597 3126 675 3171 non.
694 3108 818 3180 martii,
841 3123 930 3169 anno
943 3122 998 3167 se-

198 3208 317 3270 cnudo.

558 3323 639 3409 CLI

201 3468 253 3527 Act
269 3464 453 3527 aooertam
479 3467 768 3539 vesprimiensem
788 3465 995 3538 episcopum.

496 3596 512 3653 3
524 3602 608 3661 mart.
622 3595 701 3653 1118.

325 3711 452 3776 [Thamar.
468 3711 534 3763 bion.
551 3710 694 3774 Hnnqariae,
709 3710 729 3769 1,
743 3724 771 3767 ιι,
783 3722 809 3757 n.
822 3707 872 3773 l7.]

202 3818 334 3878 11333313
345 3820 374 3877 S.
384 3818 498 3876 11331131
508 3820 536 3875 13
545 3817 703 3887 Pannonia,
713 3815 750 3873 ab
760 3814 998 3888 compositionem

235 3908 381 3981 quondam
398 3908 433 3965 ab
450 3907 578 3982 ipsorum
594 3905 696 3964 abbate
711 3903 826 3974 laetam,
843 3904 880 3963 ad
895 3901 998 3962 Sedena

239 3997 431 4071 apostolicam
448 3996 602 4070 appellant.

242 4114 409 4176 Honorius
424 4114 598 4190 episcopus
617 4127 733 4172 servus
746 4126 918 4172 servorum
927 4110 998 4182 Dei,

203 4211 389 4274 venerabili
415 4210 547 4271 fratri...
566 4209 721 4286 episcopo
745 4207 998 4285 vesprimiensi,

204 4310 346 4371 salutem
361 4309 395 4370 31
411 4306 626 4383 apostolicam
636 4305 912 4367 benedictionem.

244 4405 362 4468 Dilecti
386 4405 485 4466 11111...
509 4404 601 4481 prior
625 4404 657 4464 et
681 4402 862 4465 conventus
886 4403 1000 4469 Sancti

205 4503 343 4568 Martini
363 4504 403 4565 de
419 4502 593 4564 Pannonia
610 4500 714 4561 multa
729 4498 824 4560 nobis
841 4499 1000 4561 instantia

205 4603 445 4681 supplicarunt,
462 4602 498 4662 ut
513 4615 613 4677 quum
627 4597 910 4676 compositionem,
926 4613 1000 4659 me-

206 4704 318 4764 diante
351 4700 460 4762 felicis
494 4697 662 4759 memoriae
696 4695 887 4757 Innocentio
916 4712 1001 4773 papa

205 4801 450 4877 praedecessore
463 4796 575 4858 nostro
590 4793 846 4857 sectaminterte
856 4809 896 4854 33
911 4794 1003 4871 ipso·

205 4914 278 4958 rum
299 4895 461 4967 abbatem,
483 4908 707 4970 necunquam
726 4891 925 4968 receperint.
941 4908 1002 4953 nec

207 4990 748 5069 311331311333333333331331,33
761 4989 847 5066 qnod
855 4989 1001 5067 ipsorum

207 5090 445 5156 monasterium
455 5089 596 5149 liberum
611 5092 644 5149 31
657 5088 846 5164 exemptum
858 5103 917 5164 per
929 5102 1002 5148 eam

208 5187 363 5251 ancillari
377 5186 518 5257 videtur,
536 5202 635 5266 quum
653 5185 864 5247 contineatur
877 5185 912 5245 in
931 5184 1001 5256 illa,

209 5289 245 5349 ut
258 5286 319 5349 tibi
332 5300 371 5345 33
387 5281 709 5344 successoribustuis
720 5282 892 5343 annuatim
905 5297 1005 5359 praes·

208 5388 256 5446 tet
268 5381 442 5460 quamdam
458 5379 608 5457 pecuniae
621 5379 849 5456 quantitatem,
867 5378 1006 5456 quibus-

211 5481 286 5540 dam
301 5480 420 5540 aliisin
431 5478 547 5540 eadem
555 5476 736 5554 expressis,
746 5492 806 5553 per
814 5492 888 5553 quae
900 5465 1005 5553 ipsius

211 5576 403 5635 monasterii
420 5575 594 5650 privilegio
614 5574 803 5648 derogatur,
823 5575 931 5650 ipsam
945 5589 1004 5635 re-

214 5685 333 5730 vocare
352 5671 404 5729 vel
424 5672 644 5733 revocandam
664 5672 868 5734 committere
881 5671 1005 5749 digna-

802 310 978 370 llon'ttttll
1001 311 1045 370 tn
1067 312 1215 372 OPERA.

1772 314 1838 374 652

1043 486 1165 534 remur.
1180 471 1272 533 Licet
1284 471 1386 547 igitur
1398 487 1514 534 eorum
1526 472 1679 550 precibus
1690 474 1844 550 acquies-

1044 584 1119 630 cere
1154 569 1369 640 nolnerimus,
1398 572 1432 632 13
1460 568 1607 638 ahsente,
1635 570 1677 631 ad
1700 571 1841 633 multam

1044 667 1153 728 tamen
1164 667 1312 743 ipsorum
1320 668 1353 728 et
1362 667 1505 729 aliorum
1515 669 1710 730 instantiam
1723 667 1843 731 133133-

1044 764 1140 826 nitati
1153 766 1217 827 tuae
1232 781 1291 842 per
1299 765 1487 842 apostolica
1498 766 1621 843 scripta
1630 766 1840 836 mandamus,

1045 863 1207 938 quatenus
1222 879 1327 940 usque
1341 863 1383 923 ad
1398 863 1520 924 festum
1534 865 1689 927 Omnium
1701 866 1845 925 Sancto-

1045 976 1118 1021 rum
1133 961 1321 1037 proximum
1333 977 1408 1022 oum
1422 962 1495 1038 ipsa
1509 962 1752 1039 compositione
1764 977 1845 1038 per-

1046 1059 1215 1130 sonaliter,
1230 1059 1288 1120 331
1296 1075 1355 1136 per
1363 1062 1611 1136 procuratorem
1622 1060 1846 1121 sufficientem

1046 1157 1079 1218 et
1091 1156 1245 1217 idoneum
1258 1157 1495 1234 apostolicare
1510 1158 1703 1234 conspectui
1718 1173 1847 1233 reprae-

1047 1258 1168 1326 sentes,
1182 1257 1377 1332 recepturus
1398 1256 1484 1333 quod
1501 1272 1602 1333 super
1625 1255 1846 1317 1333333331-

1047 1368 1120 1413 mus
1135 1351 1383 1430 providendum.
1402 1356 1520 1414 Datum
1533 1354 1729 1415 Lateraniv
1739 1368 1846 1413 nonas

1048 1450 1170 1523 martii,
1184 1449 1395 1527 pontificatus
1410 1450 1516 1513 nostri
1529 1467 1618 1513 anno
1633 1450 1794 1512 3333333.

1396 1620 1499 1707 nnn

1074 1764 1127 1823 Ad
1140 1762 1327 1823 Robertum
1340 1764 1536 1836 episcopam
1552 1763 1823 1824 olomucensem.

1339 1878 1453 1934 331331.
1471 1876 1550 1934 1118.

1157 1982 1335 2046 [wurdtwein.
1345 1982 1552 2044 Novasubsidia‚
1563 1989 1582 2035 t.
1596 1983 1640 2040 111,
1654 1998 1680 2047 p.
1691 1983 1747 2047 aeq

1051 2080 1172 2140 ltoberto
1193 2081 1329 2153 episcopo
1347 2080 1529 2139 Olomucensi
1556 2080 1686 2149 mandat,
1709 2079 1799 2138 iaciat
1822 2088 1852 2138 ut

1086 2168 1265 2228 interdictum
1293 2170 1417 2243 positum
1436 2170 1466 2227 in
1490 2171 1630 2243 Pragensi
1652 2169 1772 2227 diaecesi
1800 2186 1851 2242 per

1085 2257 1230 2317 andream
1242 2260 1431 2332 Pragansem,
1442 2260 1609 2332 episcopum
1616 2264 1646 2316 et
1653 2257 1773 2316 demum
1784 2274 1851 2315 auc·

1085 2349 1253 2405 auctoritate
1269 2348 1432 2420 apostatica
1447 2348 1660 2417 confirmatum,
1672 2349 1852 2405 relaxatione

1086 2436 1201 2510 sigfridi
1221 2437 1451 2510 llagnutiuensis
1469 2436 1679 2509 archiepiscopi
1705 2452 1766 2494 nou
1784 2436 1850 2494 obs·

1086 2533 1175 2595 tante,
1182 2524 1507 2583 firmiterobserveturin
1515 2526 1645 2583 3331331113
1653 2526 1854 2585 cisterciensis

1087 2623 1116 2673 et
1132 2615 1412 2673 Premoustratensis
1431 2613 1563 2672 ordinum
1581 2614 1809 2687 Hospitaliorum
1825 2622 1854 2671 et

1086 2705 1576 2777 omuinmtamenemptorumquam
1585 2718 1642 2761 non
1650 2713 1852 2776 exemptarum

1086 2793 1215 2867 ejusdem
1230 2792 1372 2850 diaecesis.

1090 2902 1258 2965 Honorius
1273 2901 1446 2978 episcopus
1463 2916 1580 2962 servus
1595 2916 1773 2962 servorum
1794 2900 1853 2961 bei

1050 3000 1234 3063 venerabili
1262 2998 1358 3061 tratri
1362 3042 1422 3060 .....
1445 2998 1600 3076 episcopo
1620 2998 1847 3070 Olomucensi,

1052 3099 1192 3160 salutem
1207 3100 1240 3159 et
1252 3097 1468 3174 apostolicam
1481 3095 1762 3159 benedictionem.

1092 3196 1311 3257 Praesentium
1321 3195 1380 3257 tibi
1393 3195 1593 3257 auctoritate
1606 3194 1852 3270 113331333ωοί-

1051 3294 1171 3371 piendo
1199 3293 1406 3363 mandamus,
1435 3294 1599 3369 quatenus
1622 3292 1852 3363 interdictum,

1052 3392 1138 3453 sicut
1160 3391 1211 3452 est
1231 3390 1374 3468 positum
1396 3390 1431 3451 in
1449 3389 1610 3467 Pragensi
1630 3389 1773 3451 dioecesi
1795 3405 1856 3467 per

1051 3488 1276 3550 venerabilem
1298 3487 1433 3549 fratrem
1456 3490 1605 3548 nostrum
1608 3531 1671 3547 .....
1697 3489 1857 3563 Pragen·

1053 3604 1122 3649 sem
1137 3587 1329 3665 episcopum
1342 3587 1374 3646 et
1386 3584 1518 3646 demum
1531 3585 1733 3647 anctoritate
1748 3589 1859 3662 Apos-

1051 3685 1152 3747 tolica
1167 3684 1397 3746 confirmatum
1421 3682 1630 3744 relaxatione
1649 3681 1859 3744 venerabilis

1053 3783 1167 3845 1331313
1186 3781 1291 3845 nostri
1295 3825 1354 3841 .....
1376 3780 1642 3857 maguntinensis
1662 3781 1857 3857 archiepis-

1054 3881 1128 3958 copi
1143 3879 1384 3949 nonobstante,
1400 3878 1435 3938 in
1451 3877 1603 3939 ecclesiis
1618 3878 1855 3940 cisterciensis

1054 3981 1086 4040 et
1099 3977 1429 4039 Praemonstratensis
1441 3975 1596 4036 ordinum
1608 3977 1642 4037 et
1657 3976 1857 4052 Hospitata-

1054 4076 1182 4138 riorum
1201 4076 1235 4139 et
1249 4074 1396 4136 omnium
1415 4074 1483 4135 tam
1501 4075 1734 4150 exemptornm
1759 4089 1858 4151 qnam

1055 4189 1121 4234 non
1147 4172 1374 4249 exemptorum
1399 4169 1547 4247 ejusdem
1571 4168 1729 4230 dioecesis
1754 4170 1860 4230 iacias

1056 4285 1304 4347 percensuram
1323 4268 1583 4329 ecclesiasticam
1596 4270 1726 4328 remoto
1745 4270 1862 4344 33133-

1057 4368 1136 4429 tibet
1150 4366 1421 4430 contradictionis
1437 4366 1469 4427 31
1484 4363 1723 4442 appellationis
1739 4365 1855 4426 obsta-

1056 4467 1131 4527 culo
1145 4463 1473 4535 tirmiterobservari,
1485 4478 1552 4524 non
1565 4461 1779 4524 obstantibus
1791 4462 1863 4539 pri·

1055 4564 1187 4639 3133113
1211 4562 1335 4624 eisdem
1362 4560 1574 4623 monasteriis
1596 4559 1638 4621 ab
1662 4560 1860 4637 apostolica

1057 4662 1142 4724 Sede
1158 4661 1337 4724 concessis.

1096 4761 1214 4821 Datum
1236 4755 1394 4820 Laterani
1413 4758 1456 4817 IV
1477 4770 1582 4816 nonas
1602 4755 1717 4816 martii
1743 4751 1860 4831 ponti-

1057 4859 1174 4919 ficatus
1189 4855 1295 4916 nostri
1309 4870 1397 4915 anno
1411 4852 1567 4915 secundo.

1395 5004 1518 5092 tutti

1058 5146 1110 5205 Act
1132 5141 1288 5204 abbatem
1303 5139 1454 5213 serpen.
1474 5137 1508 5199 et
1527 5139 1688 5211 patorem
1707 5137 1865 5210 31333333

1190 5241 1254 5300 toea·
1268 5237 1302 5298 et
1323 5237 1480 5312 pavorem
1495 5237 1536 5296 de
1549 5236 1725 5295 Emtdotto.

1350 5339 1465 5397 tmart.
1483 5338 1562 5396 tata.

1092 5461 1211 5523 [negem.
1222 5456 1268 5507 lib.
1280 5457 1312 5517 ll,
1327 5454 1401 5519 epist.
1413 5453 1468 5502 913.
1480 5454 1537 5503 lisa.
1550 5452 1586 5502 be
1597 5452 1675 5503 Porta
1688 5452 1723 5502 dn
1736 5449 1830 5515 Theti]

1078 5561 1119 5616 De
1134 5553 1297 5629 recipiendo
1311 5549 1416 5611 clerieo
1430 5554 1461 5609 P.
1480 5552 1509 5607 in
1524 5550 1697 5609 canonicum
1714 5547 1844 5607 mandat.

1100 5658 1862 5735 Η3333133,313.,(1113311331113313133118113333.
