3946 6196
207 336 266 398 371
816 333 994 396 HONORII
1015 336 1061 397 111
1082 337 1231 400 OPERA.

1795 344 1855 407 372

208 513 265 560 ras
286 496 457 571 nationes3
480 510 620 573 cumque
642 492 805 556 bellorum
834 493 945 557 clades
972 496 1005 559 et
1065 498 1105 559 Ut
1127 498 1234 574 igitur
1256 482 1363 562 dictus
1391 498 1512 561 nobilis
1533 516 1553 562 a
1575 499 1661 564 facie
1682 517 1783 565 arcus
1802 506 1859 582 qui

208 593 684 671 insidiatorisaugustiaparte
697 593 1006 656 cribraveritetiam
1060 596 1215 659 extentus
1251 598 1302 660 est
1337 597 1614 675 significationem
1649 600 1775 663 habeat
1806 601 1859 662 iu-

208 692 410 771 adJacentes,
424 707 564 767 regnum
579 695 683 763 tuum,
702 691 756 752 cui
771 692 930 753 Dominus
945 691 1006 754 be-
1059 694 1182 770 giendi,
1203 712 1402 774 quamquam
1419 698 1571 759 videatur
1591 699 1627 760 in
1651 716 1713 761 sua
1730 699 1859 761 malitia

208 790 347 861 nedixit,
366 806 428 853 nec
447 789 713 867 persecutionem
731 789 834 866 gladii
856 805 917 852 nec
935 791 1007 852 vir-
1061 792 1199 856 nimium
1227 794 1423 868 obstinatus,
1449 796 1589 874 impleas
1613 798 1727 859 tamen
1755 798 1861 874 patris

207 905 283 965 gam
296 889 462 950 exactoris
478 887 624 964 agnovit,
642 888 698 948 sed
715 888 841 966 quievit
852 889 887 949 in
901 887 1006 950 bene-
1061 889 1207 953 officium
1228 892 1316 954 circa
1338 892 1456 971 ipsum,
1479 896 1512 955 et
1528 909 1603 955 eum
1623 911 1713 956 nunc
1727 894 1862 957 blandi·

208 983 422 1056 dictionibus,
449 984 612 1062 repletum
636 984 732 1047 bonis
761 985 1003 1063 spiritualibus,
1060 989 1180 1051 mentis
1194 989 1344 1063 inducas,
1361 1007 1450 1052 nunc
1463 991 1574 1053 verbis
1587 992 1760 1054 deterreas
1776 1009 1862 1070 pun-

208 1085 242 1145 et
255 1082 354 1144 rebus
364 1082 603 1161 temporalibus
617 1083 820 1161 opulentum.
832 1083 1006 1161 Principes
1060 1089 1184 1162 gitiris,
1199 1088 1430 1151 comminando
1442 1088 1506 1150 sibi
1519 1089 1668 1151 divinum
1678 1090 1859 1168 judicium,

206 1181 296 1244 enim
321 1184 403 1260 ejus,
425 1182 648 1244 custodientes
667 1183 740 1244 vias
764 1181 907 1253 Domini,
929 1197 1006 1243 eum
1060 1187 1211 1252 ecelesias
1238 1186 1443 1259 scandalum,
1473 1186 1620 1248 fidelium
1645 1189 1864 1266 imprecatio·

205 1280 242 1342 in
266 1280 480 1357 simplicitate
501 1279 611 1341 cordis
625 1280 704 1342 totis
721 1296 853 1358 semper
875 1279 1005 1341 viribus
1060 1302 1139 1359 nes,
1164 1301 1305 1364 quorum
1332 1285 1538 1363 propositum
1559 1284 1697 1363 impedit
1723 1288 1757 1349 et
1781 1288 1858 1348 rota

205 1377 406 1450 dilexerunt,
425 1379 585 1457 ponentes
600 1394 637 1440 se
649 1395 780 1439 murum
795 1379 1008 1456 inexpugna-
1060 1381 1209 1444 retardat
1234 1396 1275 1442 ne
1298 1381 1438 1458 possint,
1466 1380 1552 1443 sicut
1571 1382 1728 1443 tenentur
1746 1382 1782 1445 et
1804 1399 1865 1444 cu-

205 1474 305 1537 bilem
319 1491 378 1553 pro
390 1475 512 1553 populo
523 1475 716 1537 christiano.
733 1478 857 1539 Verum
869 1475 1006 1538 tristitia
1061 1479 1165 1557 piunt,
1186 1479 1311 1541 terram
1334 1478 1467 1540 Domini
1490 1477 1645 1540 liberare.
1670 1481 1748 1540 Non
1772 1480 1862 1541 enim

205 1570 301 1635 nobis
326 1575 376 1635 est
399 1574 432 1635 ot
453 1573 548 1635 dolor
569 1574 745 1635 continuus
763 1573 855 1635 cordi
879 1573 1004 1647 nostre,
1061 1576 1225 1639 credimus
1250 1574 1458 1654 superiorem
1483 1574 1551 1637 vim
1579 1576 1721 1638 rationis
1749 1578 1800 1639 sic
1827 1578 1863 1639 in

206 1670 293 1749 quod
309 1669 429 1731 nobilis
444 1670 503 1732 ille
516 1673 551 1732 L.
572 1669 612 1750 (*)
628 1672 726 1732 natus
743 1672 832 1742 tuus,
844 1685 864 1731 a
875 1671 1006 1748 patrum
1060 1674 1119 1736 illo
1143 1675 1345 1752 depressam,
1367 1675 1405 1735 ut
1423 1689 1491 1735 non
1513 1674 1557 1735 sit
1577 1689 1706 1736 memor
1720 1690 1862 1751 opernm

204 1867 375 1938 recedens,
384 1866 846 1928 corsuumcontraDominum
855 1865 1007 1929 obfirma·

203 1963 270 2038 vit3
284 1964 405 2026 avertit
419 1963 533 2026 oculos
549 1980 628 2025 suos
643 1980 685 2026 ne
700 1963 860 2042 respiciat
871 1963 1004 2036 coelum,

205 2061 505 2139 etnejudiciorum
530 2062 663 2123 Domini
684 2062 890 2134 recordetur,
914 2062 1003 2135 dum,

205 2161 320 2222 contra
339 2162 522 2222 Romanam
550 2160 745 2233 Ecclesiam,
770 2160 912 2221 matrem
934 2176 1007 2222 om-

204 2257 297 2319 nium
313 2257 471 2331 fidelium,
488 2273 582 2319 arma
597 2274 744 2329 movens,
757 2257 881 2319 Christi
895 2258 1007 2319 exhae·

203 2355 350 2418 reditare
365 2356 481 2418 nititur
494 2356 711 2426 cohaeredem,
728 2355 890 2433 pupillum
905 2356 938 2418 et
949 2371 1007 2417 or-

206 2452 353 2530 phanum
371 2453 572 2531 Apostolicae
588 2453 694 2526 Sedis,
716 2454 844 2516 auxilio
862 2453 1006 2515 derelic-

205 2551 275 2614 tum
290 2567 330 2614 ac
342 2551 451 2613 crucis
468 2551 662 2614 charactere
673 2551 881 2628 insignitum,
893 2567 913 2613 a
927 2551 1005 2613 sede

205 2650 340 2729 propria
359 2650 563 2728 repellendo.
579 2649 754 2723 Debuerat,
769 2650 918 2728 inquam,
934 2649 1006 2728 pri-

205 2749 317 2810 mitias
327 2747 682 2813 militlaesuaeDomino
692 2748 858 2820 dedicare,
869 2748 1005 2811 utvires

205 2847 361 2925 potentiae
378 2862 449 2908 suae
464 2847 607 2924 primum
622 2848 796 2909 exerceret
807 2846 925 2908 contra
938 2846 1007 2907 ini-

205 2945 309 3007 micos
328 2945 406 3005 fidei
419 2944 622 3016 christianae,
638 2944 674 3005 ut
696 2943 876 3006 debellaret
888 2944 1005 3021 gentes

206 3058 280 3120 quae
301 3042 396 3104 nobis
422 3040 625 3119 exprobrant
651 3041 793 3117 gloriam
822 3041 1004 3104 Dominicae

205 3139 383 3217 passionis,
414 3140 448 3200 et
475 3138 660 3200 funiculum
687 3137 894 3200 haereditatis
921 3155 1003 3212 suae,

205 3237 331 3298 terram
355 3236 483 3298 scilicet
501 3252 562 3297 suo
586 3236 750 3312 sanguine
765 3237 1002 3314 comparatam,

204 3332 514 3395 immisericorditer
539 3334 690 3396 detinent
721 3333 757 3395 in
790 3334 1004 3412 opprobrium

205 3431 319 3509 populi
334 3431 522 3494 christiani.
541 3432 604 3493 Sed
625 3433 655 3493 is
676 3448 856 3494 conversus
873 3432 915 3494 ad
933 3432 1005 3494 sac-

204 3529 312 3592 torem
326 3546 422 3591 suum
437 3530 553 3592 contra
569 3546 656 3602 eum,
680 3530 766 3592 sicut
780 3530 865 3593 testa
887 3528 928 3592 de
943 3546 1002 3591 sa-

204 3627 293 3699 miis,
313 3627 497 3700 insultavit,
518 3643 646 3705 ponens
665 3627 867 3689 christianos
887 3629 921 3688 in
945 3643 1003 3689 ore

204 3724 307 3803 gladii
329 3727 362 3788 et
377 3726 489 3787 omnia
504 3726 659 3802 redigens
676 3726 712 3787 in
736 3725 883 3787 cinerem
898 3726 932 3788 et
952 3724 967 3787 1
986 3756 1005 3770 ·

204 3824 332 3886 villam.
360 3823 455 3886 Unde
479 3824 662 3886 verendum
691 3825 741 3886 est
774 3840 816 3885 ne
842 3823 1003 3885 Dominus

203 3923 362 3999 tanquam
378 3921 546 3984 dormiens
560 3921 743 3994 excitatus,
760 3938 835 3982 cum
857 3923 945 3982 Deus
960 3921 1005 3982 sit

205 4019 368 4082 ultionum
387 4020 558 4091 Dominus,
575 4020 607 4080 et
621 4018 785 4080 retribuat
804 4018 858 4079 his
870 4018 927 4095 qui
943 4034 1003 4079 su-

204 4116 354 4194 perbiam
369 4115 497 4179 iaciunt
514 4115 733 4188 abundanter,
750 4116 916 4193 adipsum
933 4116 1005 4177 cla-

204 4229 298 4275 more
310 4212 424 4290 populi
438 4212 649 4284 ascendente,
666 4228 740 4273 cum
755 4213 862 4274 dictus
879 4212 1002 4275 nobilis

205 4309 1001 4388 perturbetunirersalenegotiumcrucisChristi,

204 4405 1004 4486 volentesbelladissipetetarrogantemdeJiciat

204 4522 245 4569 ac
259 4504 449 4582 superbum.

244 4606 361 4677 Porro,
380 4619 467 4673 cum,
493 4602 673 4665 secundum
695 4603 865 4682 prophetae
880 4604 1005 4682 praedi-

205 4702 310 4766 centis
325 4703 510 4775 oraculum,
526 4705 631 4777 Impia·
645 4705 717 4763 viri
738 4718 808 4764 non
821 4703 1004 4765 diosidtcnt

204 4804 278 4863 dies
299 4816 391 4874 suos,
419 4816 486 4862 non
512 4800 680 4862 immerito
705 4798 922 4862 lormidamus
947 4816 1000 4873 ne,

203 4898 378 4976 postquam
388 4898 446 4960 ille
456 4897 514 4976 qui
525 4898 611 4959 nihil
620 4897 819 4975 impunitum
831 4898 1001 4976 relinquit,

204 4994 331 5057 diutius
356 4995 572 5073 exspectavit,
603 4995 696 5057 velut
721 5011 742 5056 a
770 4995 904 5058 texente
937 4995 1003 5056 tela

206 5091 347 5163 succisa,
375 5092 446 5154 dies
475 5092 539 5153 sibi
562 5092 737 5154 subtrahat
764 5093 941 5170 putativos,
970 5092 1006 5154 et

205 5189 418 5268 compellaris
445 5191 482 5251 tu
510 5188 682 5252 nobiscum
713 5191 852 5253 exitium
883 5190 1003 5252 animae

205 5290 312 5368 ipsius
328 5290 363 5352 et
382 5288 532 5366 corporis
555 5287 791 5351 miserabiliter
814 5289 1001 5368 deplorare.

242 5516 279 5590 (·)
294 5516 465 5576 Ludovicus.

243 5604 285 5675 (l)
301 5606 437 5664 Guarino.

243 5689 285 5759 (2)
302 5691 433 5761 lingonis
445 5693 480 5749 de
496 5694 644 5752 llaicuria.

1061 1872 1224 1947 assurgat.
1251 1869 1332 1943 Quis
1356 1870 1420 1932 scit
1434 1868 1474 1942 si,
1497 1869 1700 1947 respiciente
1718 1871 1863 1932 Domino

1061 1985 1118 2032 cor
1132 1969 1235 2043 illius,
1252 1968 1417 2046 percutiat
1430 1967 1516 2029 illud
1535 1967 1572 2030 ut
1589 1968 1795 2044 poenitentiae
1811 1969 1864 2030 la-

1060 2069 1172 2130 menta
1195 2066 1368 2145 producat,
1395 2065 1429 2142 et
1455 2065 1491 2127 in
1517 2064 1688 2128 stillicidia
1716 2066 1864 2144 profluat

1061 2165 1297 2243 lacrymarum,
1318 2164 1356 2227 ut
1380 2163 1430 2226 sic
1457 2163 1493 2224 in
1514 2162 1635 2240 spiritu
1659 2163 1806 2225 contrito
1831 2164 1864 2225 et

1059 2262 1236 2325 humiliato
1258 2261 1379 2323 delicta
1400 2258 1523 2322 defleat
1539 2259 1738 2338 juventutis,
1756 2262 1790 2322 et
1803 2276 1862 2321 re-

1059 2374 1177 2421 versus
1192 2358 1233 2421 ad
1248 2358 1375 2436 patrem
1396 2357 1565 2435 tamquam
1579 2357 1668 2418 tilius
1689 2357 1861 2434 prodigus,

1060 2455 1137 2519 dato
1151 2456 1187 2517 in
1201 2454 1354 2517 manibus
1375 2457 1448 2533 ejus
1469 2454 1605 2525 annulo,
1628 2452 1773 2530 recipiat
1794 2457 1867 2515 sto-

1059 2554 1125 2616 lam
1138 2553 1300 2632 primamt
1311 2556 1358 2614 De
1373 2552 1506 2614 nemine
1516 2566 1659 2629 namque
1673 2550 1861 2628 desperan-

1059 2652 1137 2713 dum
1151 2653 1213 2725 est,
1224 2649 1303 2713 dum
1313 2650 1363 2713 est
1374 2650 1409 2712 in
1421 2649 1483 2712 hoc
1496 2665 1634 2728 corpore
1647 2648 1864 2721 constitutus,

1060 2765 1135 2811 cum
1162 2748 1352 2811 nesciamus
1380 2748 1455 2827 quis
1490 2748 1534 2809 sit
1567 2746 1789 2826 dignuspdio
1807 2746 1862 2809 vel

1060 2863 1185 2911 amore.

1099 2946 1148 3006 'ru
1170 2961 1262 3018 vero,
1292 2944 1391 3006 homo
1420 2942 1606 3016 unanimis,
1636 2942 1777 3004 devotus
1803 2958 1864 3003 eo-

1059 3041 1170 3106 clesiae
1183 3042 1283 3113 tilius,
1300 3042 1356 3121 qui
1370 3042 1402 3103 ei
1420 3041 1556 3104 astitisti
1574 3056 1705 3120 semper
1718 3040 1753 3100 in
1766 3055 1864 3118 pros-

1058 3141 1148 3219 peris
1168 3142 1201 3203 et
1221 3139 1382 3211 adversis,
1407 3138 1443 3201 in
1463 3138 1629 3200 mandatis
1648 3137 1793 3209 Domini,
1814 3137 1864 3198 si-

1059 3241 1115 3302 cut
1128 3237 1268 3316 coepisti,
1285 3236 1428 3299 fideliter
1441 3252 1631 3315 persevera,
1653 3235 1689 3296 in
1713 3236 1865 3313 Aposto-

1059 3337 1133 3398 licae
1158 3335 1254 3397 Sedis
1277 3334 1452 3397 devotione
1480 3333 1620 3396 tirmiter
1638 3332 1862 3411 persistendo.

1058 3435 1127 3496 Nos
1142 3435 1242 3507 enim,
1257 3449 1331 3495 cum
1345 3432 1379 3495 te
1393 3432 1525 3494 sincera
1539 3431 1718 3508 diligamus
1732 3430 1768 3491 in
1788 3432 1865 3492 Do·

1058 3530 1148 3593 mino
1170 3531 1321 3603 caritate,
1345 3530 1387 3592 ad
1409 3529 1569 3591 honorem
1592 3530 1627 3591 et
1649 3527 1860 3590 commodum

1058 3630 1162 3702 tuum,
1185 3629 1345 3707 quantum
1358 3643 1433 3689 cum
1448 3630 1516 3689 Deo
1530 3626 1724 3704 poterimus,
1742 3626 1861 3687 inteu-

1059 3728 1187 3790 demus.
1202 3726 1252 3789 Ad
1264 3725 1348 3798 haec,
1362 3724 1404 3787 ad
1419 3740 1535 3803 preces
1551 3723 1742 3786 serenitatis
1757 3723 1862 3799 regiae

1057 3824 1244 3888 venerabili
1258 3822 1355 3885 fratri
1377 3823 1491 3885 nostro
1507 3821 1752 3883 silvanectensi
1772 3821 1864 3898 epis-

1058 3940 1141 4002 copo
1155 3921 1203 4004 (1)
1226 3922 1358 3999 culpam
1380 3919 1592 3991 remittimus,
1607 3934 1706 3996 quam
1722 3935 1783 3997 pro
1801 3918 1864 3979 be-

1058 4021 1246 4084 nedictione
1266 4017 1395 4080 abbatis
1417 4017 1531 4080 Sancti
1552 4016 1710 4078 Germani
1734 4014 1784 4096 (2)
1808 4016 1865 4077 ni·

1058 4121 1121 4181 mis
1134 4117 1363 4195 imprudenter
1379 4115 1525 4187 admisit,
1542 4115 1575 4177 et
1588 4115 1656 4176 tam
1676 4112 1741 4174 sibi
1761 4129 1865 4191 quam

1058 4215 1165 4278 eidem
1181 4213 1294 4275 abbati
1309 4211 1470 4274 offensam
1483 4226 1582 4287 quam
1606 4208 1861 4280 contraxerunt,

1057 4309 1321 4373 misericorditer
1333 4310 1536 4371 relaxamus.
1553 4308 1660 4384 Super
1674 4305 1764 4368 iacto
1779 4320 1862 4369 sero

1058 4408 1170 4472 dilecti
1184 4408 1245 4468 lilii
1261 4408 1298 4469 Ρ.
1313 4405 1363 4487 (a)
1375 4405 1445 4467 nati
1459 4405 1520 4477 tui,
1535 4403 1732 4481 quibusdam
1747 4403 1861 4482 impe·

1057 4505 1213 4570 dimentis
1247 4503 1466 4575 obstantibus,
1502 4501 1543 4564 ad
1577 4502 1713 4578 plenum
1745 4503 1863 4563 votum

1057 4608 1151 4668 tuum
1166 4604 1208 4665 ad
1225 4616 1374 4682 praesens
1393 4600 1577 4677 adimplere
1591 4614 1658 4660 non
1677 4598 1860 4675 potuimus,

1058 4703 1157 4781 prout
1171 4704 1347 4779 paternum
1362 4696 1564 4759 desiderium
1585 4694 1782 4774 flagitabat,
1804 4695 1862 4758 sed

1058 4801 1092 4862 in
1101 4799 1265 4877 proxime,
1277 4795 1417 4858 Domino
1428 4792 1640 4867 concedente,
1655 4807 1776 4870 preces
1786 4794 1863 4856 tuas

1057 4898 1093 4959 in
1114 4896 1179 4959 hoc
1198 4893 1389 4957 curabimus
1412 4891 1583 4955 exaudire.
1604 4892 1650 4952 De
1670 4890 1726 4951 his
1748 4893 1863 4953 autem

1059 5011 1133 5074 quaa
1145 4992 1241 5055 nobis
1253 5007 1313 5070 per
1327 4989 1488 5052 nuncium
1502 4988 1723 5050 memoratum
1737 4986 1787 5068 (b)
1803 5005 1863 5051 re·

1058 5092 1143 5172 galis
1179 5087 1408 5152 munificentia
1440 5086 1635 5157 destinavit,
1663 5085 1864 5148 multimoda

1058 5189 1243 5269 gratiarum
1288 5183 1520 5263 prosequimur
1558 5182 1700 5245 achone.
1739 5185 1863 5247 Datum

1060 5285 1227 5358 Laterani,
1241 5287 1287 5346 XI
1299 5283 1367 5345 kal.
1384 5282 1476 5354 maii,
1492 5295 1581 5342 anno
1595 5279 1716 5357 primo.

1095 5514 1137 5590 (ol
1159 5514 1235 5574 Petri
1259 5512 1373 5581 carleti,
1390 5512 1437 5585 qui
1458 5511 1535 5568 circa
1558 5508 1587 5567 id
1605 5509 1746 5582 temporis
1767 5509 1861 5569 lactus

1059 5596 1103 5647 est
1116 5585 1290 5645 Turonensis
1305 5585 1401 5643 Sancti
1421 5581 1535 5640 Martini
1546 5580 1755 5640 thesaurarius.

1096 5703 1135 5779 (d)
1152 5702 1240 5776 ltegis
1254 5698 1444 5759 camerarium
1457 5695 1743 5758 Bartholomanmde
1756 5699 1859 5772 ltepot
