3982 6196
227 305 287 364 oia
844 314 1019 375 HONORII
1042 317 1088 376 III
1109 319 1258 381 OPERA.

1813 334 1874 392 620

225 463 350 543 scripta
365 465 559 527 mandamus
580 467 776 532 61116111616
798 474 1021 552 praecipimus,
1077 475 1261 540 fautoribus
1282 481 1352 542 suls
1367 484 1575 569 contemptis,
1592 503 1658 548 non
1673 489 1785 551 solum
1799 506 1877 568 reg-

225 564 389 642 qnatenus
403 565 681 643 tamipsosquam
694 584 809 631 omnes
823 571 978 648 61616166
991 573 1024 636 61
1077 592 1156 637 num
1192 579 1342 641 Franciae
1374 580 1490 643 nititur
1518 585 1732 661 perturbare,
1761 589 1819 649 sed
1845 593 1877 651 et

224 661 309 722 alios
336 662 501 734 fautores,
526 663 694 741 tamquam
720 669 1022 731 excommunicatos
1077 676 1188 737 Terrae
1200 678 1330 739 Sancta
1345 694 1404 755 per
1414 679 1477 741 hoc
1491 682 1652 759 impedire
1667 700 1875 747 succursum.

224 757 343 819 evitari
355 758 480 820 arctius
495 759 637 833 faciatis,
654 763 687 823 et
709 764 866 840 praefatas
887 768 1023 829 senten·
1078 771 1132 832 Sic
1144 788 1224 849 ergo
1234 775 1341 850 ipsum
1357 776 1398 839 de
1412 780 1533 841 caetero
1551 780 1694 853 evitetis,
1714 782 1802 859 quod
1818 799 1875 844 vos

223 855 289 919 tias
313 855 455 931 singulis
479 857 595 918 diebus
621 858 796 922 dominicis
824 865 858 924 ei
881 863 1020 938 festivis,

222 951 363 1029 pulsatis
398 956 570 1031 campanis
604 958 637 1018 et
667 958 815 1033 candelis
849 961 1020 1034 accensis,

223 1050 446 1127 appellatione
469 1055 607 1127 remota,
633 1052 826 1120 solemniter
846 1058 1019 1135 publicari,

224 1147 435 1224 saepedictam
448 1152 570 1212 terram
591 1153 625 1213 in
641 1169 680 1215 66
695 1155 783 1217 61616
807 1173 872 1233 666
884 1158 967 1229 6161,
981 1172 1022 1219 66

222 1248 371 1323 16166616
386 1264 451 1324 6116
470 1249 577 1326 primo
592 1250 685 1313 citati
707 1251 810 1325 16616,
826 1254 1022 1317 auctoritate

223 1344 339 1405 nostra
359 1344 577 1408 nihilominus
597 1350 844 1422 conservantes,
866 1352 1023 1414 molesta·

222 1441 312 1503 tores
341 1443 374 1505 61
401 1444 587 1507 turbatores
619 1446 724 1524 ipsius
758 1464 818 1526 per
847 1465 1022 1511 censuram

224 1538 504 1615 ecclesiasticam,
530 1542 659 1606 sublato
685 1545 861 1623 cujuslibet
888 1548 1024 1610 contra·

223 1636 378 1698 dIctionis
401 1639 434 1700 et
462 1640 696 1717 appellationis
717 1643 898 1718 obstaculo,
926 1659 1021 1706 com-

222 1735 398 1810 pescendo.
414 1737 505 1807 Quod
521 1739 550 1797 si
564 1755 631 1799 non
642 1755 767 1813 omnes,
782 1740 847 1802 duo
862 1744 1019 1814 vestrum,

222 1833 285 1893 616.
294 1834 411 1893 Datum
428 1835 596 1908 Laterani,
606 1839 723 1917 quarto
736 1838 1021 1909 nonasfebruarii,

222 1943 310 1991 anno
325 1930 482 1993 secundo.

261 2126 298 2185 16
311 2125 463 2186 eumdem
472 2126 604 2188 modum
618 2129 775 2206 scriptum
789 2131 841 2192 est
855 2131 1021 2195 nobilibus

220 2222 315 2291 viris,
331 2222 481 2296 ducibus,
505 2225 691 2299 comitibus,
718 2228 910 2301 baronibus,
927 2230 1021 2291 mili·

222 2319 322 2392 tibus,
343 2321 377 2382 et
396 2320 473 2380 aliis
495 2320 618 2384 Christi
637 2323 789 2386 fidelibus
808 2341 868 2402 per
881 2342 1021 2402 regnam

221 2417 383 2488 Franciae,
397 2433 436 2479 ac
448 2419 730 2491 Bisuntinensem‚
740 2424 979 2484 Trevereusem
989 2426 1022 2487 et

222 2512 453 2575 coloniensem
483 2516 673 2593 provincias
704 2520 902 2582 constituite.
940 2524 1021 2582 Cum

197 2611 199 2614 ⁴
221 2611 301 2673 olim
318 2611 438 2674 dilecta
462 2613 497 2673 in
515 2614 645 2677 Christo
658 2616 738 2687 filia,
767 2618 841 2689 616,
865 2620 1021 2693 usquein

223 2723 283 2769 sua
309 2709 434 2772 ducunt
457 2711 585 2774 malitia
609 2714 861 2789 persistendum.
890 2720 1021 2779 Deinde

220 2808 424 2879 stebjtcitnr:
439 2810 600 2880 Quocirca
613 2811 863 2875 universitatem
876 2815 1021 2877 vestram

223 2904 440 2966 exhortamur
449 2906 484 2966 16
495 2908 646 2979 Domino,
658 2910 1022 2986 661166616116616116

226 3002 348 3079 scripta
359 3003 812 3081 6166166166666166661616
823 3009 912 3084 16666
923 3025 1020 3086 66616

219 3113 335 3158 omnes
358 3099 515 3175 praefatos
544 3102 577 3161 et
608 3102 705 3172 alios,
735 3104 771 3164 61
804 3103 928 3165 1161616
959 3107 1019 3177 est,

219 3209 335 3255 661616
347 3194 505 3269 fautores,
524 3197 694 3275 tamquam
716 3202 1020 3264 excommunicatos

220 3289 254 3351 in
265 3291 417 3354 omnibus
427 3293 552 3355 arctius
566 3295 709 3370 evitetis,
726 3313 769 3359 66
786 3298 863 3360 61116
878 3300 1020 3376 6611161-

219 3389 341 3466 pando,
367 3390 561 3454 efficiamini
576 3394 682 3470 culpae
703 3396 736 3457 61
750 3397 836 3457 notae
849 3399 1020 3460 consortes

220 3486 255 3549 in
277 3488 422 3564 propriae
445 3489 563 3551 salutis
582 3490 791 3567 dispendium
810 3494 843 3554 61
857 3494 953 3556 famae
972 3495 1021 3556 ni·

219 3583 401 3646 hilominus
436 3586 685 3661 detrimentum,
711 3606 786 3652 cum
812 3590 936 3653 talibus
970 3593 1019 3653 sic

219 3682 465 3745 communicare
484 3684 629 3750 scienter
651 3687 687 3749 in
705 3688 927 3765 contemptum
950 3691 1021 3750 cla-

219 3778 311 3841 vium
332 3780 489 3842 Ecclesiae
512 3798 578 3844 non
594 3784 638 3844 sit
655 3783 791 3849 dubium
805 3785 1017 3851 redundare:

220 3891 302 3953 quas
317 3876 346 3938 si
355 3880 592 3957 contempserit
605 3880 713 3943 dictus
726 3881 872 3943 Erardus
881 3882 1017 3955 diutius,

220 3988 296 4034 6616
306 3976 377 4050 jam
401 3976 446 4038 sit
462 3976 585 4054 duplici
605 3978 723 4056 laqueo
747 3980 1019 4043 excommunica-

219 4069 321 4131 tionis
340 4072 530 4145 6161116166,
548 4075 667 4151 6616111
686 4092 753 4136 666
769 4076 934 4139 1166161116
949 4077 1020 4138 161-

219 4165 346 4227 1611616
362 4184 404 4229 66
418 4171 530 4230 661616
551 4170 701 4234 incurrat
719 4171 887 4235 haereticae
905 4174 1020 4250 pravi·

219 4262 309 4333 16116,
318 4265 421 4326 61666
431 4267 565 4343 propter
580 4267 643 4329 hoc
658 4270 771 4331 contra
789 4285 863 4330 eum
880 4270 1019 4337 forsitan

219 4360 438 4437 procedamus
463 4365 699 4439 61661666116
735 4365 819 4427 tales
847 4368 1019 4429 consuevit

219 4458 365 4534 procedi,
386 4475 463 4524 cum
477 4461 512 4520 in
532 4461 594 4522 hoc
610 4462 742 4537 negotio
753 4478 867 4539 pacem
883 4463 1019 4541 6116611-

218 4555 300 4617 11616
310 4556 549 4635 6661616661,
560 4558 678 4637 661166
689 4559 777 4621 11616
787 4561 934 4625 hirardus
944 4577 1018 4626 cum

255 4730 295 4806 (1)
311 4734 468 4808 Maurique,
485 4734 592 4794 16661.
606 4736 812 4805 6161666666,
824 4743 844 4793 t.
855 4738 903 4805 lV,
915 4753 943 4811 6.
955 4737 1015 4805 fit,

170 4824 172 4831 r
220 4804 321 4860 iteruin
343 4806 451 4863 recudit
470 4806 626 4879 Epistolam
652 4808 768 4865 Honorli
789 4807 828 4888 ad·
844 4809 1016 4883 llayneriutn

219 4873 548 4935 abbatemcasaemarini
564 4892 715 4950 perquam
738 4879 876 4951 6161611111
901 4894 933 4936 se
952 4895 1017 4937 cnm

218 4944 377 5003 honorabili
388 4956 461 5004 coetu
473 4947 765 5021 archiepiscoporum,
778 4951 875 5021 661666
897 4965 977 5008 61616
989 4958 1018 5006 61

217 5014 403 5073 cardinalium
416 5018 520 5075 11111661
535 5033 599 5077 esse
613 5019 641 5075 in
663 5034 783 5091 persona
806 5020 852 5078 116
878 4965 930 5079 Itv
949 5036 1014 5092 sep·

217 5087 335 5144 tembris
362 5087 396 5144 61
424 5089 575 5145 ecclesiam
605 5097 765 5148 conventus
792 5091 1016 5148 consecrandam

217 5156 282 5215 Vid.
298 5157 374 5216 hanc
387 5160 477 5230 Epist.
493 5160 627 5229 661183,
643 5172 676 5217 n⁰
687 5163 739 5231 lit,
761 5162 821 5219 Lib.
845 5165 883 5222 n.
907 5162 1017 5220 Deinde

219 5226 323 5301 adjecit
335 5231 482 5287 annalista
499 5245 506 5286 :

255 5320 266 5348 ι
284 5300 352 5356 ilaec
367 5301 509 5358 116661166
521 5298 557 5357 da
567 5300 750 5360 casaemarini
768 5303 896 5360 Basilice
912 5315 1013 5358 conse·

217 5370 353 5438 oratione,
369 5385 455 5442 quam
479 5372 596 5444 insuper
621 5372 748 5444 pluribus
776 5374 840 5431 aliis
860 5372 1017 5431 cumulavit

216 5436 372 5497 beneficiis.
384 5442 479 5498 Primo
487 5443 563 5507 eninr
571 5443 600 5499 in
609 5443 665 5500 hoc
675 5445 736 5516 ipso
747 5445 840 5501 sanxit
848 5444 1013 5517 diplomate,

217 5514 250 5562 61
264 5508 325 5564 1166
336 5513 514 5568 consecratio
533 5528 627 5570 annua
650 5514 813 5571 nouendiali
835 5515 1015 5571 solemnitate

219 5577 417 5648 celebraretur,
426 5589 455 5637 61
467 5582 565 5639 fideles
580 5585 823 5643 illucacccdentes
837 5600 933 5642 6611116
948 5598 1015 5656 666·

1076 884 1150 930 6666
1176 872 1268 947 pacis
1294 872 1382 935 filios
1411 891 1471 952 per
1502 876 1741 940 exhibitionem
1767 881 1877 956 666116

1076 968 1268 1041 ostendatis,
1281 972 1315 1033 61
1324 987 1437 1035 amare
1447 974 1612 1050 justitiam
1622 979 1657 1037 et
1671 977 1749 1038 odio
1757 978 1878 1055 iniqui-

1076 1064 1177 1126 tatem
1193 1065 1326 1140 habere,
1341 1073 1575 1149 propterquod
1591 1073 1664 1135 oleo
1679 1075 1878 1135 mereamini

1077 1163 1310 1227 exsultationis
1333 1167 1462 1245 inungi,
1476 1185 1536 1246 per
1549 1169 1633 1231 illud
1654 1172 1696 1233 ad
1717 1174 1876 1234 aeternam

1077 1259 1227 1322 laetitIam
1255 1267 1457 1339 perventuri.
1487 1270 1607 1329 Datum
1633 1270 1806 1342 Laterani,
1834 1272 1877 1332 111

1076 1373 1182 1420 66666
1196 1358 1368 1435 161166111,
1384 1379 1472 1426 anno
1487 1364 1644 1427 secundo.

1396 1559 1559 1647 CXXIII

1116 1706 1168 1765 Ad
1181 1707 1398 1782 tisanarium
1415 1711 1616 1773 abbatemet
1629 1713 1839 1773 conventum

1356 1809 1594 1869 0666616161.

1384 1944 1470 2005 eleb.
1488 1948 1567 2006 1218.

1138 2066 1414 2133 [11661166616116161
1423 2069 1609 2130 016616166666,
1619 2078 1639 2121 t.
1654 2073 1698 2131 ff,
1713 2087 1740 2137 6.
1754 2072 1824 2136 tib]

1076 2191 1287 2267 indulgentiam
1308 2192 1439 2252 66666111
1454 2197 1483 2253 16
1498 2197 1695 2253 anniversario
1708 2196 1757 2255 die
1771 2211 1874 2256 conse·

1240 2283 1377 2340 erationis
1390 2282 1502 2340 illorum
1517 2283 1646 2340 66616616
1657 2283 1711 2357 (f).

1115 2414 1207 2477 Licet
1219 2416 1329 2477 autem
1340 2416 1578 2482 monasterium
1587 2417 1836 2495 vestrumJuris
1844 2421 1878 2481 et

1076 2513 1247 2590 potestatis
1267 2513 1310 2575 sit
1332 2513 1427 2575 Sedis
1450 2514 1647 2591 Apostolicae
1669 2516 1874 2592 specialiter,

1076 2609 1153 2686 quia
1167 2611 1279 2672 tamen
1294 2626 1337 2672 ex
1351 2609 1414 2672 hoc
1421 2611 1509 2688 juris
1523 2612 1651 2674 scilicet
1660 2613 1876 2690 proprietatis

1076 2707 1180 2784 ipsius
1196 2707 1375 2784 speciebus
1396 2709 1446 2770 esi
1460 2709 1626 2781 effectum,
1643 2724 1703 2769 nos
1716 2710 1802 2771 illud
1817 2711 1877 2772 sub

1076 2805 1214 2881 speciali
1229 2821 1310 2866 6616
1325 2805 1358 2866 61
1372 2805 1550 2884 6116616611
1561 2806 1664 2867 161616
1680 2806 1774 2869 beati
1787 2810 1874 2870 Petri

1075 2902 1273 2979 suscipimus
1311 2918 1386 2964 cnm
1421 2903 1569 2964 omnium
1594 2902 1709 2975 rebus,
1734 2920 1820 2982 quas
1841 2906 1874 2966 in

1075 3000 1327 3076 praesentiarum
1338 3002 1429 3077 Justo
1452 3000 1550 3062 titulo
1574 3000 1733 3078 possidet,
1759 3004 1820 3065 661
1840 3003 1873 3063 16

1075 3095 1222 3158 16161616
1244 3098 1345 3174 justis
1374 3097 1480 3158 modis
1515 3099 1637 3174 poterit
1669 3099 1814 3177 adipisci
1841 3102 1876 3161 ut

1075 3194 1255 3255 secundum
1279 3194 1454 3271 privilegia
1489 3195 1774 3271 praedecessorum
1800 3214 1877 3259 nos-

1075 3291 1211 3364 1161616,
1228 3291 1261 3353 61
1280 3293 1394 3353 666116
1413 3308 1544 3370 6616661
1568 3309 1626 3354 666
1648 3293 1724 3355 6166
1742 3299 1878 3356 666116-

1075 3388 1392 3467 dictiouepossideat
1401 3390 1550 3466 gaudens
1559 3390 1680 3468 ubique
1690 3392 1877 3469 privilegiis

1074 3488 1107 3547 et
1132 3486 1348 3563 indulgentiis
1370 3487 1547 3561 universis,
1567 3489 1636 3550 tarn
1662 3490 1877 3565 generalibus

1075 3600 1173 3661 quam
1188 3583 1389 3662 speclalibus
1414 3601 1434 3646 a
1459 3585 1544 3647 Sede
1559 3586 1751 3663 6666161166
1772 3589 1879 3665 irnpe-

1074 3681 1196 3754 tratis,
1233 3682 1336 3748 salvis
1372 3683 1504 3745 statutis
1531 3684 1672 3745 concilii
1695 3686 1876 3761 generalis.

1074 3780 1217 3841 Cunctos
1231 3779 1333 3856 igitur
1342 3780 1447 3856 ipsius
1456 3782 1536 3858 jura
1551 3782 1726 3843 servantes
1740 3784 1880 3861 Aposto-

1076 3876 1172 3938 tolica
1186 3875 1371 3938 benedictio
1382 3878 1614 3961 prosequatur,
1628 3895 1753 3961 666666
1763 3880 1881 3943 diviua

1074 3975 1230 4049 majestas
1241 3974 1402 4051 justificet
1414 3974 1450 4035 in
1463 3976 1632 4051 praesenti,
1658 3978 1692 4037 et
1711 3977 1881 4053 glorificet

1074 4070 1253 4132 16161616.
1280 4070 1479 4132 1611616166
1504 4074 1613 4134 autem
1650 4073 1778 4151 ipsius,
1809 4075 1881 4136 nisi

1073 4167 1264 4229 commoniti
1275 4168 1486 4245 resipuerint,
1495 4170 1881 4250 reossedivinojudicio

1073 4264 1114 4325 de
1128 4265 1316 4343 perpetrata
1331 4265 1506 4342 iniquitate
1522 4269 1736 4344 cognoscant,
1751 4272 1785 4331 61
1803 4285 1883 4330 mu-

1073 4362 1163 4425 neris
1177 4361 1375 4439 1666161166
1389 4362 1631 4425 benedictionis
1646 4367 1814 4442 expertes.

1113 4460 1231 4521 batum
1262 4458 1419 4523 Laterani
1443 4461 1541 4522 tertio
1566 4476 1672 4522 nonas
1698 4461 1879 4533 februarii,

1074 4556 1283 4635 pontificatus
1299 4556 1404 4618 nostri
1419 4572 1506 4619 anno
1522 4558 1679 4619 secundo.

1072 4748 1128 4808 que
1148 4732 1391 4817 indulgentiarum
1407 4731 1542 4793 thesauro
1556 4734 1751 4807 locupletavit.

1109 4825 1120 4856 1
1143 4806 1179 4863 Ut
1193 4806 1283 4877 166166
1296 4804 1410 4861 eclesie
1423 4803 1565 4862 dedicatio
1579 4806 1745 4864 veneranda
1769 4805 1882 4878 fsequi·

1072 4881 1116 4931 161
1128 4874 1281 4947 Honorius)
1306 4876 1351 4932 sin
1393 4875 1533 4937 11666616
1555 4875 1687 4933 16161166
1701 4876 1882 4946 celebretur,

1072 4946 1223 5029 universis,
1255 4945 1303 5021 qui
1337 4960 1352 5000 a
1410 4945 1603 5003 celebritatem
1647 4948 1883 5006 consenationis

1072 5016 1199 5087 ejusdem
1214 5016 1286 5075 16116
1301 5030 1404 5075 novem
1418 5016 1480 5074 dies
1494 5016 1598 5074 devote
1612 5020 1816 5084 convenerint,
1842 5018 1883 5075 ad

1072 5087 1714 5170 11116661611116166661161,661661666661616111
1727 5090 1884 5158 remissio,

1071 5158 1107 5215 de
1121 5158 1321 5233 166661166111
1337 5159 1512 5231 poenitentiis
1525 5172 1633 5217 annum
1647 5173 1738 5217 unum
1755 5160 1883 5218 miseri·

1070 5229 1191 5287 corditer
1215 5229 1387 5287 relaxamus.

1108 5322 1119 5352 1
1141 5300 1277 5359 Nobiliori
1293 5297 1634 5357 161616166111616661161
1656 5306 1885 5359 orornamenta

1070 5372 1232 5440 cousulens,
1248 5370 1398 5428 monachis
1412 5369 1550 5443 indulget,
1566 5378 1597 5427 ut
1624 5372 1712 5429 certis
1732 5369 1886 5430 duntaxat

1070 5444 1138 5499 anni
1152 5442 1261 5510 diebus,
1277 5443 1377 5497 sericis
1392 5442 1475 5498 liceat
1488 5440 1614 5499 vestibus
1629 5442 1658 5498 in
1676 5443 1758 5499 altari
1783 5452 1886 5521 atque

1070 5513 1216 5586 argenteis
1230 5512 1380 5569 thuribulis
1394 5512 1444 5571 uti.
1461 5532 1473 5561 1
