<?xml version="1.0" encoding="UTF-8"?>
<!DOCTYPE html PUBLIC "-//W3C//DTD XHTML 1.0 Transitional//EN"
    "http://www.w3.org/TR/xhtml1/DTD/xhtml1-transitional.dtd">
<html xmlns="http://www.w3.org/1999/xhtml" xml:lang="en" lang="en">
 <head>
  <title>
</title>
<meta http-equiv="Content-Type" content="text/html;charset=utf-8" />
  <meta name='ocr-system' content='tesseract 3.04.00' />
  <meta name='ocr-capabilities' content='ocr_page ocr_carea ocr_par ocr_line ocrx_word'/>
</head>
<body>
  <div class='ocr_page' id='page_1' title='image "./mediiaevibiblio00bottgoog_0679.png"; bbox 0 0 3980 6206; ppageno 0'>
   <div class='ocr_carea' id='block_1_1' title="bbox 230 245 291 305">
    <p class='ocr_par' dir='ltr' id='par_1_1' title="bbox 230 245 291 305">
     <span class='ocr_line' id='line_1_1' title="bbox 230 245 291 305; baseline 0 0"><span class='ocrx_word' id='word_1_1' title='bbox 230 245 291 305; x_wconf 74' lang='lat'>847</span> 
     </span>
    </p>
   </div>
   <div class='ocr_carea' id='block_1_2' title="bbox 229 402 1031 3221">
    <p class='ocr_par' dir='ltr' id='par_1_2' title="bbox 229 402 1031 3221">
     <span class='ocr_line' id='line_1_2' title="bbox 233 402 1027 484; baseline 0.005 -19"><span class='ocrx_word' id='word_1_2' title='bbox 233 419 304 466; x_wconf 90' lang='lat' dir='ltr'>rem</span> <span class='ocrx_word' id='word_1_3' title='bbox 317 405 350 467; x_wconf 91' lang='lat' dir='ltr'>et</span> <span class='ocrx_word' id='word_1_4' title='bbox 364 402 729 477; x_wconf 87' lang='lat' dir='ltr'>savillam‚videruntet</span> <span class='ocrx_word' id='word_1_5' title='bbox 738 403 927 478; x_wconf 91' lang='lat' dir='ltr'>doluerunt,</span> <span class='ocrx_word' id='word_1_6' title='bbox 941 405 1027 484; x_wconf 85' lang='lat' dir='ltr'>quod</span> 
     </span>
     <span class='ocr_line' id='line_1_3' title="bbox 232 502 1029 582; baseline 0.003 -18"><span class='ocrx_word' id='word_1_7' title='bbox 232 518 349 565; x_wconf 92' lang='lat' dir='ltr'>eornm</span> <span class='ocrx_word' id='word_1_8' title='bbox 377 503 582 580; x_wconf 81' lang='lat' dir='ltr'>arrogantia,</span> <span class='ocrx_word' id='word_1_9' title='bbox 607 502 793 580; x_wconf 75' lang='lat' dir='ltr'>indignatio</span> <span class='ocrx_word' id='word_1_10' title='bbox 812 506 846 567; x_wconf 91' lang='lat' dir='ltr'>et</span> <span class='ocrx_word' id='word_1_11' title='bbox 872 504 1029 582; x_wconf 90' lang='lat' dir='ltr'>snperbia</span> 
     </span>
     <span class='ocr_line' id='line_1_4' title="bbox 232 601 1030 679; baseline 0.001 -17"><span class='ocrx_word' id='word_1_12' title='bbox 232 603 284 663; x_wconf 92' lang='lat' dir='ltr'>est</span> <span class='ocrx_word' id='word_1_13' title='bbox 296 601 394 678; x_wconf 90' lang='lat' dir='ltr'>longe</span> <span class='ocrx_word' id='word_1_14' title='bbox 408 602 563 678; x_wconf 89' lang='lat' dir='ltr'>amplius,</span> <span class='ocrx_word' id='word_1_15' title='bbox 585 617 685 678; x_wconf 86' lang='lat' dir='ltr'>quarn</span> <span class='ocrx_word' id='word_1_16' title='bbox 704 602 852 679; x_wconf 89' lang='lat' dir='ltr'>ipsorum</span> <span class='ocrx_word' id='word_1_17' title='bbox 866 617 933 665; x_wconf 92' lang='lat' dir='ltr'>non</span> <span class='ocrx_word' id='word_1_18' title='bbox 950 618 1030 664; x_wconf 93' lang='lat' dir='ltr'>eru-</span> 
     </span>
     <span class='ocr_line' id='line_1_5' title="bbox 232 698 1030 778; baseline 0.001 -17"><span class='ocrx_word' id='word_1_19' title='bbox 232 698 438 762; x_wconf 90' lang='lat' dir='ltr'>bescentium</span> <span class='ocrx_word' id='word_1_20' title='bbox 461 698 631 762; x_wconf 84' lang='lat' dir='ltr'>fortitudo.</span> <span class='ocrx_word' id='word_1_21' title='bbox 646 702 750 761; x_wconf 90' lang='lat' dir='ltr'>Porro</span> <span class='ocrx_word' id='word_1_22' title='bbox 772 700 852 763; x_wconf 86' lang='lat' dir='ltr'>lieet</span> <span class='ocrx_word' id='word_1_23' title='bbox 871 701 907 762; x_wconf 93' lang='lat' dir='ltr'>in</span> <span class='ocrx_word' id='word_1_24' title='bbox 926 716 1030 778; x_wconf 84' lang='lat' dir='ltr'>gene·</span> 
     </span>
     <span class='ocr_line' id='line_1_6' title="bbox 231 798 1029 875; baseline 0.001 -16"><span class='ocrx_word' id='word_1_25' title='bbox 231 798 297 859; x_wconf 90' lang='lat' dir='ltr'>rali</span> <span class='ocrx_word' id='word_1_26' title='bbox 323 798 470 859; x_wconf 84' lang='lat' dir='ltr'>Concilio</span> <span class='ocrx_word' id='word_1_27' title='bbox 498 812 558 875; x_wconf 91' lang='lat' dir='ltr'>pro</span> <span class='ocrx_word' id='word_1_28' title='bbox 589 798 801 875; x_wconf 83' lang='lat' dir='ltr'>exsequendo</span> <span class='ocrx_word' id='word_1_29' title='bbox 825 798 1029 863; x_wconf 88' lang='lat' dir='ltr'>commodius</span> 
     </span>
     <span class='ocr_line' id='line_1_7' title="bbox 231 896 1030 973; baseline 0.001 -16"><span class='ocrx_word' id='word_1_30' title='bbox 231 898 344 957; x_wconf 85' lang='lat' dir='ltr'>Terrae</span> <span class='ocrx_word' id='word_1_31' title='bbox 359 897 489 958; x_wconf 87' lang='lat' dir='ltr'>Sanctae</span> <span class='ocrx_word' id='word_1_32' title='bbox 500 912 663 957; x_wconf 79' lang='lat' dir='ltr'><strong>succursu</strong></span> <span class='ocrx_word' id='word_1_33' title='bbox 675 896 813 973; x_wconf 91' lang='lat' dir='ltr'>provida</span> <span class='ocrx_word' id='word_1_34' title='bbox 832 897 933 960; x_wconf 86' lang='lat' dir='ltr'>luerit</span> <span class='ocrx_word' id='word_1_35' title='bbox 943 896 1030 960; x_wconf 91' lang='lat' dir='ltr'>deli-</span> 
     </span>
     <span class='ocr_line' id='line_1_8' title="bbox 230 992 1028 1074; baseline 0.001 -20"><span class='ocrx_word' id='word_1_36' title='bbox 230 992 402 1056; x_wconf 88' lang='lat' dir='ltr'>beratione</span> <span class='ocrx_word' id='word_1_37' title='bbox 417 994 586 1067; x_wconf 90' lang='lat' dir='ltr'>statutum,</span> <span class='ocrx_word' id='word_1_38' title='bbox 612 994 649 1055; x_wconf 94' lang='lat' dir='ltr'>ut</span> <span class='ocrx_word' id='word_1_39' title='bbox 670 995 838 1074; x_wconf 88' lang='lat' dir='ltr'>principes</span> <span class='ocrx_word' id='word_1_40' title='bbox 865 996 899 1058; x_wconf 92' lang='lat' dir='ltr'>et</span> <span class='ocrx_word' id='word_1_41' title='bbox 913 994 1028 1073; x_wconf 91' lang='lat' dir='ltr'>populi</span> 
     </span>
     <span class='ocr_line' id='line_1_9' title="bbox 231 1089 1029 1170; baseline 0.004 -17"><span class='ocrx_word' id='word_1_42' title='bbox 231 1089 408 1155; x_wconf 82' lang='lat' dir='ltr'>christiani</span> <span class='ocrx_word' id='word_1_43' title='bbox 429 1092 471 1153; x_wconf 89' lang='lat' dir='ltr'>ad</span> <span class='ocrx_word' id='word_1_44' title='bbox 499 1092 644 1153; x_wconf 88' lang='lat' dir='ltr'>invicem</span> <span class='ocrx_word' id='word_1_45' title='bbox 668 1092 801 1169; x_wconf 88' lang='lat' dir='ltr'>plenam</span> <span class='ocrx_word' id='word_1_46' title='bbox 829 1106 945 1170; x_wconf 90' lang='lat' dir='ltr'>pacem</span> <span class='ocrx_word' id='word_1_47' title='bbox 971 1095 1029 1156; x_wconf 91' lang='lat' dir='ltr'>aut</span> 
     </span>
     <span class='ocr_line' id='line_1_10' title="bbox 231 1188 1027 1270; baseline 0.004 -20"><span class='ocrx_word' id='word_1_48' title='bbox 231 1188 361 1251; x_wconf 84' lang='lat' dir='ltr'>firmam</span> <span class='ocrx_word' id='word_1_49' title='bbox 383 1193 534 1268; x_wconf 89' lang='lat' dir='ltr'>treugam</span> <span class='ocrx_word' id='word_1_50' title='bbox 559 1190 671 1253; x_wconf 91' lang='lat' dir='ltr'>saltim</span> <span class='ocrx_word' id='word_1_51' title='bbox 693 1206 754 1268; x_wconf 90' lang='lat' dir='ltr'>per</span> <span class='ocrx_word' id='word_1_52' title='bbox 771 1190 1027 1270; x_wconf 81' lang='lat' dir='ltr'>quadriennium</span> 
     </span>
     <span class='ocr_line' id='line_1_11' title="bbox 230 1275 1029 1368; baseline 0.004 -19"><span class='ocrx_word' id='word_1_53' title='bbox 230 1287 472 1350; x_wconf 88' lang='lat' dir='ltr'>inviolabiliter</span> <span class='ocrx_word' id='word_1_54' title='bbox 492 1275 711 1352; x_wconf 86' lang='lat' dir='ltr'>observarent</span> <span class='ocrx_word' id='word_1_55' title='bbox 727 1292 771 1362; x_wconf 88' lang='lat' dir='ltr'>et,</span> <span class='ocrx_word' id='word_1_56' title='bbox 796 1290 853 1368; x_wconf 86' lang='lat' dir='ltr'>qui</span> <span class='ocrx_word' id='word_1_57' title='bbox 874 1289 1029 1368; x_wconf 83' lang='lat' dir='ltr'>acquies-</span> 
     </span>
     <span class='ocr_line' id='line_1_12' title="bbox 230 1385 1029 1465; baseline 0.005 -19"><span class='ocrx_word' id='word_1_58' title='bbox 230 1401 307 1447; x_wconf 90' lang='lat' dir='ltr'>cere</span> <span class='ocrx_word' id='word_1_59' title='bbox 321 1385 406 1448; x_wconf 83' lang='lat' dir='ltr'>forte</span> <span class='ocrx_word' id='word_1_60' title='bbox 421 1388 681 1459; x_wconf 69' lang='lat' dir='ltr'>contemnerent,</span> <span class='ocrx_word' id='word_1_61' title='bbox 694 1403 753 1465; x_wconf 89' lang='lat' dir='ltr'>per</span> <span class='ocrx_word' id='word_1_62' title='bbox 764 1388 1029 1451; x_wconf 82' lang='lat' dir='ltr'>excommunica·</span> 
     </span>
     <span class='ocr_line' id='line_1_13' title="bbox 229 1485 1027 1562; baseline 0.003 -16"><span class='ocrx_word' id='word_1_63' title='bbox 229 1485 354 1546; x_wconf 87' lang='lat' dir='ltr'>tionem</span> <span class='ocrx_word' id='word_1_64' title='bbox 370 1485 405 1545; x_wconf 93' lang='lat' dir='ltr'>in</span> <span class='ocrx_word' id='word_1_65' title='bbox 419 1500 580 1562; x_wconf 90' lang='lat' dir='ltr'>personas</span> <span class='ocrx_word' id='word_1_66' title='bbox 596 1487 630 1548; x_wconf 90' lang='lat' dir='ltr'>et</span> <span class='ocrx_word' id='word_1_67' title='bbox 644 1485 854 1548; x_wconf 87' lang='lat' dir='ltr'>interdictum</span> <span class='ocrx_word' id='word_1_68' title='bbox 869 1486 906 1546; x_wconf 92' lang='lat' dir='ltr'>in</span> <span class='ocrx_word' id='word_1_69' title='bbox 919 1486 1027 1548; x_wconf 80' lang='lat' dir='ltr'>terras</span> 
     </span>
     <span class='ocr_line' id='line_1_14' title="bbox 230 1582 1028 1660; baseline 0.004 -17"><span class='ocrx_word' id='word_1_70' title='bbox 230 1582 420 1644; x_wconf 89' lang='lat' dir='ltr'>arctissime</span> <span class='ocrx_word' id='word_1_71' title='bbox 441 1585 655 1660; x_wconf 79' lang='lat' dir='ltr'>cogerentur,</span> <span class='ocrx_word' id='word_1_72' title='bbox 686 1583 953 1646; x_wconf 77' lang='lat' dir='ltr'>Mediolanenses</span> <span class='ocrx_word' id='word_1_73' title='bbox 976 1585 1028 1646; x_wconf 89' lang='lat' dir='ltr'>ta-</span> 
     </span>
     <span class='ocr_line' id='line_1_15' title="bbox 229 1681 1031 1759; baseline 0.002 -18"><span class='ocrx_word' id='word_1_74' title='bbox 229 1696 306 1742; x_wconf 87' lang='lat' dir='ltr'>men</span> <span class='ocrx_word' id='word_1_75' title='bbox 324 1681 477 1758; x_wconf 82' lang='lat' dir='ltr'>praedicti</span> <span class='ocrx_word' id='word_1_76' title='bbox 491 1697 661 1759; x_wconf 86' lang='lat' dir='ltr'>nunqnam</span> <span class='ocrx_word' id='word_1_77' title='bbox 681 1683 897 1744; x_wconf 88' lang='lat' dir='ltr'>cessaverunt</span> <span class='ocrx_word' id='word_1_78' title='bbox 912 1696 1031 1759; x_wconf 84' lang='lat' dir='ltr'>perse-</span> 
     </span>
     <span class='ocr_line' id='line_1_16' title="bbox 230 1778 1026 1857; baseline 0.004 -19"><span class='ocrx_word' id='word_1_79' title='bbox 230 1778 287 1856; x_wconf 85' lang='lat' dir='ltr'>qui</span> <span class='ocrx_word' id='word_1_80' title='bbox 302 1778 511 1841; x_wconf 81' lang='lat' dir='ltr'>Christianos</span> <span class='ocrx_word' id='word_1_81' title='bbox 524 1779 577 1841; x_wconf 90' lang='lat' dir='ltr'>vel</span> <span class='ocrx_word' id='word_1_82' title='bbox 594 1778 706 1840; x_wconf 89' lang='lat' dir='ltr'>verius</span> <span class='ocrx_word' id='word_1_83' title='bbox 727 1779 837 1857; x_wconf 90' lang='lat' dir='ltr'>ipsum</span> <span class='ocrx_word' id='word_1_84' title='bbox 859 1780 1026 1842; x_wconf 85' lang='lat' dir='ltr'>Christum</span> 
     </span>
     <span class='ocr_line' id='line_1_17' title="bbox 230 1875 1026 1955; baseline 0.003 -18"><span class='ocrx_word' id='word_1_85' title='bbox 230 1878 278 1949; x_wconf 90' lang='lat' dir='ltr'>et,</span> <span class='ocrx_word' id='word_1_86' title='bbox 309 1893 384 1938; x_wconf 93' lang='lat' dir='ltr'>oum</span> <span class='ocrx_word' id='word_1_87' title='bbox 409 1893 498 1938; x_wconf 92' lang='lat' dir='ltr'>nunc</span> <span class='ocrx_word' id='word_1_88' title='bbox 533 1877 570 1938; x_wconf 92' lang='lat' dir='ltr'>in</span> <span class='ocrx_word' id='word_1_89' title='bbox 600 1875 813 1954; x_wconf 83' lang='lat' dir='ltr'>expeditione</span> <span class='ocrx_word' id='word_1_90' title='bbox 845 1877 952 1955; x_wconf 90' lang='lat' dir='ltr'>ipsius</span> <span class='ocrx_word' id='word_1_91' title='bbox 984 1876 1026 1939; x_wconf 93' lang='lat' dir='ltr'>ab</span> 
     </span>
     <span class='ocr_line' id='line_1_18' title="bbox 230 1964 1026 2053; baseline -0.001 -14"><span class='ocrx_word' id='word_1_92' title='bbox 230 1975 360 2039; x_wconf 92' lang='lat' dir='ltr'>oriente</span> <span class='ocrx_word' id='word_1_93' title='bbox 373 1964 532 2053; x_wconf 88' lang='lat' dir='ltr'>usquead</span> <span class='ocrx_word' id='word_1_94' title='bbox 552 1974 758 2037; x_wconf 90' lang='lat' dir='ltr'>occidentem</span> <span class='ocrx_word' id='word_1_95' title='bbox 773 1976 864 2038; x_wconf 88' lang='lat' dir='ltr'>totus</span> <span class='ocrx_word' id='word_1_96' title='bbox 878 1974 948 2037; x_wconf 89' lang='lat' dir='ltr'>lere</span> <span class='ocrx_word' id='word_1_97' title='bbox 964 1992 1026 2038; x_wconf 91' lang='lat' dir='ltr'>ur-</span> 
     </span>
     <span class='ocr_line' id='line_1_19' title="bbox 230 2072 1027 2152; baseline 0 -15"><span class='ocrx_word' id='word_1_98' title='bbox 230 2074 350 2152; x_wconf 87' lang='lat' dir='ltr'>geatur</span> <span class='ocrx_word' id='word_1_99' title='bbox 374 2073 515 2151; x_wconf 91' lang='lat' dir='ltr'>populus</span> <span class='ocrx_word' id='word_1_100' title='bbox 540 2072 763 2147; x_wconf 90' lang='lat' dir='ltr'>christianus,</span> <span class='ocrx_word' id='word_1_101' title='bbox 787 2073 889 2136; x_wconf 91' lang='lat' dir='ltr'>iidem</span> <span class='ocrx_word' id='word_1_102' title='bbox 916 2076 1027 2137; x_wconf 81' lang='lat' dir='ltr'>erecta</span> 
     </span>
     <span class='ocr_line' id='line_1_20' title="bbox 230 2171 1028 2250; baseline -0.001 -16"><span class='ocrx_word' id='word_1_103' title='bbox 230 2172 361 2234; x_wconf 84' lang='lat' dir='ltr'>cerviae</span> <span class='ocrx_word' id='word_1_104' title='bbox 373 2174 488 2233; x_wconf 90' lang='lat' dir='ltr'>contra</span> <span class='ocrx_word' id='word_1_105' title='bbox 509 2171 684 2233; x_wconf 83' lang='lat' dir='ltr'>Dominum</span> <span class='ocrx_word' id='word_1_106' title='bbox 702 2171 904 2246; x_wconf 81' lang='lat' dir='ltr'>incedentes,</span> <span class='ocrx_word' id='word_1_107' title='bbox 921 2187 1028 2250; x_wconf 86' lang='lat' dir='ltr'>nuper</span> 
     </span>
     <span class='ocr_line' id='line_1_21' title="bbox 229 2268 1028 2334; baseline 0 -2"><span class='ocrx_word' id='word_1_108' title='bbox 229 2272 330 2334; x_wconf 89' lang='lat' dir='ltr'>etiarn</span> <span class='ocrx_word' id='word_1_109' title='bbox 345 2270 461 2332; x_wconf 88' lang='lat' dir='ltr'>contra</span> <span class='ocrx_word' id='word_1_110' title='bbox 476 2269 613 2332; x_wconf 87' lang='lat' dir='ltr'>dilectos</span> <span class='ocrx_word' id='word_1_111' title='bbox 626 2268 713 2331; x_wconf 88' lang='lat' dir='ltr'>lilios</span> <span class='ocrx_word' id='word_1_112' title='bbox 735 2272 975 2333; x_wconf 85' lang='lat' dir='ltr'>Cremonenses</span> <span class='ocrx_word' id='word_1_113' title='bbox 994 2272 1028 2332; x_wconf 90' lang='lat' dir='ltr'>et</span> 
     </span>
     <span class='ocr_line' id='line_1_22' title="bbox 230 2367 1028 2445; baseline -0.003 -15"><span class='ocrx_word' id='word_1_114' title='bbox 230 2371 430 2430; x_wconf 90' lang='lat' dir='ltr'>Parmenses</span> <span class='ocrx_word' id='word_1_115' title='bbox 466 2367 609 2445; x_wconf 90' lang='lat' dir='ltr'>superbo</span> <span class='ocrx_word' id='word_1_116' title='bbox 642 2367 739 2429; x_wconf 88' lang='lat' dir='ltr'>oculo</span> <span class='ocrx_word' id='word_1_117' title='bbox 776 2370 809 2430; x_wconf 90' lang='lat' dir='ltr'>et</span> <span class='ocrx_word' id='word_1_118' title='bbox 843 2367 1028 2430; x_wconf 79' lang='lat' dir='ltr'>insatiabili</span> 
     </span>
     <span class='ocr_line' id='line_1_23' title="bbox 230 2465 1029 2543; baseline -0.003 -14"><span class='ocrx_word' id='word_1_119' title='bbox 230 2466 330 2529; x_wconf 89' lang='lat' dir='ltr'>corde</span> <span class='ocrx_word' id='word_1_120' title='bbox 344 2466 528 2528; x_wconf 83' lang='lat' dir='ltr'>exercitum</span> <span class='ocrx_word' id='word_1_121' title='bbox 545 2481 736 2543; x_wconf 87' lang='lat' dir='ltr'>praeparare</span> <span class='ocrx_word' id='word_1_122' title='bbox 755 2465 916 2528; x_wconf 89' lang='lat' dir='ltr'>nituntur.</span> <span class='ocrx_word' id='word_1_123' title='bbox 933 2465 1029 2528; x_wconf 88' lang='lat' dir='ltr'>Unde</span> 
     </span>
     <span class='ocr_line' id='line_1_24' title="bbox 231 2562 1027 2643; baseline 0 -18"><span class='ocrx_word' id='word_1_124' title='bbox 231 2564 309 2643; x_wconf 87' lang='lat' dir='ltr'>quia</span> <span class='ocrx_word' id='word_1_125' title='bbox 323 2563 408 2625; x_wconf 90' lang='lat' dir='ltr'>nibil</span> <span class='ocrx_word' id='word_1_126' title='bbox 428 2563 519 2628; x_wconf 87' lang='lat' dir='ltr'>aliud</span> <span class='ocrx_word' id='word_1_127' title='bbox 537 2563 666 2626; x_wconf 89' lang='lat' dir='ltr'>restare</span> <span class='ocrx_word' id='word_1_128' title='bbox 687 2562 830 2635; x_wconf 89' lang='lat' dir='ltr'>videtur,</span> <span class='ocrx_word' id='word_1_129' title='bbox 847 2562 913 2624; x_wconf 87' lang='lat' dir='ltr'>nisi</span> <span class='ocrx_word' id='word_1_130' title='bbox 936 2564 973 2625; x_wconf 89' lang='lat' dir='ltr'>ut</span> <span class='ocrx_word' id='word_1_131' title='bbox 991 2563 1027 2625; x_wconf 92' lang='lat' dir='ltr'>in</span> 
     </span>
     <span class='ocr_line' id='line_1_25' title="bbox 231 2660 1031 2740; baseline -0.003 -17"><span class='ocrx_word' id='word_1_132' title='bbox 231 2661 437 2723; x_wconf 82' lang='lat' dir='ltr'>confusionis</span> <span class='ocrx_word' id='word_1_133' title='bbox 460 2660 680 2740; x_wconf 87' lang='lat' dir='ltr'>praecipitium</span> <span class='ocrx_word' id='word_1_134' title='bbox 701 2661 859 2723; x_wconf 89' lang='lat' dir='ltr'>corruant</span> <span class='ocrx_word' id='word_1_135' title='bbox 882 2661 1031 2736; x_wconf 80' lang='lat' dir='ltr'>ignomi-</span> 
     </span>
     <span class='ocr_line' id='line_1_26' title="bbox 230 2758 1029 2837; baseline 0 -16"><span class='ocrx_word' id='word_1_136' title='bbox 230 2761 322 2822; x_wconf 91' lang='lat' dir='ltr'>niam</span> <span class='ocrx_word' id='word_1_137' title='bbox 337 2759 542 2831; x_wconf 86' lang='lat' dir='ltr'>adducentis,</span> <span class='ocrx_word' id='word_1_138' title='bbox 553 2775 628 2821; x_wconf 88' lang='lat' dir='ltr'>cum</span> <span class='ocrx_word' id='word_1_139' title='bbox 642 2759 766 2837; x_wconf 84' lang='lat' dir='ltr'>praeter</span> <span class='ocrx_word' id='word_1_140' title='bbox 775 2758 924 2823; x_wconf 90' lang='lat' dir='ltr'>divinum</span> <span class='ocrx_word' id='word_1_141' title='bbox 934 2759 1029 2823; x_wconf 89' lang='lat' dir='ltr'>timo-</span> 
     </span>
     <span class='ocr_line' id='line_1_27' title="bbox 231 2857 1025 2935; baseline -0.001 -16"><span class='ocrx_word' id='word_1_142' title='bbox 231 2874 323 2931; x_wconf 86' lang='lat' dir='ltr'>rem,</span> <span class='ocrx_word' id='word_1_143' title='bbox 349 2874 446 2935; x_wconf 89' lang='lat' dir='ltr'>quem</span> <span class='ocrx_word' id='word_1_144' title='bbox 474 2872 612 2935; x_wconf 88' lang='lat' dir='ltr'>prorsus</span> <span class='ocrx_word' id='word_1_145' title='bbox 641 2857 804 2935; x_wconf 87' lang='lat' dir='ltr'>abjecisse</span> <span class='ocrx_word' id='word_1_146' title='bbox 832 2858 1025 2928; x_wconf 89' lang='lat' dir='ltr'>noscuntur,</span> 
     </span>
     <span class='ocr_line' id='line_1_28' title="bbox 232 2954 1028 3035; baseline -0.001 -18"><span class='ocrx_word' id='word_1_147' title='bbox 232 2955 326 3035; x_wconf 86' lang='lat' dir='ltr'>quasi</span> <span class='ocrx_word' id='word_1_148' title='bbox 339 2955 487 3033; x_wconf 88' lang='lat' dir='ltr'>absorpti</span> <span class='ocrx_word' id='word_1_149' title='bbox 500 2971 560 3033; x_wconf 93' lang='lat' dir='ltr'>per</span> <span class='ocrx_word' id='word_1_150' title='bbox 572 2954 816 3032; x_wconf 85' lang='lat' dir='ltr'>desperationis</span> <span class='ocrx_word' id='word_1_151' title='bbox 833 2954 1028 3031; x_wconf 88' lang='lat' dir='ltr'>voraginem</span> 
     </span>
     <span class='ocr_line' id='line_1_29' title="bbox 230 3051 1029 3132; baseline -0.003 -18"><span class='ocrx_word' id='word_1_152' title='bbox 230 3069 442 3132; x_wconf 82' lang='lat' dir='ltr'>nequaquam</span> <span class='ocrx_word' id='word_1_153' title='bbox 470 3051 715 3114; x_wconf 82' lang='lat' dir='ltr'>contundantur</span> <span class='ocrx_word' id='word_1_154' title='bbox 747 3052 801 3113; x_wconf 90' lang='lat' dir='ltr'>vel</span> <span class='ocrx_word' id='word_1_155' title='bbox 830 3051 1029 3113; x_wconf 87' lang='lat' dir='ltr'>erubescant</span> 
     </span>
     <span class='ocr_line' id='line_1_30' title="bbox 233 3147 1028 3221; baseline -0.004 -10"><span class='ocrx_word' id='word_1_156' title='bbox 233 3149 396 3221; x_wconf 90' lang='lat' dir='ltr'>adversis,</span> <span class='ocrx_word' id='word_1_157' title='bbox 423 3165 542 3211; x_wconf 92' lang='lat' dir='ltr'>manus</span> <span class='ocrx_word' id='word_1_158' title='bbox 564 3152 697 3210; x_wconf 88' lang='lat' dir='ltr'>nostras</span> <span class='ocrx_word' id='word_1_159' title='bbox 723 3148 759 3209; x_wconf 91' lang='lat' dir='ltr'>in</span> <span class='ocrx_word' id='word_1_160' title='bbox 784 3163 842 3209; x_wconf 90' lang='lat' dir='ltr'>eos</span> <span class='ocrx_word' id='word_1_161' title='bbox 871 3147 1028 3209; x_wconf 83' lang='lat' dir='ltr'>duximus</span> 
     </span>
    </p>
   </div>
   <div class='ocr_carea' id='block_1_3' title="bbox 850 245 1262 312">
    <p class='ocr_par' dir='ltr' id='par_1_3' title="bbox 850 245 1262 312">
     <span class='ocr_line' id='line_1_31' title="bbox 850 245 1262 312; baseline 0.005 -5"><span class='ocrx_word' id='word_1_162' title='bbox 850 245 1026 309; x_wconf 87' lang='lat' dir='ltr'><strong>HONORII</strong></span> <span class='ocrx_word' id='word_1_163' title='bbox 1046 247 1092 308; x_wconf 87' lang='lat'>111</span> <span class='ocrx_word' id='word_1_164' title='bbox 1113 249 1262 312; x_wconf 79' lang='lat' dir='ltr'><strong>OPERA.</strong></span> 
     </span>
    </p>
   </div>
   <div class='ocr_carea' id='block_1_4' title="bbox 1816 252 1862 314">
    <p class='ocr_par' dir='ltr' id='par_1_4' title="bbox 1816 252 1862 314">
     <span class='ocr_line' id='line_1_32' title="bbox 1816 252 1862 314; baseline 0 0"><span class='ocrx_word' id='word_1_165' title='bbox 1816 252 1862 314; x_wconf 79' lang='lat' dir='ltr'>en</span> 
     </span>
    </p>
   </div>
   <div class='ocr_carea' id='block_1_5' title="bbox 1084 406 1864 569">
    <p class='ocr_par' dir='ltr' id='par_1_5' title="bbox 1084 406 1864 569">
     <span class='ocr_line' id='line_1_33' title="bbox 1122 406 1864 489; baseline 0.011 -19"><span class='ocrx_word' id='word_1_166' title='bbox 1122 408 1242 470; x_wconf 84' lang='lat' dir='ltr'>Datum</span> <span class='ocrx_word' id='word_1_167' title='bbox 1260 406 1429 481; x_wconf 81' lang='lat' dir='ltr'>Laterani,</span> <span class='ocrx_word' id='word_1_168' title='bbox 1446 411 1477 471; x_wconf 92' lang='lat' dir='ltr'>Il</span> <span class='ocrx_word' id='word_1_169' title='bbox 1490 408 1566 470; x_wconf 87' lang='lat' dir='ltr'>idus</span> <span class='ocrx_word' id='word_1_170' title='bbox 1585 409 1679 487; x_wconf 79' lang='lat' dir='ltr'>julii,</span> <span class='ocrx_word' id='word_1_171' title='bbox 1705 412 1864 489; x_wconf 72' lang='lat' dir='ltr'>pontifica-</span> 
     </span>
     <span class='ocr_line' id='line_1_34' title="bbox 1084 504 1530 569; baseline 0 -2"><span class='ocrx_word' id='word_1_172' title='bbox 1084 505 1136 567; x_wconf 90' lang='lat' dir='ltr'>tus</span> <span class='ocrx_word' id='word_1_173' title='bbox 1151 504 1256 569; x_wconf 89' lang='lat' dir='ltr'>nostri</span> <span class='ocrx_word' id='word_1_174' title='bbox 1271 520 1361 568; x_wconf 90' lang='lat' dir='ltr'>anno</span> <span class='ocrx_word' id='word_1_175' title='bbox 1373 506 1530 569; x_wconf 85' lang='lat' dir='ltr'>secundo.</span> 
     </span>
    </p>
   </div>
   <div class='ocr_carea' id='block_1_6' title="bbox 1082 641 1866 1009">
    <p class='ocr_par' dir='ltr' id='par_1_6' title="bbox 1082 641 1866 1009">
     <span class='ocr_line' id='line_1_35' title="bbox 1123 641 1865 721; baseline 0.013 -22"><span class='ocrx_word' id='word_1_176' title='bbox 1123 642 1165 700; x_wconf 86' lang='lat' dir='ltr'>In</span> <span class='ocrx_word' id='word_1_177' title='bbox 1185 642 1342 701; x_wconf 68' lang='lat' dir='ltr'>mammem</span> <span class='ocrx_word' id='word_1_178' title='bbox 1360 643 1500 701; x_wconf 79' lang='lat' dir='ltr'>modum</span> <span class='ocrx_word' id='word_1_179' title='bbox 1518 641 1680 721; x_wconf 84' lang='lat' dir='ltr'>scriptum</span> <span class='ocrx_word' id='word_1_180' title='bbox 1704 645 1759 705; x_wconf 90' lang='lat' dir='ltr'>est</span> <span class='ocrx_word' id='word_1_181' title='bbox 1780 644 1865 709; x_wconf 88' lang='lat' dir='ltr'>electo</span> 
     </span>
     <span class='ocr_line' id='line_1_36' title="bbox 1083 734 1866 809; baseline 0.014 -12"><span class='ocrx_word' id='word_1_182' title='bbox 1083 734 1336 808; x_wconf 83' lang='lat' dir='ltr'>Mediolanensi,</span> <span class='ocrx_word' id='word_1_183' title='bbox 1352 738 1386 798; x_wconf 90' lang='lat' dir='ltr'>et</span> <span class='ocrx_word' id='word_1_184' title='bbox 1398 737 1612 809; x_wconf 89' lang='lat' dir='ltr'>Bononiensi,</span> <span class='ocrx_word' id='word_1_185' title='bbox 1628 740 1866 808; x_wconf 85' lang='lat' dir='ltr'>Ferrariensiet</span> 
     </span>
     <span class='ocr_line' id='line_1_37' title="bbox 1082 833 1866 912; baseline 0.01 -17"><span class='ocrx_word' id='word_1_186' title='bbox 1082 834 1267 895; x_wconf 87' lang='lat' dir='ltr'>Veronensi</span> <span class='ocrx_word' id='word_1_187' title='bbox 1297 833 1482 912; x_wconf 84' lang='lat' dir='ltr'>episcopis,</span> <span class='ocrx_word' id='word_1_188' title='bbox 1514 836 1661 898; x_wconf 75' lang='lat' dir='ltr'>mutatis</span> <span class='ocrx_word' id='word_1_189' title='bbox 1693 840 1866 903; x_wconf 80' lang='lat' dir='ltr'>mutandis.</span> 
     </span>
     <span class='ocr_line' id='line_1_38' title="bbox 1083 930 1808 1009; baseline 0.007 -16"><span class='ocrx_word' id='word_1_190' title='bbox 1083 933 1201 993; x_wconf 87' lang='lat' dir='ltr'>Datum</span> <span class='ocrx_word' id='word_1_191' title='bbox 1213 933 1274 994; x_wconf 82' lang='lat' dir='ltr'>XII</span> <span class='ocrx_word' id='word_1_192' title='bbox 1295 930 1363 994; x_wconf 84' lang='lat' dir='ltr'>kal.</span> <span class='ocrx_word' id='word_1_193' title='bbox 1378 933 1523 1009; x_wconf 86' lang='lat' dir='ltr'>augusti,</span> <span class='ocrx_word' id='word_1_194' title='bbox 1539 948 1629 995; x_wconf 92' lang='lat' dir='ltr'>anno</span> <span class='ocrx_word' id='word_1_195' title='bbox 1644 936 1808 999; x_wconf 64' lang='lat' dir='ltr'>meando</span> 
     </span>
    </p>
   </div>
   <div class='ocr_carea' id='block_1_7' title="bbox 1225 1163 1744 1390">
    <p class='ocr_par' dir='ltr' id='par_1_7' title="bbox 1225 1163 1744 1390">
     <span class='ocr_line' id='line_1_39' title="bbox 1362 1163 1601 1252; baseline 0.004 -1"><span class='ocrx_word' id='word_1_196' title='bbox 1362 1163 1601 1252; x_wconf 75' lang='lat' dir='ltr'>CCCXXXII</span> 
     </span>
     <span class='ocr_line' id='line_1_40' title="bbox 1225 1315 1744 1390; baseline 0.01 -14"><span class='ocrx_word' id='word_1_197' title='bbox 1225 1316 1278 1376; x_wconf 72' lang='lat' dir='ltr'>aa</span> <span class='ocrx_word' id='word_1_198' title='bbox 1291 1315 1518 1390; x_wconf 64' lang='lat' dir='ltr'>propostam</span> <span class='ocrx_word' id='word_1_199' title='bbox 1538 1317 1744 1381; x_wconf 65' lang='lat' dir='ltr'>sesemen.</span> 
     </span>
    </p>
   </div>
   <div class='ocr_carea' id='block_1_8' title="bbox 1113 1448 1848 1633">
    <p class='ocr_par' dir='ltr' id='par_1_8' title="bbox 1113 1448 1848 1633">
     <span class='ocr_line' id='line_1_41' title="bbox 1382 1448 1575 1510; baseline 0.021 -4"><span class='ocrx_word' id='word_1_200' title='bbox 1382 1448 1417 1507; x_wconf 82' lang='lat' dir='ltr'>lt</span> <span class='ocrx_word' id='word_1_201' title='bbox 1432 1449 1479 1508; x_wconf 70' lang='lat' dir='ltr'>nl.</span> <span class='ocrx_word' id='word_1_202' title='bbox 1495 1452 1575 1510; x_wconf 78' lang='lat' dir='ltr'>itte.</span> 
     </span>
     <span class='ocr_line' id='line_1_42' title="bbox 1113 1465 1848 1633; baseline 0.014 -25"><span class='ocrx_word' id='word_1_203' title='bbox 1113 1465 1848 1633; x_wconf 53' lang='lat' dir='ltr'>[negatas.rrapmssenanramnna]</span> 
     </span>
    </p>
   </div>
   <div class='ocr_carea' id='block_1_9' title="bbox 1128 1675 1837 1756">
    <p class='ocr_par' dir='ltr' id='par_1_9' title="bbox 1128 1675 1837 1756">
     <span class='ocr_line' id='line_1_43' title="bbox 1128 1675 1837 1756; baseline 0.011 -22"><span class='ocrx_word' id='word_1_204' title='bbox 1128 1676 1164 1734; x_wconf 86' lang='lat' dir='ltr'>Ut</span> <span class='ocrx_word' id='word_1_205' title='bbox 1177 1676 1207 1732; x_wconf 90' lang='lat' dir='ltr'>in</span> <span class='ocrx_word' id='word_1_206' title='bbox 1217 1675 1279 1749; x_wconf 84' lang='lat' dir='ltr'>ipss</span> <span class='ocrx_word' id='word_1_207' title='bbox 1289 1678 1410 1736; x_wconf 85' lang='lat' dir='ltr'>eeclesia</span> <span class='ocrx_word' id='word_1_208' title='bbox 1424 1680 1508 1738; x_wconf 88' lang='lat' dir='ltr'>aliam</span> <span class='ocrx_word' id='word_1_209' title='bbox 1519 1680 1693 1756; x_wconf 85' lang='lat' dir='ltr'>dignitatem</span> <span class='ocrx_word' id='word_1_210' title='bbox 1706 1685 1837 1756; x_wconf 80' lang='lat' dir='ltr'>recipiat</span> 
     </span>
    </p>
   </div>
   <div class='ocr_carea' id='block_1_10' title="bbox 1077 1803 1965 3243">
    <p class='ocr_par' dir='ltr' id='par_1_10' title="bbox 1082 1803 1872 1965">
     <span class='ocr_line' id='line_1_44' title="bbox 1121 1803 1872 1887; baseline 0.011 -24"><span class='ocrx_word' id='word_1_211' title='bbox 1121 1803 1300 1876; x_wconf 86' lang='lat' dir='ltr'>Honorius,</span> <span class='ocrx_word' id='word_1_212' title='bbox 1324 1807 1400 1879; x_wconf 74' lang='lat' dir='ltr'>etc„</span> <span class='ocrx_word' id='word_1_213' title='bbox 1426 1805 1548 1869; x_wconf 89' lang='lat' dir='ltr'>dilecto</span> <span class='ocrx_word' id='word_1_214' title='bbox 1569 1807 1676 1871; x_wconf 87' lang='lat' dir='ltr'>lilio...</span> <span class='ocrx_word' id='word_1_215' title='bbox 1702 1811 1872 1887; x_wconf 73' lang='lat' dir='ltr'>praeposite</span> 
     </span>
     <span class='ocr_line' id='line_1_45' title="bbox 1082 1900 1272 1965; baseline 0.026 -5"><span class='ocrx_word' id='word_1_216' title='bbox 1082 1900 1272 1965; x_wconf 80' lang='lat' dir='ltr'>Sistericen.</span> 
     </span>
    </p>

    <p class='ocr_par' dir='ltr' id='par_1_11' title="bbox 1077 1998 1965 3243">
     <span class='ocr_line' id='line_1_46' title="bbox 1120 1998 1872 2079; baseline 0.009 -21"><span class='ocrx_word' id='word_1_217' title='bbox 1120 1998 1345 2062; x_wconf 79' lang='lat' dir='ltr'>consideratis</span> <span class='ocrx_word' id='word_1_218' title='bbox 1360 2000 1578 2079; x_wconf 86' lang='lat' dir='ltr'>qualitatibus</span> <span class='ocrx_word' id='word_1_219' title='bbox 1591 2002 1807 2079; x_wconf 88' lang='lat' dir='ltr'>singulorum</span> <span class='ocrx_word' id='word_1_220' title='bbox 1819 2005 1872 2065; x_wconf 88' lang='lat' dir='ltr'>Se-</span> 
     </span>
     <span class='ocr_line' id='line_1_47' title="bbox 1081 2095 1875 2179; baseline 0.006 -23"><span class='ocrx_word' id='word_1_221' title='bbox 1081 2095 1139 2156; x_wconf 93' lang='lat' dir='ltr'>des</span> <span class='ocrx_word' id='word_1_222' title='bbox 1170 2098 1359 2174; x_wconf 79' lang='lat' dir='ltr'>apostolica</span> <span class='ocrx_word' id='word_1_223' title='bbox 1392 2098 1489 2161; x_wconf 88' lang='lat' dir='ltr'>debet</span> <span class='ocrx_word' id='word_1_224' title='bbox 1525 2099 1594 2161; x_wconf 90' lang='lat' dir='ltr'>illis</span> <span class='ocrx_word' id='word_1_225' title='bbox 1629 2102 1875 2179; x_wconf 84' lang='lat' dir='ltr'>propensiorem</span> 
     </span>
     <span class='ocr_line' id='line_1_48' title="bbox 1080 2194 1877 2275; baseline 0.005 -21"><span class='ocrx_word' id='word_1_226' title='bbox 1080 2194 1225 2270; x_wconf 87' lang='lat' dir='ltr'>gratiam</span> <span class='ocrx_word' id='word_1_227' title='bbox 1234 2194 1404 2269; x_wconf 78' lang='lat' dir='ltr'>exhibere,</span> <span class='ocrx_word' id='word_1_228' title='bbox 1417 2197 1474 2275; x_wconf 86' lang='lat' dir='ltr'>qui</span> <span class='ocrx_word' id='word_1_229' title='bbox 1484 2198 1669 2275; x_wconf 85' lang='lat' dir='ltr'>majoribus</span> <span class='ocrx_word' id='word_1_230' title='bbox 1680 2199 1815 2261; x_wconf 88' lang='lat' dir='ltr'>meritis</span> <span class='ocrx_word' id='word_1_231' title='bbox 1824 2198 1877 2260; x_wconf 85' lang='lat' dir='ltr'>ad-</span> 
     </span>
     <span class='ocr_line' id='line_1_49' title="bbox 1077 2293 1874 2371; baseline 0.006 -19"><span class='ocrx_word' id='word_1_232' title='bbox 1077 2293 1249 2368; x_wconf 86' lang='lat' dir='ltr'>juvantur.</span> <span class='ocrx_word' id='word_1_233' title='bbox 1267 2295 1460 2371; x_wconf 85' lang='lat' dir='ltr'>Eapropter,</span> <span class='ocrx_word' id='word_1_234' title='bbox 1480 2294 1601 2356; x_wconf 87' lang='lat' dir='ltr'>dilecte</span> <span class='ocrx_word' id='word_1_235' title='bbox 1610 2295 1646 2356; x_wconf 92' lang='lat' dir='ltr'>in</span> <span class='ocrx_word' id='word_1_236' title='bbox 1659 2295 1807 2358; x_wconf 88' lang='lat' dir='ltr'>Domino</span> <span class='ocrx_word' id='word_1_237' title='bbox 1821 2296 1874 2368; x_wconf 89' lang='lat' dir='ltr'>lili,</span> 
     </span>
     <span class='ocr_line' id='line_1_50' title="bbox 1082 2387 1964 2469; baseline 0.009 -20"><span class='ocrx_word' id='word_1_238' title='bbox 1082 2387 1123 2449; x_wconf 93' lang='lat' dir='ltr'>de</span> <span class='ocrx_word' id='word_1_239' title='bbox 1143 2392 1239 2467; x_wconf 79' lang='lat' dir='ltr'>quus</span> <span class='ocrx_word' id='word_1_240' title='bbox 1264 2390 1428 2467; x_wconf 82' lang='lat' dir='ltr'>probitate</span> <span class='ocrx_word' id='word_1_241' title='bbox 1464 2392 1652 2469; x_wconf 87' lang='lat' dir='ltr'>recepimus</span> <span class='ocrx_word' id='word_1_242' title='bbox 1689 2394 1875 2457; x_wconf 75' lang='lat' dir='ltr'>testimmia</span> <span class='ocrx_word' id='word_1_243' title='bbox 1963 2420 1964 2447; x_wconf 65' lang='lat' dir='ltr'>l</span> 
     </span>
     <span class='ocr_line' id='line_1_51' title="bbox 1082 2486 1965 2569; baseline 0.011 -24"><span class='ocrx_word' id='word_1_244' title='bbox 1082 2486 1312 2563; x_wconf 91' lang='lat' dir='ltr'>plurimorum,</span> <span class='ocrx_word' id='word_1_245' title='bbox 1337 2488 1405 2550; x_wconf 93' lang='lat' dir='ltr'>tuis</span> <span class='ocrx_word' id='word_1_246' title='bbox 1428 2490 1581 2566; x_wconf 88' lang='lat' dir='ltr'>precibus</span> <span class='ocrx_word' id='word_1_247' title='bbox 1605 2490 1773 2563; x_wconf 89' lang='lat' dir='ltr'>inclinati,</span> <span class='ocrx_word' id='word_1_248' title='bbox 1796 2508 1879 2569; x_wconf 80' lang='lat' dir='ltr'>pra·</span> <span class='ocrx_word' id='word_1_249' title='bbox 1964 2490 1965 2505; x_wconf 62' lang='lat'>¹</span> 
     </span>
     <span class='ocr_line' id='line_1_52' title="bbox 1082 2583 1877 2660; baseline 0.009 -16"><span class='ocrx_word' id='word_1_250' title='bbox 1082 2583 1226 2649; x_wconf 88' lang='lat' dir='ltr'>sentium</span> <span class='ocrx_word' id='word_1_251' title='bbox 1239 2584 1300 2648; x_wconf 89' lang='lat' dir='ltr'>tibi</span> <span class='ocrx_word' id='word_1_252' title='bbox 1315 2587 1513 2649; x_wconf 86' lang='lat' dir='ltr'>auctoritate</span> <span class='ocrx_word' id='word_1_253' title='bbox 1528 2588 1756 2660; x_wconf 86' lang='lat' dir='ltr'>concedimus,</span> <span class='ocrx_word' id='word_1_254' title='bbox 1778 2592 1814 2651; x_wconf 91' lang='lat' dir='ltr'>ut</span> <span class='ocrx_word' id='word_1_255' title='bbox 1826 2605 1877 2651; x_wconf 93' lang='lat' dir='ltr'>re·</span> 
     </span>
     <span class='ocr_line' id='line_1_53' title="bbox 1083 2682 1876 2771; baseline 0.011 -31"><span class='ocrx_word' id='word_1_256' title='bbox 1083 2682 1214 2757; x_wconf 88' lang='lat' dir='ltr'>signata</span> <span class='ocrx_word' id='word_1_257' title='bbox 1229 2683 1383 2745; x_wconf 88' lang='lat' dir='ltr'>sacristia</span> <span class='ocrx_word' id='word_1_258' title='bbox 1404 2684 1587 2751; x_wconf 82' lang='lat' dir='ltr'>Massilien.</span> <span class='ocrx_word' id='word_1_259' title='bbox 1614 2685 1770 2748; x_wconf 72' lang='lat' dir='ltr'>ecclesiae</span> <span class='ocrx_word' id='word_1_260' title='bbox 1784 2702 1876 2771; x_wconf 85' lang='lat' dir='ltr'>quam</span> 
     </span>
     <span class='ocr_line' id='line_1_54' title="bbox 1082 2780 1877 2859; baseline 0.01 -20"><span class='ocrx_word' id='word_1_261' title='bbox 1082 2794 1170 2841; x_wconf 91' lang='lat' dir='ltr'>nuno</span> <span class='ocrx_word' id='word_1_262' title='bbox 1183 2780 1285 2852; x_wconf 92' lang='lat' dir='ltr'>tenes,</span> <span class='ocrx_word' id='word_1_263' title='bbox 1298 2780 1399 2843; x_wconf 88' lang='lat' dir='ltr'>liceat</span> <span class='ocrx_word' id='word_1_264' title='bbox 1412 2781 1472 2843; x_wconf 89' lang='lat' dir='ltr'>tibi</span> <span class='ocrx_word' id='word_1_265' title='bbox 1485 2782 1587 2847; x_wconf 80' lang='lat' dir='ltr'>aliam</span> <span class='ocrx_word' id='word_1_266' title='bbox 1602 2784 1637 2844; x_wconf 92' lang='lat' dir='ltr'>in</span> <span class='ocrx_word' id='word_1_267' title='bbox 1650 2782 1726 2859; x_wconf 89' lang='lat' dir='ltr'>ipsa</span> <span class='ocrx_word' id='word_1_268' title='bbox 1740 2784 1877 2847; x_wconf 82' lang='lat' dir='ltr'>ecclesia</span> 
     </span>
     <span class='ocr_line' id='line_1_55' title="bbox 1082 2874 1878 2965; baseline 0.006 -28"><span class='ocrx_word' id='word_1_269' title='bbox 1082 2874 1231 2954; x_wconf 90' lang='lat' dir='ltr'>recipere</span> <span class='ocrx_word' id='word_1_270' title='bbox 1244 2876 1450 2954; x_wconf 89' lang='lat' dir='ltr'>dignitatem.</span> <span class='ocrx_word' id='word_1_271' title='bbox 1476 2879 1568 2941; x_wconf 91' lang='lat' dir='ltr'>Nulli</span> <span class='ocrx_word' id='word_1_272' title='bbox 1590 2895 1672 2956; x_wconf 89' lang='lat' dir='ltr'>ergo</span> <span class='ocrx_word' id='word_1_273' title='bbox 1687 2880 1777 2947; x_wconf 87' lang='lat' dir='ltr'>banc</span> <span class='ocrx_word' id='word_1_274' title='bbox 1788 2881 1878 2965; x_wconf 85' lang='lat' dir='ltr'>pagi-</span> 
     </span>
     <span class='ocr_line' id='line_1_56' title="bbox 1082 2976 1877 3054; baseline 0.009 -21"><span class='ocrx_word' id='word_1_275' title='bbox 1082 2989 1159 3034; x_wconf 91' lang='lat' dir='ltr'>nam</span> <span class='ocrx_word' id='word_1_276' title='bbox 1172 2976 1294 3037; x_wconf 90' lang='lat' dir='ltr'>nostrae</span> <span class='ocrx_word' id='word_1_277' title='bbox 1307 2976 1534 3038; x_wconf 85' lang='lat' dir='ltr'>concessionis</span> <span class='ocrx_word' id='word_1_278' title='bbox 1546 2976 1744 3054; x_wconf 81' lang='lat' dir='ltr'>infringere,</span> <span class='ocrx_word' id='word_1_279' title='bbox 1765 2981 1828 3040; x_wconf 82' lang='lat' dir='ltr'>etc</span> <span class='ocrx_word' id='word_1_280' title='bbox 1844 2976 1877 3039; x_wconf 87' lang='lat' dir='ltr'>Si</span> 
     </span>
     <span class='ocr_line' id='line_1_57' title="bbox 1083 3071 1876 3148; baseline 0.009 -18"><span class='ocrx_word' id='word_1_281' title='bbox 1083 3071 1158 3148; x_wconf 89' lang='lat' dir='ltr'>quis</span> <span class='ocrx_word' id='word_1_282' title='bbox 1170 3072 1293 3143; x_wconf 90' lang='lat' dir='ltr'>autem,</span> <span class='ocrx_word' id='word_1_283' title='bbox 1309 3074 1372 3133; x_wconf 90' lang='lat' dir='ltr'>etc.</span> <span class='ocrx_word' id='word_1_284' title='bbox 1389 3074 1516 3136; x_wconf 85' lang='lat' dir='ltr'>&#39;Datum</span> <span class='ocrx_word' id='word_1_285' title='bbox 1539 3074 1700 3136; x_wconf 84' lang='lat' dir='ltr'>Laterani</span> <span class='ocrx_word' id='word_1_286' title='bbox 1720 3077 1798 3137; x_wconf 82' lang='lat' dir='ltr'>XIX</span> <span class='ocrx_word' id='word_1_287' title='bbox 1810 3075 1876 3139; x_wconf 75' lang='lat' dir='ltr'>kal,</span> 
     </span>
     <span class='ocr_line' id='line_1_58' title="bbox 1082 3167 1503 3243; baseline 0.017 -15"><span class='ocrx_word' id='word_1_288' title='bbox 1082 3167 1227 3243; x_wconf 82' lang='lat' dir='ltr'>angusti,</span> <span class='ocrx_word' id='word_1_289' title='bbox 1241 3184 1330 3235; x_wconf 90' lang='lat' dir='ltr'>anno</span> <span class='ocrx_word' id='word_1_290' title='bbox 1345 3170 1503 3235; x_wconf 77' lang='lat' dir='ltr'>secundo.</span> 
     </span>
    </p>
   </div>
   <div class='ocr_carea' id='block_1_11' title="bbox 96 3440 1028 3519">
    <p class='ocr_par' dir='ltr' id='par_1_12' title="bbox 96 3440 1028 3519">
     <span class='ocr_line' id='line_1_59' title="bbox 96 3440 1028 3519; baseline -0.005 -13"><span class='ocrx_word' id='word_1_291' title='bbox 96 3504 99 3513; x_wconf 87' lang='grc'>,</span> <span class='ocrx_word' id='word_1_292' title='bbox 231 3444 275 3506; x_wconf 90' lang='lat' dir='ltr'>tis</span> <span class='ocrx_word' id='word_1_293' title='bbox 301 3458 417 3504; x_wconf 93' lang='lat' dir='ltr'>eorum</span> <span class='ocrx_word' id='word_1_294' title='bbox 439 3457 499 3519; x_wconf 90' lang='lat' dir='ltr'>per</span> <span class='ocrx_word' id='word_1_295' title='bbox 512 3442 614 3504; x_wconf 86' lang='lat' dir='ltr'>totam</span> <span class='ocrx_word' id='word_1_296' title='bbox 632 3441 865 3504; x_wconf 89' lang='lat' dir='ltr'>Lombardiam</span> <span class='ocrx_word' id='word_1_297' title='bbox 886 3440 1028 3517; x_wconf 88' lang='lat' dir='ltr'>singulis</span> 
     </span>
    </p>
   </div>
   <div class='ocr_carea' id='block_1_12' title="bbox 232 3244 1029 3421">
    <p class='ocr_par' dir='ltr' id='par_1_13' title="bbox 232 3244 1029 3421">
     <span class='ocr_line' id='line_1_60' title="bbox 233 3244 1029 3322; baseline -0.003 -14"><span class='ocrx_word' id='word_1_298' title='bbox 233 3245 478 3322; x_wconf 85' lang='lat' dir='ltr'>aggravandas,</span> <span class='ocrx_word' id='word_1_299' title='bbox 492 3244 641 3307; x_wconf 88' lang='lat' dir='ltr'>volentes</span> <span class='ocrx_word' id='word_1_300' title='bbox 652 3246 860 3321; x_wconf 90' lang='lat' dir='ltr'>potestatem,</span> <span class='ocrx_word' id='word_1_301' title='bbox 872 3244 1029 3307; x_wconf 89' lang='lat' dir='ltr'>consilia·</span> 
     </span>
     <span class='ocr_line' id='line_1_61' title="bbox 232 3343 1027 3421; baseline -0.001 -15"><span class='ocrx_word' id='word_1_302' title='bbox 232 3344 301 3406; x_wconf 90' lang='lat' dir='ltr'>rios</span> <span class='ocrx_word' id='word_1_303' title='bbox 317 3359 446 3406; x_wconf 86' lang='lat' dir='ltr'>necnon</span> <span class='ocrx_word' id='word_1_304' title='bbox 459 3346 492 3406; x_wconf 91' lang='lat' dir='ltr'>et</span> <span class='ocrx_word' id='word_1_305' title='bbox 506 3344 701 3406; x_wconf 86' lang='lat' dir='ltr'>societatum</span> <span class='ocrx_word' id='word_1_306' title='bbox 713 3344 891 3421; x_wconf 89' lang='lat' dir='ltr'>magistros</span> <span class='ocrx_word' id='word_1_307' title='bbox 905 3343 1027 3406; x_wconf 90' lang='lat' dir='ltr'>civita-</span> 
     </span>
    </p>
   </div>
   <div class='ocr_carea' id='block_1_13' title="bbox 1349 3391 1609 3481">
    <p class='ocr_par' dir='ltr' id='par_1_14' title="bbox 1349 3391 1609 3481">
     <span class='ocr_line' id='line_1_62' title="bbox 1349 3391 1609 3481; baseline 0.004 -2"><span class='ocrx_word' id='word_1_308' title='bbox 1349 3391 1609 3481; x_wconf 82' lang='lat' dir='ltr'>CCCXXXHI</span> 
     </span>
    </p>
   </div>
   <div class='ocr_carea' id='block_1_14' title="bbox 232 3538 1883 5177">
    <p class='ocr_par' dir='ltr' id='par_1_15' title="bbox 232 3538 1883 5177">
     <span class='ocr_line' id='line_1_63' title="bbox 233 3538 1031 3617; baseline -0.003 -15"><span class='ocrx_word' id='word_1_309' title='bbox 233 3540 349 3603; x_wconf 90' lang='lat' dir='ltr'>diebus</span> <span class='ocrx_word' id='word_1_310' title='bbox 358 3540 533 3602; x_wconf 89' lang='lat' dir='ltr'>dominicis</span> <span class='ocrx_word' id='word_1_311' title='bbox 544 3540 577 3602; x_wconf 92' lang='lat' dir='ltr'>et</span> <span class='ocrx_word' id='word_1_312' title='bbox 588 3539 726 3612; x_wconf 77' lang='lat' dir='ltr'>festivis,</span> <span class='ocrx_word' id='word_1_313' title='bbox 740 3538 880 3617; x_wconf 89' lang='lat' dir='ltr'>pulsatis</span> <span class='ocrx_word' id='word_1_314' title='bbox 894 3554 1031 3615; x_wconf 89' lang='lat' dir='ltr'>campa-</span> 
     </span>
     <span class='ocr_line' id='line_1_64' title="bbox 234 3636 1028 3709; baseline -0.003 -9"><span class='ocrx_word' id='word_1_315' title='bbox 234 3640 287 3700; x_wconf 90' lang='lat' dir='ltr'>nis</span> <span class='ocrx_word' id='word_1_316' title='bbox 310 3640 344 3700; x_wconf 91' lang='lat' dir='ltr'>et</span> <span class='ocrx_word' id='word_1_317' title='bbox 363 3638 512 3699; x_wconf 88' lang='lat' dir='ltr'>candelis</span> <span class='ocrx_word' id='word_1_318' title='bbox 534 3637 696 3709; x_wconf 89' lang='lat' dir='ltr'>accensis,</span> <span class='ocrx_word' id='word_1_319' title='bbox 723 3636 1028 3698; x_wconf 79' lang='lat' dir='ltr'>excommunicatos</span> 
     </span>
     <span class='ocr_line' id='line_1_65' title="bbox 234 3733 1030 3815; baseline -0.004 -18"><span class='ocrx_word' id='word_1_320' title='bbox 234 3735 365 3815; x_wconf 87' lang='lat' dir='ltr'>publice</span> <span class='ocrx_word' id='word_1_321' title='bbox 386 3735 545 3807; x_wconf 92' lang='lat' dir='ltr'>nuntiari,</span> <span class='ocrx_word' id='word_1_322' title='bbox 565 3737 597 3795; x_wconf 92' lang='lat' dir='ltr'>et</span> <span class='ocrx_word' id='word_1_323' title='bbox 620 3749 662 3795; x_wconf 90' lang='lat' dir='ltr'>ne</span> <span class='ocrx_word' id='word_1_324' title='bbox 682 3733 742 3795; x_wconf 90' lang='lat' dir='ltr'>alii</span> <span class='ocrx_word' id='word_1_325' title='bbox 760 3733 849 3795; x_wconf 89' lang='lat' dir='ltr'>cives</span> <span class='ocrx_word' id='word_1_326' title='bbox 867 3733 1030 3795; x_wconf 90' lang='lat' dir='ltr'>Mediola-</span> 
     </span>
     <span class='ocr_line' id='line_1_66' title="bbox 234 3831 1029 3897; baseline -0.008 0"><span class='ocrx_word' id='word_1_327' title='bbox 234 3850 355 3897; x_wconf 90' lang='lat' dir='ltr'>nenses</span> <span class='ocrx_word' id='word_1_328' title='bbox 389 3832 640 3895; x_wconf 81' lang='lat' dir='ltr'>excusatienem</span> <span class='ocrx_word' id='word_1_329' title='bbox 671 3831 805 3893; x_wconf 92' lang='lat' dir='ltr'>valeant</span> <span class='ocrx_word' id='word_1_330' title='bbox 834 3847 966 3894; x_wconf 91' lang='lat' dir='ltr'>sumere</span> <span class='ocrx_word' id='word_1_331' title='bbox 993 3831 1029 3892; x_wconf 92' lang='lat' dir='ltr'>in</span> 
     </span>
     <span class='ocr_line' id='line_1_67' title="bbox 233 3929 1030 4011; baseline -0.006 -17"><span class='ocrx_word' id='word_1_332' title='bbox 233 3931 390 4011; x_wconf 88' lang='lat' dir='ltr'>peccatis,</span> <span class='ocrx_word' id='word_1_333' title='bbox 398 3947 513 3993; x_wconf 90' lang='lat' dir='ltr'>omnes</span> <span class='ocrx_word' id='word_1_334' title='bbox 523 3929 702 4008; x_wconf 87' lang='lat' dir='ltr'>praedictos</span> <span class='ocrx_word' id='word_1_335' title='bbox 712 3930 770 4008; x_wconf 87' lang='lat' dir='ltr'>qui</span> <span class='ocrx_word' id='word_1_336' title='bbox 784 3929 825 3990; x_wconf 93' lang='lat' dir='ltr'>ad</span> <span class='ocrx_word' id='word_1_337' title='bbox 836 3929 1030 4006; x_wconf 85' lang='lat' dir='ltr'>impugnan-</span> 
     </span>
     <span class='ocr_line' id='line_1_68' title="bbox 234 4027 1029 4092; baseline -0.006 0"><span class='ocrx_word' id='word_1_338' title='bbox 234 4031 312 4092; x_wconf 91' lang='lat' dir='ltr'>dum</span> <span class='ocrx_word' id='word_1_339' title='bbox 327 4032 567 4090; x_wconf 81' lang='lat' dir='ltr'>Cremonenses</span> <span class='ocrx_word' id='word_1_340' title='bbox 581 4028 636 4089; x_wconf 93' lang='lat' dir='ltr'>vel</span> <span class='ocrx_word' id='word_1_341' title='bbox 656 4030 854 4089; x_wconf 90' lang='lat' dir='ltr'>Parmenses</span> <span class='ocrx_word' id='word_1_342' title='bbox 877 4042 971 4088; x_wconf 87' lang='lat' dir='ltr'>arma</span> <span class='ocrx_word' id='word_1_343' title='bbox 988 4027 1029 4088; x_wconf 91' lang='lat' dir='ltr'>de</span> 
     </span>
     <span class='ocr_line' id='line_1_69' title="bbox 233 4115 1881 4203; baseline -0.005 -13"><span class='ocrx_word' id='word_1_344' title='bbox 233 4130 355 4190; x_wconf 83' lang='lat' dir='ltr'>caetero</span> <span class='ocrx_word' id='word_1_345' title='bbox 365 4125 567 4203; x_wconf 88' lang='lat' dir='ltr'>sumpserint</span> <span class='ocrx_word' id='word_1_346' title='bbox 586 4124 640 4186; x_wconf 89' lang='lat' dir='ltr'>vel</span> <span class='ocrx_word' id='word_1_347' title='bbox 655 4124 696 4185; x_wconf 91' lang='lat' dir='ltr'>ad</span> <span class='ocrx_word' id='word_1_348' title='bbox 709 4123 947 4186; x_wconf 86' lang='lat' dir='ltr'>devastandam</span> <span class='ocrx_word' id='word_1_349' title='bbox 960 4126 1031 4186; x_wconf 92' lang='lat' dir='ltr'>ter-</span> <span class='ocrx_word' id='word_1_350' title='bbox 1122 4115 1171 4183; x_wconf 75' lang='lat' dir='ltr'>bd</span> <span class='ocrx_word' id='word_1_351' title='bbox 1183 4115 1435 4193; x_wconf 86' lang='lat' dir='ltr'>impendendam</span> <span class='ocrx_word' id='word_1_352' title='bbox 1447 4118 1537 4180; x_wconf 90' lang='lat' dir='ltr'>circa</span> <span class='ocrx_word' id='word_1_353' title='bbox 1551 4119 1628 4183; x_wconf 88' lang='lat' dir='ltr'>teet</span> <span class='ocrx_word' id='word_1_354' title='bbox 1638 4134 1780 4198; x_wconf 88' lang='lat' dir='ltr'>regnum</span> <span class='ocrx_word' id='word_1_355' title='bbox 1790 4122 1881 4183; x_wconf 90' lang='lat' dir='ltr'>tunm</span> 
     </span>
     <span class='ocr_line' id='line_1_70' title="bbox 233 4214 1881 4294; baseline -0.003 -8"><span class='ocrx_word' id='word_1_356' title='bbox 233 4241 306 4286; x_wconf 90' lang='lat' dir='ltr'>ram</span> <span class='ocrx_word' id='word_1_357' title='bbox 320 4222 473 4285; x_wconf 87' lang='lat' dir='ltr'>venerint</span> <span class='ocrx_word' id='word_1_358' title='bbox 492 4221 695 4294; x_wconf 92' lang='lat' dir='ltr'>eorumdem,</span> <span class='ocrx_word' id='word_1_359' title='bbox 708 4220 1029 4284; x_wconf 82' lang='lat' dir='ltr'>excommunicatio-</span> <span class='ocrx_word' id='word_1_360' title='bbox 1084 4229 1199 4275; x_wconf 74' lang='lat' dir='ltr'>(turam</span> <span class='ocrx_word' id='word_1_361' title='bbox 1213 4216 1247 4276; x_wconf 74' lang='lat' dir='ltr'>et</span> <span class='ocrx_word' id='word_1_362' title='bbox 1258 4214 1514 4277; x_wconf 71' lang='lat' dir='ltr'>sollicitudinem</span> <span class='ocrx_word' id='word_1_363' title='bbox 1525 4217 1721 4293; x_wconf 74' lang='lat' dir='ltr'>specialem,</span> <span class='ocrx_word' id='word_1_364' title='bbox 1732 4219 1881 4282; x_wconf 78' lang='lat' dir='ltr'>etaetatis</span> 
     </span>
     <span class='ocr_line' id='line_1_71' title="bbox 234 4310 1881 4394; baseline -0.002 -10"><span class='ocrx_word' id='word_1_365' title='bbox 234 4322 287 4384; x_wconf 91' lang='lat' dir='ltr'>nis</span> <span class='ocrx_word' id='word_1_366' title='bbox 301 4320 435 4384; x_wconf 87' lang='lat' dir='ltr'>vinculo</span> <span class='ocrx_word' id='word_1_367' title='bbox 447 4319 665 4394; x_wconf 84' lang='lat' dir='ltr'>innodamus3</span> <span class='ocrx_word' id='word_1_368' title='bbox 684 4318 849 4380; x_wconf 90' lang='lat' dir='ltr'>sententia</span> <span class='ocrx_word' id='word_1_369' title='bbox 862 4318 1029 4380; x_wconf 90' lang='lat' dir='ltr'>consimili</span> <span class='ocrx_word' id='word_1_370' title='bbox 1083 4310 1150 4372; x_wconf 89' lang='lat' dir='ltr'>tuae</span> <span class='ocrx_word' id='word_1_371' title='bbox 1164 4311 1430 4373; x_wconf 86' lang='lat' dir='ltr'>consideratione</span> <span class='ocrx_word' id='word_1_372' title='bbox 1445 4313 1647 4387; x_wconf 89' lang='lat' dir='ltr'>inducimur,</span> <span class='ocrx_word' id='word_1_373' title='bbox 1661 4317 1695 4377; x_wconf 87' lang='lat' dir='ltr'>et</span> <span class='ocrx_word' id='word_1_374' title='bbox 1708 4316 1881 4393; x_wconf 64' lang='lat' dir='ltr'>preclaris</span> 
     </span>
     <span class='ocr_line' id='line_1_72' title="bbox 233 4408 1880 4497; baseline -0.004 -17"><span class='ocrx_word' id='word_1_375' title='bbox 233 4417 454 4497; x_wconf 90' lang='lat' dir='ltr'>percellentes</span> <span class='ocrx_word' id='word_1_376' title='bbox 469 4417 616 4478; x_wconf 88' lang='lat' dir='ltr'>rectores</span> <span class='ocrx_word' id='word_1_377' title='bbox 637 4416 671 4477; x_wconf 90' lang='lat' dir='ltr'>et</span> <span class='ocrx_word' id='word_1_378' title='bbox 686 4414 897 4477; x_wconf 87' lang='lat' dir='ltr'>consiliarios</span> <span class='ocrx_word' id='word_1_379' title='bbox 910 4414 1031 4477; x_wconf 90' lang='lat' dir='ltr'>civita·</span> <span class='ocrx_word' id='word_1_380' title='bbox 1084 4408 1219 4486; x_wconf 85' lang='lat' dir='ltr'>inclytae</span> <span class='ocrx_word' id='word_1_381' title='bbox 1239 4409 1483 4471; x_wconf 87' lang='lat' dir='ltr'>recordationis</span> <span class='ocrx_word' id='word_1_382' title='bbox 1502 4414 1541 4472; x_wconf 86' lang='lat' dir='ltr'>A.</span> <span class='ocrx_word' id='word_1_383' title='bbox 1556 4411 1645 4488; x_wconf 86' lang='lat' dir='ltr'>regis</span> <span class='ocrx_word' id='word_1_384' title='bbox 1661 4413 1880 4476; x_wconf 77' lang='lat' dir='ltr'>castellaeavi</span> 
     </span>
     <span class='ocr_line' id='line_1_73' title="bbox 233 4505 1883 4593; baseline -0.005 -14"><span class='ocrx_word' id='word_1_385' title='bbox 233 4521 306 4580; x_wconf 90' lang='lat' dir='ltr'>tum</span> <span class='ocrx_word' id='word_1_386' title='bbox 317 4516 461 4587; x_wconf 90' lang='lat' dir='ltr'>illarum,</span> <span class='ocrx_word' id='word_1_387' title='bbox 480 4530 553 4593; x_wconf 82' lang='lat' dir='ltr'>quae</span> <span class='ocrx_word' id='word_1_388' title='bbox 566 4510 872 4576; x_wconf 88' lang='lat' dir='ltr'>Mediolanensibus</span> <span class='ocrx_word' id='word_1_389' title='bbox 887 4512 1031 4574; x_wconf 90' lang='lat' dir='ltr'>societa-</span> <span class='ocrx_word' id='word_1_390' title='bbox 1084 4505 1133 4567; x_wconf 92' lang='lat' dir='ltr'>tui</span> <span class='ocrx_word' id='word_1_391' title='bbox 1146 4505 1275 4567; x_wconf 92' lang='lat' dir='ltr'>meritis</span> <span class='ocrx_word' id='word_1_392' title='bbox 1293 4522 1525 4582; x_wconf 88' lang='lat' dir='ltr'>provocamur.</span> <span class='ocrx_word' id='word_1_393' title='bbox 1537 4510 1618 4571; x_wconf 81' lang='lat' dir='ltr'>Tuae</span> <span class='ocrx_word' id='word_1_394' title='bbox 1631 4509 1741 4586; x_wconf 91' lang='lat' dir='ltr'>igitur</span> <span class='ocrx_word' id='word_1_395' title='bbox 1754 4510 1883 4572; x_wconf 87' lang='lat' dir='ltr'>sereni-</span> 
     </span>
     <span class='ocr_line' id='line_1_74' title="bbox 233 4602 1882 4684; baseline -0.005 -7"><span class='ocrx_word' id='word_1_396' title='bbox 233 4617 277 4678; x_wconf 89' lang='lat' dir='ltr'>tis</span> <span class='ocrx_word' id='word_1_397' title='bbox 293 4613 416 4676; x_wconf 83' lang='lat' dir='ltr'>loedere</span> <span class='ocrx_word' id='word_1_398' title='bbox 431 4614 509 4674; x_wconf 87' lang='lat' dir='ltr'>sunt</span> <span class='ocrx_word' id='word_1_399' title='bbox 520 4612 700 4684; x_wconf 78' lang='lat' dir='ltr'>adstrictae,</span> <span class='ocrx_word' id='word_1_400' title='bbox 719 4610 748 4671; x_wconf 93' lang='lat' dir='ltr'>si</span> <span class='ocrx_word' id='word_1_401' title='bbox 763 4610 879 4672; x_wconf 90' lang='lat' dir='ltr'>contra</span> <span class='ocrx_word' id='word_1_402' title='bbox 894 4611 1031 4671; x_wconf 82' lang='lat' dir='ltr'>Cremo-</span> <span class='ocrx_word' id='word_1_403' title='bbox 1082 4602 1162 4665; x_wconf 85' lang='lat' dir='ltr'>tatis</span> <span class='ocrx_word' id='word_1_404' title='bbox 1174 4602 1329 4680; x_wconf 89' lang='lat' dir='ltr'>precibus</span> <span class='ocrx_word' id='word_1_405' title='bbox 1340 4602 1522 4681; x_wconf 88' lang='lat' dir='ltr'>benignum</span> <span class='ocrx_word' id='word_1_406' title='bbox 1533 4606 1765 4684; x_wconf 90' lang='lat' dir='ltr'>impertientes</span> <span class='ocrx_word' id='word_1_407' title='bbox 1772 4624 1882 4670; x_wconf 89' lang='lat' dir='ltr'>assen-</span> 
     </span>
     <span class='ocr_line' id='line_1_75' title="bbox 234 4703 1879 4787; baseline -0.006 -13"><span class='ocrx_word' id='word_1_408' title='bbox 234 4727 354 4774; x_wconf 89' lang='lat' dir='ltr'>nenses</span> <span class='ocrx_word' id='word_1_409' title='bbox 369 4713 402 4773; x_wconf 89' lang='lat' dir='ltr'>et</span> <span class='ocrx_word' id='word_1_410' title='bbox 417 4714 616 4771; x_wconf 90' lang='lat' dir='ltr'>Parmenses</span> <span class='ocrx_word' id='word_1_411' title='bbox 627 4708 843 4787; x_wconf 87' lang='lat' dir='ltr'>praestiterint</span> <span class='ocrx_word' id='word_1_412' title='bbox 852 4706 1026 4779; x_wconf 83' lang='lat' dir='ltr'>auxilium,</span> <span class='ocrx_word' id='word_1_413' title='bbox 1084 4716 1168 4773; x_wconf 84' lang='lat' dir='ltr'>sum,</span> <span class='ocrx_word' id='word_1_414' title='bbox 1185 4716 1361 4778; x_wconf 79' lang='lat' dir='ltr'>personam</span> <span class='ocrx_word' id='word_1_415' title='bbox 1376 4703 1467 4763; x_wconf 86' lang='lat' dir='ltr'>tuam</span> <span class='ocrx_word' id='word_1_416' title='bbox 1485 4706 1520 4765; x_wconf 92' lang='lat' dir='ltr'>et</span> <span class='ocrx_word' id='word_1_417' title='bbox 1533 4719 1674 4780; x_wconf 83' lang='lat' dir='ltr'>regnum</span> <span class='ocrx_word' id='word_1_418' title='bbox 1696 4706 1806 4783; x_wconf 88' lang='lat' dir='ltr'>ipsum</span> <span class='ocrx_word' id='word_1_419' title='bbox 1818 4703 1879 4766; x_wconf 88' lang='lat' dir='ltr'>sub</span> 
     </span>
     <span class='ocr_line' id='line_1_76' title="bbox 234 4798 1879 4883; baseline -0.005 -11"><span class='ocrx_word' id='word_1_420' title='bbox 234 4810 409 4873; x_wconf 87' lang='lat' dir='ltr'>consilinm</span> <span class='ocrx_word' id='word_1_421' title='bbox 424 4809 477 4870; x_wconf 92' lang='lat' dir='ltr'>vel</span> <span class='ocrx_word' id='word_1_422' title='bbox 493 4810 642 4869; x_wconf 87' lang='lat' dir='ltr'>lavorem</span> <span class='ocrx_word' id='word_1_423' title='bbox 665 4806 809 4882; x_wconf 77' lang='lat' dir='ltr'>eisdem3</span> <span class='ocrx_word' id='word_1_424' title='bbox 826 4821 866 4866; x_wconf 89' lang='lat' dir='ltr'>ac</span> <span class='ocrx_word' id='word_1_425' title='bbox 880 4805 954 4883; x_wconf 91' lang='lat' dir='ltr'>pari</span> <span class='ocrx_word' id='word_1_426' title='bbox 971 4820 1028 4866; x_wconf 87' lang='lat' dir='ltr'>eos</span> <span class='ocrx_word' id='word_1_427' title='bbox 1084 4798 1222 4874; x_wconf 85' lang='lat' dir='ltr'>speciali</span> <span class='ocrx_word' id='word_1_428' title='bbox 1236 4799 1435 4876; x_wconf 85' lang='lat' dir='ltr'>Apostolicae</span> <span class='ocrx_word' id='word_1_429' title='bbox 1454 4800 1552 4861; x_wconf 88' lang='lat' dir='ltr'>Sedis</span> <span class='ocrx_word' id='word_1_430' title='bbox 1570 4805 1603 4864; x_wconf 95' lang='lat' dir='ltr'>et</span> <span class='ocrx_word' id='word_1_431' title='bbox 1617 4805 1734 4866; x_wconf 88' lang='lat' dir='ltr'>nostra</span> <span class='ocrx_word' id='word_1_432' title='bbox 1747 4806 1879 4881; x_wconf 88' lang='lat' dir='ltr'>pretec-</span> 
     </span>
     <span class='ocr_line' id='line_1_77' title="bbox 233 4897 1880 4983; baseline -0.004 -13"><span class='ocrx_word' id='word_1_433' title='bbox 233 4906 367 4970; x_wconf 91' lang='lat' dir='ltr'>vinculo</span> <span class='ocrx_word' id='word_1_434' title='bbox 382 4906 570 4983; x_wconf 85' lang='lat' dir='ltr'>alligamus,</span> <span class='ocrx_word' id='word_1_435' title='bbox 593 4904 703 4983; x_wconf 85' lang='lat' dir='ltr'>quide</span> <span class='ocrx_word' id='word_1_436' title='bbox 722 4901 1027 4966; x_wconf 88' lang='lat' dir='ltr'>Mediolanensibus</span> <span class='ocrx_word' id='word_1_437' title='bbox 1082 4900 1173 4962; x_wconf 90' lang='lat' dir='ltr'>tione</span> <span class='ocrx_word' id='word_1_438' title='bbox 1197 4897 1408 4973; x_wconf 87' lang='lat' dir='ltr'>suscipimus,</span> <span class='ocrx_word' id='word_1_439' title='bbox 1438 4899 1471 4959; x_wconf 93' lang='lat' dir='ltr'>et</span> <span class='ocrx_word' id='word_1_440' title='bbox 1498 4900 1675 4976; x_wconf 79' lang='lat' dir='ltr'>praesentis</span> <span class='ocrx_word' id='word_1_441' title='bbox 1706 4902 1880 4978; x_wconf 81' lang='lat' dir='ltr'>scripturae</span> 
     </span>
     <span class='ocr_line' id='line_1_78' title="bbox 232 4994 1880 5084; baseline -0.005 -17"><span class='ocrx_word' id='word_1_442' title='bbox 232 5007 376 5084; x_wconf 88' lang='lat' dir='ltr'>aliquem</span> <span class='ocrx_word' id='word_1_443' title='bbox 390 5003 662 5081; x_wconf 86' lang='lat' dir='ltr'>praesumpserint</span> <span class='ocrx_word' id='word_1_444' title='bbox 675 5002 711 5063; x_wconf 89' lang='lat' dir='ltr'>in</span> <span class='ocrx_word' id='word_1_445' title='bbox 725 5002 918 5079; x_wconf 87' lang='lat' dir='ltr'>potestatem</span> <span class='ocrx_word' id='word_1_446' title='bbox 931 5016 1029 5062; x_wconf 92' lang='lat' dir='ltr'>assu·</span> <span class='ocrx_word' id='word_1_447' title='bbox 1082 4996 1203 5075; x_wconf 88' lang='lat' dir='ltr'>pagina</span> <span class='ocrx_word' id='word_1_448' title='bbox 1214 4994 1466 5057; x_wconf 89' lang='lat' dir='ltr'>communimus.</span> <span class='ocrx_word' id='word_1_449' title='bbox 1480 4996 1572 5056; x_wconf 90' lang='lat' dir='ltr'>Nulli</span> <span class='ocrx_word' id='word_1_450' title='bbox 1583 5012 1674 5074; x_wconf 91' lang='lat' dir='ltr'>ergo,</span> <span class='ocrx_word' id='word_1_451' title='bbox 1689 5000 1753 5061; x_wconf 86' lang='lat' dir='ltr'>eto.</span> <span class='ocrx_word' id='word_1_452' title='bbox 1762 5001 1880 5060; x_wconf 90' lang='lat' dir='ltr'>Datum</span> 
     </span>
     <span class='ocr_line' id='line_1_79' title="bbox 233 5091 1881 5177; baseline -0.005 -12"><span class='ocrx_word' id='word_1_453' title='bbox 233 5118 323 5165; x_wconf 91' lang='lat' dir='ltr'>mere</span> <span class='ocrx_word' id='word_1_454' title='bbox 348 5101 401 5163; x_wconf 92' lang='lat' dir='ltr'>vel</span> <span class='ocrx_word' id='word_1_455' title='bbox 422 5102 596 5163; x_wconf 86' lang='lat' dir='ltr'>rectorem.</span> <span class='ocrx_word' id='word_1_456' title='bbox 627 5102 720 5162; x_wconf 90' lang='lat' dir='ltr'>Bona</span> <span class='ocrx_word' id='word_1_457' title='bbox 748 5114 879 5177; x_wconf 84' lang='lat' dir='ltr'>quoque</span> <span class='ocrx_word' id='word_1_458' title='bbox 904 5098 1028 5159; x_wconf 90' lang='lat' dir='ltr'>civium</span> <span class='ocrx_word' id='word_1_459' title='bbox 1082 5091 1250 5163; x_wconf 88' lang='lat' dir='ltr'>Laterani,</span> <span class='ocrx_word' id='word_1_460' title='bbox 1264 5094 1338 5153; x_wconf 86' lang='lat' dir='ltr'>XIV</span> <span class='ocrx_word' id='word_1_461' title='bbox 1353 5091 1420 5158; x_wconf 78' lang='lat' dir='ltr'>tal.</span> <span class='ocrx_word' id='word_1_462' title='bbox 1436 5094 1532 5169; x_wconf 70' lang='lat' dir='ltr'>aug„</span> <span class='ocrx_word' id='word_1_463' title='bbox 1547 5094 1881 5172; x_wconf 82' lang='lat' dir='ltr'>pontificatusnostri</span> 
     </span>
    </p>
   </div>
   <div class='ocr_carea' id='block_1_15' title="bbox 233 5189 1298 5283">
    <p class='ocr_par' dir='ltr' id='par_1_16' title="bbox 233 5189 1298 5283">
     <span class='ocr_line' id='line_1_80' title="bbox 233 5189 1298 5283; baseline -0.012 -21"><span class='ocrx_word' id='word_1_464' title='bbox 233 5200 478 5283; x_wconf 87' lang='lat' dir='ltr'>praedictorum,</span> <span class='ocrx_word' id='word_1_465' title='bbox 495 5196 637 5279; x_wconf 80' lang='lat' dir='ltr'>etc.,(at</span> <span class='ocrx_word' id='word_1_466' title='bbox 652 5194 786 5278; x_wconf 77' lang='lat' dir='ltr'>supra).</span> <span class='ocrx_word' id='word_1_467' title='bbox 1081 5208 1171 5254; x_wconf 87' lang='lat' dir='ltr'>anne</span> <span class='ocrx_word' id='word_1_468' title='bbox 1187 5189 1298 5253; x_wconf 91' lang='lat' dir='ltr'>tertio.</span> 
     </span>
    </p>
   </div>
   <div class='ocr_carea' id='block_1_16' title="bbox 1163 3544 1789 3620">
    <p class='ocr_par' dir='ltr' id='par_1_17' title="bbox 1163 3544 1789 3620">
     <span class='ocr_line' id='line_1_81' title="bbox 1163 3544 1789 3620; baseline 0.006 -17"><span class='ocrx_word' id='word_1_469' title='bbox 1163 3544 1216 3603; x_wconf 76' lang='lat' dir='ltr'>Ad</span> <span class='ocrx_word' id='word_1_470' title='bbox 1237 3545 1460 3605; x_wconf 77' lang='lat' dir='ltr'>Fcrrcrvdum</span> <span class='ocrx_word' id='word_1_471' title='bbox 1482 3556 1601 3620; x_wconf 79' lang='lat' dir='ltr'>repam</span> <span class='ocrx_word' id='word_1_472' title='bbox 1623 3545 1789 3607; x_wconf 72' lang='lat' dir='ltr'>castate.</span> 
     </span>
    </p>
   </div>
   <div class='ocr_carea' id='block_1_17' title="bbox 1120 3672 1844 3864">
    <p class='ocr_par' dir='ltr' id='par_1_18' title="bbox 1120 3672 1844 3864">
     <span class='ocr_line' id='line_1_82' title="bbox 1387 3672 1577 3746; baseline 0.026 -16"><span class='ocrx_word' id='word_1_473' title='bbox 1387 3672 1480 3746; x_wconf 73' lang='lat' dir='ltr'>itini.</span> <span class='ocrx_word' id='word_1_474' title='bbox 1495 3673 1577 3735; x_wconf 77' lang='lat'>1218.</span> 
     </span>
     <span class='ocr_line' id='line_1_83' title="bbox 1120 3793 1844 3864; baseline 0.003 -16"><span class='ocrx_word' id='word_1_475' title='bbox 1120 3794 1261 3860; x_wconf 71' lang='lat' dir='ltr'>[Raynatd</span> <span class='ocrx_word' id='word_1_476' title='bbox 1271 3793 1362 3849; x_wconf 77' lang='lat' dir='ltr'>emal.</span> <span class='ocrx_word' id='word_1_477' title='bbox 1373 3796 1512 3847; x_wconf 82' lang='lat' dir='ltr'>ecclesiast.</span> <span class='ocrx_word' id='word_1_478' title='bbox 1523 3797 1556 3847; x_wconf 83' lang='lat' dir='ltr'>ad</span> <span class='ocrx_word' id='word_1_479' title='bbox 1571 3811 1671 3849; x_wconf 76' lang='lat' dir='ltr'>annum</span> <span class='ocrx_word' id='word_1_480' title='bbox 1684 3799 1755 3857; x_wconf 64' lang='lat' dir='ltr'>lm</span> <span class='ocrx_word' id='word_1_481' title='bbox 1766 3799 1780 3864; x_wconf 67' lang='lat' dir='ltr'>i</span> <span class='ocrx_word' id='word_1_482' title='bbox 1791 3800 1844 3861; x_wconf 67' lang='lat' dir='ltr'>M.)</span> 
     </span>
    </p>
   </div>
   <div class='ocr_carea' id='block_1_18' title="bbox 1119 3900 1845 4068">
    <p class='ocr_par' dir='ltr' id='par_1_19' title="bbox 1119 3900 1845 4068">
     <span class='ocr_line' id='line_1_84' title="bbox 1119 3900 1845 3978; baseline 0.007 -19"><span class='ocrx_word' id='word_1_483' title='bbox 1119 3902 1192 3959; x_wconf 83' lang='lat' dir='ltr'>Eum</span> <span class='ocrx_word' id='word_1_484' title='bbox 1206 3900 1326 3974; x_wconf 85' lang='lat' dir='ltr'>ejusque</span> <span class='ocrx_word' id='word_1_485' title='bbox 1342 3915 1464 3975; x_wconf 85' lang='lat' dir='ltr'>regnum</span> <span class='ocrx_word' id='word_1_486' title='bbox 1479 3902 1532 3960; x_wconf 91' lang='lat' dir='ltr'>sub</span> <span class='ocrx_word' id='word_1_487' title='bbox 1544 3904 1663 3977; x_wconf 88' lang='lat' dir='ltr'>speciali</span> <span class='ocrx_word' id='word_1_488' title='bbox 1675 3905 1845 3978; x_wconf 77' lang='lat' dir='ltr'>Apostolieae</span> 
     </span>
     <span class='ocr_line' id='line_1_85' title="bbox 1225 3990 1740 4068; baseline 0.008 -19"><span class='ocrx_word' id='word_1_489' title='bbox 1225 3990 1306 4049; x_wconf 89' lang='lat' dir='ltr'>Sedis</span> <span class='ocrx_word' id='word_1_490' title='bbox 1315 3998 1344 4050; x_wconf 86' lang='lat' dir='ltr'>et</span> <span class='ocrx_word' id='word_1_491' title='bbox 1357 4006 1409 4049; x_wconf 91' lang='lat' dir='ltr'>sua</span> <span class='ocrx_word' id='word_1_492' title='bbox 1423 3992 1598 4064; x_wconf 87' lang='lat' dir='ltr'>protectione</span> <span class='ocrx_word' id='word_1_493' title='bbox 1609 3995 1740 4068; x_wconf 80' lang='lat' dir='ltr'>suscipit</span> 
     </span>
    </p>
   </div>
   <div class='ocr_carea' id='block_1_19' title="bbox 885 5430 1222 5454">
    <p class='ocr_par' dir='ltr' id='par_1_20' title="bbox 885 5430 1222 5454">
     <span class='ocr_line' id='line_1_86' title="bbox 885 5430 1222 5454; baseline -0.009 0"><span class='ocrx_word' id='word_1_494' title='bbox 885 5430 1222 5454; x_wconf 61' lang='lat' dir='ltr'>u———u—-U-O</span> 
     </span>
    </p>
   </div>
   <div class='ocr_carea' id='block_1_20' title="bbox 0 0 1996 6196">
    <p class='ocr_par' dir='ltr' id='par_1_21' title="bbox 0 0 1996 6196">
     <span class='ocr_line' id='line_1_87' title="bbox 0 0 1996 6196; baseline 0 0"><span class='ocrx_word' id='word_1_495' title='bbox 0 0 1996 6196; x_wconf 95' lang='lat' dir='ltr'> </span> 
     </span>
    </p>
   </div>
  </div>
 </body>
</html>
