3900 6202
842 332 1019 396 HONORII
1039 333 1085 397 111
1107 334 1256 399 OPERA.

539 498 722 588 dcxlix

218 735 271 794 Ad
286 731 495 808 mesenam
509 733 544 794 et
556 733 691 807 matres
704 735 827 795 domm
840 737 1018 809 despicatis

311 833 352 892 de
376 832 517 907 Vinceia
533 834 734 894 madianea.
751 835 917 894 dioeceeis.

512 999 627 1057 3111011.
644 999 725 1059 sill.

246 1120 370 1185 11100031,
383 1121 428 1173 lib.
440 1122 460 1181 l,
472 1122 546 1188 epist,
560 1123 615 1173 ise.
628 1124 685 1174 bles.
701 1124 739 1175 La
750 1124 826 1175 Porta
840 1123 874 1174 du
889 1123 983 1187 Tbeil].

219 1274 277 1348 lpsi
296 1274 481 1350 ipsorumque
496 1274 572 1337 bona
587 1276 641 1336 sub
655 1279 831 1351 protectione
849 1276 925 1337 beati
939 1278 1016 1337 Petri

512 1366 718 1441 suscipiuntur.

258 1509 439 1579 Honorius,
459 1510 534 1584 eto,
553 1509 683 1573 dilectis
703 1511 783 1572 tillia
804 1511 964 1587 maglstro
983 1512 1016 1573 et

218 1604 378 1668 tratribus
393 1607 511 1669 domus
525 1608 702 1688 hospitalis
717 1610 758 1671 de
772 1609 912 1686 Vigneto
927 1612 1017 1671 Lau·

218 1703 340 1766 dunen.
357 1705 522 1768 dioecesis.

257 1802 362 1865 dusiis
387 1803 585 1880 petentium,
612 1803 693 1877 010,
718 1819 827 1879 empne
848 1805 1012 1868 inclinati.

218 1901 384 1961 Personas
398 1902 539 1974 restrae,
558 1901 592 1963 et
606 1901 741 1965 domum
758 1903 881 1980 ipsam,
897 1902 933 1963 in
950 1919 1015 1981 qua

217 1996 331 2059 divino
343 1999 425 2060 estis
438 1998 597 2077 obsequio
610 2000 802 2078 mancipati,
816 2017 891 2062 cum
906 2001 1016 2062 omni-

217 2093 279 2156 bus
298 2094 492 2173 bonisque
506 2097 542 2157 in
561 2099 815 2175 praesentiarum
830 2098 1016 2161 rationabi-

218 2191 295 2254 liter
309 2193 496 2270 possidetis,
511 2196 569 2257 aut
582 2196 618 2256 in
633 2195 781 2258 futurum
792 2197 893 2274 Justis
907 2197 1014 2259 modis

216 2291 395 2367 praestante
419 2293 560 2355 Dorziino
590 2293 741 2372 poteritis
769 2295 925 2373 adipisci,
952 2294 1014 2355 sub

216 2385 306 2449 beati
328 2390 419 2450 Petri
445 2390 479 2453 et
500 2392 615 2452 nostra
639 2393 844 2469 protectione
867 2393 1014 2469 suscipi-

216 2486 624 2563 mus3specialiterautem
633 2490 874 2566 possessiones,
884 2490 1010 2563 hortos,

215 2584 250 2644 et
264 2583 332 2645 alia
346 2583 433 2645 bona
446 2585 559 2647 restra
574 2586 661 2647 stcut
675 2588 786 2649 omnia
797 2590 888 2666 juste
904 2605 943 2649 ac
958 2603 1014 2665 pa·

216 2680 310 2743 cilice
332 2681 524 2759 possidetis,
548 2682 643 2746 robis
669 2685 704 2747 01
730 2700 790 2761 per
817 2701 876 2747 vos
905 2686 1013 2747 eidem

215 2776 328 2839 domui
349 2780 469 2841 vestrae
497 2781 695 2844 auctoritate
720 2783 910 2860 apostolica
938 2798 1014 2844 eon·

215 2876 404 2950 firmamus,
432 2879 466 2939 et
488 2879 662 2955 praesentis
685 2881 802 2959 scripti
827 2881 1012 2958 patrocinio

215 2975 468 3037 communimus.
485 2974 578 3037 Nulli
594 2991 685 3053 ergo,
701 2978 777 3051 etc,
792 2980 915 3042 nostrae
934 2996 1014 3056 pro-

216 3072 371 3135 tectionis
390 3072 424 3134 et
436 3072 709 3139 confirmationis.
729 3075 791 3137 etc.
812 3075 847 3137 Si
862 3076 936 3153 quis
951 3092 1014 3138 au-

218 3166 292 3238 tem,
310 3169 372 3228 etc.

254 3264 374 3324 Datum
401 3265 573 3339 Laterani,
599 3266 714 3344 quinto
748 3283 854 3330 nonas
886 3272 1011 3347 martii,

214 3360 427 3439 pontificatus
441 3363 548 3426 nostri
561 3380 650 3427 anno
665 3365 783 3443 primo.

570 3572 663 3660 cdl

332 3767 387 3827 Ad
402 3770 633 3844 prepositum
654 3768 687 3830 et
705 3770 895 3845 capitulum

466 3869 757 3945 Mapaloneueem.

506 4033 524 4090 3
537 4040 620 4090 mart.
638 4033 717 4091 1117.

215 4135 358 4201 [bldmoires
375 4136 408 4188 de
422 4137 448 4187 lu
463 4137 561 4188 Socidtd
583 4139 776 4205 archeologique
793 4140 825 4191 de
841 4140 1011 4206 blontpellier,

477 4222 497 4267 t.
513 4218 541 4277 V,
554 4232 581 4282 p.
594 4219 651 4278 ddi,
664 4231 693 4269 n·
702 4220 755 4285 111]

215 4381 358 4457 Indulget,
370 4393 412 4455 ut,
423 4384 577 4458 siquando
591 4400 690 4444 eorum
703 4387 871 4461 parochiani
885 4388 1013 4450 decimas

247 4472 372 4532 retinere
391 4475 634 4549 praesumpserim,
655 4475 719 4537 illas
738 4475 773 4534 ed
790 4478 1012 4552 persolvendum

246 4563 430 4637 compellant.

252 4688 420 4750 Honorius
430 4689 618 4767 episcopus,
628 4705 745 4752 sersus
754 4707 930 4754 serrorum
938 4693 1009 4766 Dei,

213 4785 344 4849 dilectis
359 4787 437 4849 filiis
452 4791 631 4866 preposito
646 4791 680 4852 et
693 4791 840 4867 capitulo
855 4790 1010 4868 Magalo-

1806 347 1880 409 312

1071 494 1191 559 debent
1202 497 1456 561 excusationem
1467 498 1876 581 illambeopraetendere,

1071 595 1128 671 qui
1141 595 1278 659 tradidit
1292 597 1462 671 universa,
1478 615 1578 677 quam
1592 601 1756 664 militibus
1771 605 1878 666 scili-

1071 695 1123 756 cet
1137 710 1204 755 non
1223 696 1443 771 praetendunt,
1460 713 1535 759 cum
1550 698 1669 776 quibus
1687 705 1879 778 proventus

1072 807 1228 868 agrorum
1254 792 1461 872 frequentius
1485 798 1687 872 partiuntur,
1718 815 1880 876 pressen-

1070 890 1153 952 tium
1171 890 1266 954 vobis
1288 893 1486 955 auctoritate
1504 894 1661 957 duximus
1683 897 1878 975 indulgen-

1070 987 1165 1065 dum,
1184 988 1287 1066 quod,
1310 990 1491 1069 siquando
1513 993 1644 1070 praelati
1670 996 1880 1086 parochiani

1070 1086 1132 1147 sub
1153 1087 1338 1150 velamento
1362 1090 1428 1152 isto
1449 1089 1595 1153 decimas
1609 1094 1759 1155 retinere
1780 1111 1878 1172 prae-
1947 1102 1948 1111 ’

1071 1186 1282 1263 sumpserint,
1312 1188 1345 1250 et
1369 1204 1439 1262 eas,
1463 1188 1550 1250 sicut
1573 1191 1761 1269 antiquitus
1788 1208 1879 1256 con-

1070 1286 1200 1346 suetum
1221 1286 1282 1356 est,
1313 1286 1389 1362 post
1408 1287 1700 1350 commonitionem
1722 1292 1880 1353 vestram

1071 1381 1250 1456 noluerint,
1269 1382 1344 1445 sine
1359 1383 1478 1446 talium
1496 1401 1720 1464 expensarum
1740 1388 1880 1451 deduc-

1069 1478 1171 1550 tione,
1203 1482 1404 1559 persolvere,
1438 1484 1660 1562 compellendi
1691 1501 1768 1559 eos,
1801 1488 1879 1550 siue

1070 1578 1304 1656 appellationis
1325 1581 1511 1655 obstaculo,
1532 1599 1793 1660 percensuram
1814 1602 1878 1648 ca-

1070 1677 1225 1739 nonicam
1240 1677 1391 1742 babeatis
1403 1679 1544 1742 liberam
1559 1681 1765 1744 facultatem.

1111 1777 1230 1838 Datum
1245 1777 1413 1850 Laterani,
1429 1781 1459 1841 V
1472 1794 1578 1841 nonas
1590 1781 1716 1854 martii,
1732 1781 1877 1859 pontid·

1069 1874 1163 1938 catus
1177 1876 1284 1937 nostri
1298 1891 1387 1938 anno
1402 1876 1520 1955 primo.

1410 2090 1525 2179 dubi

1120 2263 1174 2324 Ad
1187 2263 1396 2342 Marsicum}
1401 2266 1597 2327 Lunensem
1609 2269 1828 2341 episcopum.

1361 2377 1378 2435 1
1392 2385 1474 2436 mart.
1491 2379 1572 2437 1117.

1222 2481 1342 2547 [Ugbelli
1356 2482 1523 2535 11011030οη.
1538 2489 1558 2535 1.
1569 2484 1589 2544 1,
1605 2485 1712 2552 118111]

1129 2615 1350 2676 concessionem
1363 2614 1468 2674 laetam
1480 2617 1516 2676 ab
1528 2619 1697 2677 lnnoceutio
1709 2634 1759 2694 pp.
1770 2622 1818 2680 lli

1386 2706 1547 2764 mntlrmat.

1106 2831 1275 2895 Honorius
1286 2832 1599 2911 episcopusservus
1608 2849 1785 2896 servorum
1795 2837 1873 2911 Dei,

1067 2929 1251 2992 venerabili
1266 2929 1521 2993 tratriMarzino
1536 2933 1683 2994 Lunensi
1693 2933 1869 3012 episcopo,

1067 3030 1096 3106 ej
1102 3044 1204 3107 usque
1219 3029 1469 3092 successoribus
1485 3030 1646 3093 canonice
1658 3030 1874 3095 substituen-

1067 3126 1118 3191 dis
1130 3127 1166 3188 in
1180 3129 1387 3205 perpetuum.

1104 3226 1223 3303 Ampla
1242 3226 1355 3288 diuino
1374 3242 1511 3289 munere
1531 3243 1652 3289 manus
1666 3229 1876 3304 aposmneae

1068 3323 1162 3387 Sedis
1185 3324 1246 3385 bos
1267 3323 1433 3397 humiliat,
1450 3325 1511 3386 bos
1524 3325 1659 3397 exaltat,
1673 3325 1727 3386 bis
1743 3342 1875 3405 super-

1067 3421 1135 3482 flua
1143 3421 1318 3494 subtrahit,
1331 3422 1409 3483 aliis
1419 3423 1873 3501 necessariasubminisuat3

1068 3520 1141 3597 ipsa
1153 3519 1253 3593 enim,
1266 3521 1426 3598 tanqmm
1440 3522 1546 3583 mater
1560 3521 1708 3584 omnium
1718 3537 1871 3598 genera-

1067 3616 1120 3690 lis,
1142 3633 1244 3695 quum
1258 3633 1477 3694 personarum
1496 3619 1626 3692 merita,
1642 3620 1676 3682 01
1689 3620 1870 3698 temporis,

1067 3716 1100 3777 et
1126 3715 1191 3777 loci
1217 3715 1412 3794 qualitatem
1435 3715 1593 3789 attendat,
1618 3716 1680 3779 bos
1706 3717 1870 3793 honorat,

1066 3813 1167 3874 immo
1192 3813 1315 3891 saepius
1341 3813 1501 3875 bonorem
1519 3813 1688 3887 oneribus,
1716 3816 1752 3878 01
1781 3832 1872 3878 onus

1067 3910 1193 3975 honore
1207 3926 1438 3988 compensans,
1450 3913 1485 3973 01
1493 3915 1611 3974 onerat
1624 3912 1824 3987 honoratos,
1839 3916 1874 3978 01

1067 4008 1221 4070 oneratos
1238 4007 1390 4070 honorat.
1409 4010 1480 4070 Hae
1493 4008 1657 4087 siquidem
1673 4011 1809 4073 ratione
1827 4011 1875 4073 10·

1066 4106 1141 4168 11013
1155 4106 1324 4168 memorie
1340 4107 1553 4168 Innocentius
1568 4109 1659 4184 Papa
1675 4109 1874 4184 praedeces·

1067 4220 1123 4266 sor
1130 4204 1243 4266 noster
1250 4203 1406 4267 inductus
1413 4204 1591 4282 specialem
1600 4206 1760 4281 gratiam,
1769 4223 1872 4285 qulam

1066 4303 1108 4364 ad
1127 4318 1304 4378 personam
1322 4301 1388 4365 bon
1402 4319 1500 4363 mem.
1517 4303 1679 4366 Gualterii
1698 4305 1872 4367 Lunensis

1065 4399 1225 4478 episcopi,
1241 4400 1311 4460 suis
1325 4400 1535 4476 exigentibus
1552 4401 1691 4473 meritis,
1709 4402 1745 4463 et
1758 4418 1871 4481 prop-

1065 4498 1117 4559 ter
1134 4497 1244 4574 ipsum
1263 4496 1306 4558 ad
1324 4496 1501 4559 ecclesiam
1520 4500 1708 4560 Lunensem
1726 4500 1872 4575 gerebat

1066 4594 1250 4667 attendens,
1266 4594 1300 4658 et
1312 4594 1429 4657 volens
1443 4595 1549 4673 ipsius
1564 4595 1716 4658 ecclesian
1728 4596 1872 4661 utilitati

1066 4693 1252 4765 consulere,
1288 4691 1329 4754 de
1359 4693 1527 4754 communi
1553 4682 1710 4755 fratrum'
1723 4694 1870 4757 consilio

1065 4790 1303 4852 monasterium
1312 4791 1483 4861 Arelense,
1500 4791 1586 4869 quod
1596 4791 1638 4851 ad
1649 4791 1868 4868 jurisdictio-

212 4885 320 4957 nensi,
343 4887 485 4949 salutem
504 4886 537 4949 01
553 4888 779 4965 Apostolicam
798 4888 1010 4953 benedictio·
1065 4903 1142 4949 nem
1156 4887 1462 4964 sedisapostolicae
1480 4886 1678 4964 pertinebat,
1695 4904 1773 4950 cum
1787 4904 1870 4967 pen-

213 4997 301 5042 nem.
1027 4968 1030 4973 ¹
1064 4985 1214 5048 tinentiis
1224 4985 1294 5046 suis
1304 4985 1444 5062 praefato
1454 4985 1621 5063 episcopo,
1633 4986 1667 5047 et
1679 5001 1742 5062 per
1751 4986 1864 5063 ipsum

254 5078 291 5139 ln
311 5078 483 5142 audientia
502 5082 617 5144 nostra
636 5083 687 5145 est
703 5085 908 5161 propositum
923 5086 1010 5162 quod
1065 5083 1219 5145 ecclcsiae
1257 5083 1405 5144 Lunensi
1435 5083 1613 5155 concessit,
1641 5082 1865 5155 confirmavit,

212 5176 410 5254 parochiani
433 5179 537 5240 vestri
567 5180 713 5242 decimas
737 5182 890 5244 ecclesiis
914 5182 1009 5245 robis
1065 5181 1181 5258 suique
1200 5180 1315 5257 scripti
1334 5180 1509 5257 privilegio
1524 5179 1751 5242 communivit.
1768 5180 1866 5242 Unde

213 5275 400 5337 commissis
426 5276 543 5338 nolunt
566 5294 641 5340 oum
664 5279 856 5355 integritate
879 5280 1011 5358 persol-
1064 5276 1170 5351 nobis,
1193 5293 1269 5340 ven.
1287 5278 1323 5338 in
1344 5277 1474 5339 christo
1494 5277 1597 5339 frater
1611 5277 1776 5354 episcope,
1797 5277 1867 5338 hu-

211 5389 302 5447 1000,
327 5374 477 5437 volentes
501 5390 544 5435 ex
567 5375 650 5452 ipsis
674 5392 839 5453 expensas
865 5379 1009 5456 primum
1064 5375 1188 5438 militer
1206 5374 1414 5452 supplicasti,
1437 5376 1473 5436 nt
1492 5375 1740 5436 concessionem
1753 5374 1866 5451 ipsam

213 5470 387 5545 deducere,
415 5488 497 5549 quas
520 5472 556 5533 in
578 5473 769 5546 seminibus,
793 5474 847 5537 vel
868 5491 1011 5551 congre-
1063 5473 1252 5551 apostolico
1264 5472 1479 5549 dignaremur
1492 5472 1676 5533 munimine
1688 5471 1863 5535 roborare.

213 5569 330 5640 gandis
348 5570 511 5645 frugibus,
534 5587 594 5632 seu
617 5572 834 5648 agricultura,
855 5573 909 5635 vel
930 5574 1008 5635 aliis
1063 5572 1133 5633 Nos
1155 5570 1259 5648 igitur
1278 5568 1432 5648 precibus
1454 5571 1520 5643 tuis
1542 5568 1721 5645 benignum
1735 5569 1867 5646 imper-

214 5662 332 5735 modis,
357 5664 476 5729 iecisse
504 5668 698 5732 noscuntur.
727 5670 811 5743 Quia
832 5687 913 5735 vero
941 5686 1009 5736 non
1036 5756 1038 5761 Ι
1062 5669 1182 5732 dentes
1205 5683 1390 5742 assensum,
1415 5667 1448 5731 et
1475 5667 1722 5731 concessionem
1752 5665 1864 5744 ipsam
