3928 6200
103 268 138 327 98
387 256 392 264 ¹
731 266 961 330 EPISTOLAE.
985 269 1063 330 LIB.
1086 270 1112 331 1.
1705 281 1744 343 94

16 432 17 435 ’
102 427 131 487 et
150 423 277 486 decano
303 424 338 485 et
365 422 602 490 archidiacono
628 424 891 489 coloniensibus.

133 522 222 585 ltmn
241 521 524 599 magdeburgensi
543 521 809 602 archiepiscopo,
828 526 892 586 etc.

133 621 223 682 Item
236 618 492 695 salseburgensi
507 620 771 698 archiepiscopo,
788 622 823 683 et
843 664 852 681 .

132 718 222 780 Item
237 717 410 779 Lundensi
425 716 687 795 archiepiscopo,
701 720 736 781 et
757 762 764 778 .

133 815 222 876 Item
239 814 513 892 archiepiscopis
538 814 570 876 et
588 815 810 892 suffraganeis
832 831 893 878 nec

100 929 160 975 non
175 912 361 989 magistris,
382 912 518 974 decanis
540 913 574 974 et
594 913 894 992 archipresbyteris

15 1046 16 1055 .
100 1010 346 1089 provinciarum
382 1010 627 1082 Nidrosiensis,
680 1010 898 1097 Ublasensis,

15 1122 17 1163 ᾗ
102 1108 201 1188 (meaa
214 1105 440 1188 Upsaleusis),
465 1107 675 1181 calaritanae,
691 1109 891 1181 rurntanae,

16 1202 17 1205 ’
102 1205 299 1267 hlborensis.

434 1401 558 1488 LXVI

212 1554 266 1614 Ad
283 1555 551 1614 Ambtaaeasem
565 1553 773 1628 episcopam.

385 1656 421 1713 ᾖ
439 1669 506 1712 nov.
528 1655 610 1713 1215.

142 1780 264 1843 [llegest.‚
274 1779 321 1829 lib.
329 1780 351 1837 1,
362 1779 438 1843 epist.
448 1778 488 1828 bl.
507 1779 567 1830 hlss.
575 1778 691 1830 LaPorte
702 1778 738 1829 dn
748 1777 841 1841 Theil].

15 1942 16 1949 ,
99 1894 429 1967 ambianensiepiscopo
442 1892 620 1962 concedit,ut
634 1909 720 1967 super
727 1895 896 1952 executione

129 1983 498 2056 oilleirdispensetelericos
509 1997 570 2039 suae
583 1981 715 2052 diocesis,
728 1983 776 2055 qui
787 1997 836 2055 per
844 1997 894 2039 ex-

131 2069 894 2144 trauecsepiscoposseleceruntinpresbyterosordi-

129 2176 208 2231 nare,
217 2158 379 2218 dummodo
387 2158 423 2216 de
431 2174 530 2216 eorum
539 2159 718 2232 promotione
726 2159 894 2217 eonstiterit.

15 2304 17 2351 t
134 2275 320 2345 Honorius,
335 2275 412 2347 etc,
426 2273 611 2337 venerabili
625 2272 721 2335 tratri
741 2275 896 2351 episcopo

98 2373 295 2435 ambianen.

15 2466 17 2499 ³
135 2472 184 2532 lix
194 2471 294 2549 parte
308 2471 366 2533 tua
381 2468 445 2532 init
465 2469 589 2532 nostris
604 2468 741 2530 auribus
759 2468 898 2531 intima-

15 2582 17 2609 ³
99 2570 175 2641 tum,
191 2567 282 2646 quod
299 2567 434 2645 quidam
450 2566 563 2628 clerici
580 2568 646 2629 tuae
661 2566 826 2640 dioecesis,
840 2565 897 2644 qui

15 2638 17 2699 s
100 2668 216 2742 prater
231 2680 410 2727 assensum
421 2665 514 2727 tuum
534 2680 594 2741 per
607 2665 786 2726 extraneos
800 2663 896 2742 epis-

15 2756 17 2823 ὲ
100 2778 195 2841 copes
217 2778 260 2824 ac
281 2761 343 2824 tibi
357 2776 493 2838 prorsus
515 2761 646 2839 ignotos
673 2777 709 2823 se
732 2760 895 2834 iecerunt,

15 2916 20 3111 l

101 2861 361 2932 sicutasserunt,
374 2860 410 2920 in
418 2858 628 2937 presbyteros
639 2858 800 2931 ordinari,
809 2859 896 2936 apud

101 2959 131 3019 te
140 2958 295 3035 precibus
311 2956 486 3018 indefessis
498 2956 667 3029 insistant,
680 2956 716 3018 ut
727 2972 785 3018 eos
799 2957 834 3017 in
848 2955 897 3018 sic

104 3056 262 3133 susceptis
276 3053 450 3116 ordinibus
463 3053 634 3130 permittas
646 3053 681 3114 in
691 3054 749 3114 tua
761 3053 896 3115 dioecesi
1001 3116 1003 3123 ,

105 3153 308 3228 ministrare,
328 3153 366 3214 tu
380 3151 458 3213 licet
468 3151 603 3230 quidam
617 3167 660 3212 ex
675 3150 755 3228 ipsis
771 3167 896 3213 secun·

15 3278 17 3299 ι
107 3250 178 3311 dum
190 3249 381 3329 opinionem
393 3250 483 3311 tuam
499 3249 566 3311 sint
580 3248 809 3310 misericordia
830 3263 896 3311 non

15 3408 17 3419 .
110 3348 239 3424 indigni,
254 3347 450 3424 dispensare
462 3346 574 3408 tamen
587 3361 662 3406 cum
677 3345 759 3423 ipsis
771 3346 898 3424 aliqua·

110 3446 197 3506 teum
210 3443 362 3513 noluisti,
385 3443 449 3504 nisi
467 3459 568 3521 super
581 3442 645 3504 hoc
666 3445 788 3505 nosirae
804 3442 896 3520 prius

111 3543 265 3620 reciperes
279 3540 523 3617 beneplacitum
536 3540 729 3601 voluntatis.
745 3540 814 3602 Nos
827 3539 897 3616 igi-

111 3640 159 3699 tur
171 3640 210 3701 de
222 3636 467 3708 misericordia,
482 3652 556 3714 quae
567 3637 795 3714 superexaltat
804 3636 899 3714 judi-

112 3735 202 3808 aium,
215 3735 417 3798 fraternitati
426 3736 492 3797 tuae
503 3749 563 3812 per
573 3733 764 3810 Apostolioa
774 3734 896 3812 scripta

112 3834 308 3906 mandamus,
335 3833 496 3910 quatenus
524 3831 686 3908 inquisita
715 3847 816 3908 super
843 3831 896 3891 his

113 3930 295 4008 diligentius
315 3930 467 4002 veritate,
494 3929 521 3989 si
545 3929 605 3990 tihi
631 3929 671 3990 de
690 3929 897 4006 promotione

113 4030 286 4092 constiterit
303 4027 506 4099 eorumdem,
523 4026 589 4087 nisi
604 4026 802 4087 canonicum
817 4026 895 4105 quid

111 4125 250 4201 obsistat,
278 4142 355 4188 cum
380 4125 423 4186 iis
444 4139 545 4201 super
573 4123 770 4185 executione
794 4124 896 4186 officii

110 4225 297 4288 auctoritate
311 4223 425 4285 nostra
446 4222 631 4299 dispenses.
648 4223 765 4282 Datum
782 4224 896 4284 Romae

109 4322 187 4397 apud
201 4322 360 4384 Sanctum
375 4320 521 4391 Petrum,
537 4321 568 4379 X
585 4318 746 4379 kalendas
762 4318 896 4381 decem-

109 4417 180 4491 bris,
195 4418 409 4497 pontificatus
423 4417 528 4479 nostri
544 4431 632 4477 anno
648 4415 765 4492 prime.

426 4595 570 4682 LXVII

154 4754 203 4812 Ad
217 4752 383 4827 officiales
396 4749 575 4809 Balnearia
586 4747 845 4821 archiepiscopi.

389 4852 424 4910 22
443 4865 510 4908 nov.
531 4849 610 4907 ltro.

144 4967 258 5033 [Regest.,
271 4969 318 5018 lib.
332 4968 353 5029 I,
363 4966 438 5031 epist.
449 4967 491 5016 62.
504 4967 563 5015 lllss.
574 4965 611 5016 La
625 4964 701 5014 Porta
710 4963 744 5014 du
759 4962 853 5026 Theill.

112 5080 290 5155 deprehendit
304 5080 444 5140 officiales
458 5082 625 5149 hamenses,
646 5078 710 5150 quia
726 5076 893 5151 suspensio·

140 5173 181 5229 nis
191 5180 218 5229 et
235 5168 543 5230 excommunicationis
555 5167 711 5225 sententias
724 5166 755 5223 in
766 5165 896 5223 subditos

139 5260 337 5318 ambianensis
355 5258 483 5331 episcopi
503 5263 602 5314 contra
619 5254 757 5329 justitiam
773 5255 896 5328 promul·

138 5357 212 5421 gent,
226 5357 256 5407 et
270 5349 345 5406 alias
356 5348 385 5404 in
402 5347 499 5403 multis
509 5351 614 5402 vexent
627 5342 755 5401 eosdem

141 5476 317 5548 Honorius,
343 5474 419 5545 eto,
445 5471 575 5534 dilectis
602 5469 801 5533 officialibus
826 5472 895 5533 Re·

110 5574 219 5635 mensis
231 5570 489 5648 archiepiscopi.

987 426 1182 491 Audivimus
1193 428 1279 507 quod
1290 431 1571 509 transgredientes
1585 436 1745 501 terminos

947 526 1228 601 praedecessorum
1239 529 1425 591 vestrorum
1433 531 1744 598 talceminmessem

947 622 1078 685 mittitis
1100 624 1258 698 alienam,
1282 625 1358 688 dum
1383 631 1611 706 suspensionis
1631 635 1664 696 et
1684 650 1746 697 ex-

948 720 1259 783 communicationis
1273 725 1457 787 sententias
1472 727 1507 788 in
1521 727 1671 792 subditos
1681 747 1746 793 ve-

947 817 1106 878 nerabilis
1142 818 1255 880 fratris
1293 823 1400 884 nostri
1435 824 1475 885 N.
1512 825 1745 891 ambianensis

949 915 1097 992 episcopi
1122 918 1239 979 contra
1258 919 1423 995 justitiam
1449 924 1677 999 promulgatis,
1713 929 1746 989 et

948 1011 1032 1073 alias
1056 1012 1091 1072 in
1126 1014 1242 1075 multis
1264 1018 1395 1078 vexatis
1419 1019 1563 1081 eosdem.
1588 1024 1745 1086 volentes

948 1110 1058 1171 autem
1072 1110 1253 1187 quemlibet
1273 1129 1347 1176 esse
1369 1131 1429 1176 suo
1441 1119 1518 1192 jure
1537 1122 1743 1200 contentum,

949 1207 1142 1270 discretioni
1171 1210 1292 1272 vestrae
1317 1228 1378 1289 per
1404 1215 1594 1290 Apostolica
1622 1220 1745 1296 scripta

949 1305 1156 1378 mandamus,
1180 1309 1344 1383 quatenus
1367 1312 1611 1387 praevenientes
1632 1332 1747 1378 emen-

950 1401 1269 1479 dationejudicium,
1290 1405 1331 1467 ab
1348 1406 1539 1485 hujusmodi
1560 1427 1748 1491 praesump-

949 1498 1040 1560 tione
1054 1501 1208 1573 cesserim
1230 1503 1380 1580 alioquin
1405 1505 1534 1569 dilectis
1557 1508 1635 1570 filiis
1650 1512 1747 1572 Ursi-

950 1597 1058 1673 campi
1079 1599 1113 1658 et
1126 1600 1343 1677 Longipontis
1358 1602 1532 1666 abbatibus
1547 1607 1744 1670 Noviomen.

950 1694 983 1754 et
998 1694 1210 1756 suessionen.
1234 1696 1424 1771 dioecesum,
1441 1701 1475 1763 et
1496 1701 1621 1765 decano
1644 1707 1747 1767 Sues-

950 1790 1079 1852 sionen.
1102 1791 1219 1852 damus
1233 1795 1357 1855 nostris
1375 1796 1496 1859 litteris
1516 1799 1550 1859 in
1566 1802 1754 1883 mandatis„

950 1887 986 1949 ut
999 1903 1058 1949 vos
1074 1888 1187 1950 adhoc
1209 1905 1457 1967 percensuram
1472 1896 1745 1972 ecclesiasticam,

950 1984 1173 2062 appellatione
1197 1989 1336 2058 remota,
1352 1991 1477 2066 praevia
1499 1993 1630 2057 ratione
1656 2012 1748 2057 com-

950 2081 1086 2159 pellant.
1102 2084 1220 2145 Datum
1245 2086 1359 2148 Romae
1383 2087 1470 2164 apud
1494 2092 1527 2150 S.
1552 2092 1699 2163 Petrum,
1716 2095 1746 2155 X

951 2176 1111 2239 kalendas
1119 2178 1313 2254 decembris,
1323 2183 1534 2261 pontificatus
1544 2189 1650 2249 nostri
1658 2186 1757 2250 anno'

951 2274 1068 2352 primo.

991 2372 1063 2434 Illis
1076 2372 1236 2451 scriptum
1250 2377 1412 2456 estsuper
1426 2379 1502 2441 hoc.

1268 2597 1435 2687 LXVIII

950 2798 1004 2858 aa
1019 2800 1174 2860 abbatem
1188 2802 1230 2861 ae
1245 2803 1380 2863 saonem
1396 2795 1743 2872 navarraearum.

991 2895 1747 2975 etdaNortusenMagantdioecat&doban-

991 2994 1563 3083 atrAloeratadeastspraeposttos.

1219 3150 1223 3157 ·
1246 3116 1360 3175 alnov.
1375 3119 1455 3176 1216.

951 3233 1131 3300 [Wurdtveim
1147 3238 1220 3289 Nora
1235 3239 1356 3300 subsidia,
1371 3240 1544 3306 diplomatica,
1562 3250 1582 3296 t.
1595 3246 1638 3308 lll,
1650 3261 1676 3312 p.
1687 3250 1739 3316 dll.

951 3378 1042 3436 Breve
1066 3381 1184 3438 llonorii
1207 3396 1293 3454 super
1316 3383 1410 3441 danda
1436 3388 1618 3458 possessione
1650 3390 1744 3449 archi·

1054 3466 1223 3528 diaconatus
1237 3471 1266 3528 S.
1278 3470 1401 3530 Andreae
1415 3473 1445 3530 in
1460 3473 1646 3535 llildesheim.

989 3620 1158 3682 Honorius
1192 3624 1387 3700 episcopus,
1424 3642 1540 3688 servus
1575 3645 1747 3693 servorum

951 3716 1022 3788 Dei,
1038 3716 1169 3780 dilectis
1184 3718 1262 3780 filiis
1275 3719 1386 3783 abbati
1402 3722 1442 3784 de
1462 3723 1594 3786 Sichem
1610 3728 1747 3789 Alvers-

950 3811 1098 3874 tadensis
1120 3814 1215 3876 dioec.
1241 3816 1275 3877 et
1300 3817 1341 3878 de
1359 3820 1536 3881 Nortusen.
1559 3824 1744 3899 Magantia.

951 3910 1046 3971 dioec.
1059 3911 1093 3973 et
1103 3912 1215 3972 Sancti
1225 3912 1388 3975 iohannis
1398 3916 1627 3980 Alverstaden.
1656 3937 1747 3999 prae-

952 4009 1078 4085 positis,
1113 4010 1254 4072 salutem
1282 4011 1316 4073 et
1340 4013 1556 4089 apostolicam
1583 4015 1746 4080 benedic-

949 4105 1086 4167 tionem.

990 4203 1109 4265 Coram
1132 4204 1252 4268 dilecto
1274 4207 1343 4270 illio
1369 4209 1394 4271 Ι.
1414 4208 1616 4276 subdiacono
1640 4215 1673 4277 et
1689 4231 1749 4277 ca-

950 4299 1083 4378 pellano
1108 4303 1233 4376 nostre,
1258 4321 1355 4382 quem
1378 4306 1486 4369 felicis
1507 4312 1747 4376 recordationis

951 4399 976 4457 I.
1002 4400 1093 4476 Papa
1120 4401 1346 4478 praedecessor
1369 4406 1483 4467 noster
1505 4410 1683 4486 praeposito
1707 4411 1748 4472 de

950 4497 1134 4559 Brunesvic
1154 4497 1188 4560 et
1206 4501 1232 4559 Ι.
1249 4501 1411 4563 canonico
1431 4503 1644 4567 lldesemensi
1666 4524 1748 4569 con-

951 4595 1098 4657 cesserat
1123 4595 1319 4671 auditorem,
1347 4602 1521 4682 proposuit
1547 4604 1744 4679 praepositus

950 4693 1162 4764 memoratus,
1202 4694 1288 4769 quod
1330 4695 1603 4775 archidiaconatu
1639 4702 1747 4763 sancti

949 4786 1090 4849 Andreae
1103 4788 1296 4851 lldesemen.
1312 4794 1462 4863 vacante,
1478 4794 1643 4870 quondam
1659 4796 1747 4859 llde-

950 4885 1111 4946 semensis
1124 4885 1299 4962 episcopus
1313 4888 1392 4949 tunc
1404 4889 1538 4952 vinculo
1552 4906 1747 4956 excommu-

950 4981 1128 5043 nicationis
1143 4983 1300 5046 astrictus
1313 4984 1623 5052 archidiaconatum
1635 4992 1745 5070 ipsum

950 5078 1097 5151 dict01.,
1121 5095 1195 5141 cum
1219 5080 1356 5159 dejure
1376 5084 1560 5160 nequierit,
1590 5087 1632 5151 de
1658 5089 1747 5154 tacto

950 5175 1124 5249 concessit,
1139 5177 1225 5254 quod
1247 5194 1348 5256 quum
1362 5183 1571 5258 pervenisset
1586 5186 1628 5247 ad
1647 5202 1746 5251 aures

950 5272 1152 5335 venerabilis
1179 5274 1293 5338 fratris
1321 5279 1427 5341 nostri
1450 5282 1745 5358 Magdeburgensis

950 5371 1191 5450 archiepiscopi
1202 5373 1377 5450 legationis
1388 5376 1498 5438 osdcio
1509 5379 1588 5440 tunc
1599 5379 1746 5456 tungen-

948 5469 1004 5540 tis,
1038 5469 1286 5533 concessionem
1322 5473 1428 5550 ipsius
1463 5474 1610 5552 episcopi
1645 5492 1747 5555 super

950 5565 1065 5628 eodem
1077 5567 1352 5631 archidiaconatu
1359 5570 1490 5647 justitia
1503 5571 1657 5649 exigente
1672 5591 1748 5639 cas·
