3982 6196
221 301 280 359 1523

222 459 386 538 episcopis
401 462 436 523 in
449 479 589 540 quorum
602 463 799 526 dioecesibus
813 468 889 527 sunt
903 465 1020 528 domus

221 558 442 631 carthusien„
463 561 591 623 ordinis
611 563 811 636 constitute,
831 563 1019 627 salutemet

220 655 436 732 apostolicam
452 657 726 721 benedictionem.

260 756 364 825 Quum
398 755 509 816 dilecti
534 756 595 817 lilii
622 757 743 819 iratres
769 757 1017 819 carthusiensis

218 851 357 923 ordinis,
374 853 519 929 acceptis
538 855 656 931 pennis
676 855 836 916 columbae
849 856 884 915 iu
897 855 1017 917 mentis

218 948 430 1010 solitudinem
450 951 625 1020 evolarint,
651 952 786 1030 illioque
810 968 870 1030 pro
891 953 961 1013 suis
984 954 1017 1015 et

218 1046 359 1107 aliorum
383 1049 528 1124 peccatis
554 1050 724 1126 gemendis
748 1052 783 1110 in
807 1066 867 1112 ara
893 1049 1013 1121 cordis,

842 307 1016 368 HONORII
1040 307 1083 368 111
1106 310 1253 372 ornat.

1404 480 1538 567 CXXX

1072 621 1288 693 edaciorem
1297 621 1545 685 etconoeatum
1553 627 1870 699 Cornpeadiensem.
1977 642 1978 649 ¹

1377 734 1465 794 1161).
1482 737 1561 796 1118.

1103 837 1222 902 [1163666
1238 839 1283 890 lib.
1295 840 1325 899 ll,
1336 840 1411 904 epist.
1422 841 1478 892 811.
1492 844 1549 893 Hcs.
1563 844 1599 894 La
1610 844 1684 895 Porto
1697 845 1732 895 du
1741 846 1838 911 11611]

1070 936 1114 993 Ne
1123 951 1261 1009 personas
1271 939 1314 995 eis
1325 938 1453 997 subditas
1464 940 1871 1014 aliquisexcommunicatione
1977 930 1978 933 ¹

1241 1027 1286 1083 vel
1301 1027 1451 1086 interdicto
1466 1030 1584 1103 alligare
1597 1033 1697 1104 possit.

218 1144 369 1206 mactatis
398 1146 587 1207 carnalibus
614 1148 806 1219 desideriis,
835 1147 1015 1209 holocaus-
1110 1143 1288 1215 Honorius,
1311 1144 1387 1216 etc,
1411 1144 1541 1207 dilectis
1562 1146 1678 1209 filiisu-
1701 1149 1810 1226 priori
1836 1150 1870 1211 oi

217 1243 285 1302 tum
298 1242 474 1305 offerentes
485 1245 624 1308 Domino
636 1246 842 1324 semetipsos,
853 1262 894 1307 ne
903 1245 1013 1323 pedes,
1070 1239 1246 1300 conventui
1259 1240 1523 1317 compendiensi.

217 1356 299 1416 quos
320 1340 482 1413 laverant,
504 1345 665 1419 cogantur
684 1344 803 1405 iterum
825 1344 1012 1421 inquinare,
1108 1335 1212 1398 Justis
1227 1339 1422 1414 petentium,
1438 1356 1572 1415 suque:
1591 1342 1797 1419 complere...
1823 1346 1868 1406 lia

216 1437 415 1501 fraternitati
440 1441 560 1502 vestrae
586 1457 646 1518 per
673 1441 862 1518 apostolica
891 1441 1014 1517 scripta
1069 1436 1204 1510 pr0pter
1217 1451 1535 1510 usquesassensu...
1552 1441 1759 1503 1661661616
1778 1458 1868 1518 prae·

216 1535 423 1608 mandamus,
437 1540 599 1614 quatenus
614 1538 752 1617 quilibet
764 1540 908 1601 vestrum
920 1554 1015 1615 paro·
1069 1533 1212 1593 sentium
1236 1533 1426 1597 inhibemus
1442 1553 1484 1597 ne
1500 1537 1621 1614 aliquis
1636 1538 1867 1616 archiepisco-

214 1633 353 1694 cbianos
366 1650 455 1707 suos,
469 1636 525 1713 qui
536 1651 593 1697 eos
606 1636 880 1714 praesumpserint
888 1636 1013 1697 temere
1069 1644 1196 1705 6011161,
1223 1631 1276 1692 vel
1298 1632 1539 1710 episcoporum,
1568 1651 1627 1696 seu
1642 1635 1708 1696 alia
1725 1652 1868 1713 persona
1977 1642 1978 1659 1

214 1730 403 1803 molestare,
430 1734 465 1794 ut
480 1749 579 1810 super
598 1734 662 1794 hoc
682 1734 730 1794 eis
745 1733 889 1795 debiam
911 1733 1013 1795 satis·
1068 1725 1310 1797 ecclesiastica,
1338 1728 1576 1793 ministeriales
1595 1747 1656 1793 666
1682 1733 1867 1795 servientes

213 1827 390 1890 factionem
405 1831 609 1907 impendant,
625 1831 806 1892 monitione
826 1831 1010 1908 praemissa,
1068 1825 1261 1887 monasterii
1282 1827 1384 1888 vestri
1399 1827 1433 1889 in
1449 1827 1555 1904 ipsius
1576 1828 1746 1908 obsequiis
1763 1830 1867 1891 insis-

213 1940 272 2004 per
300 1940 474 1988 censuram
504 1929 766 1991 ecclesiasticam
789 1928 1013 2006 appellatione
1067 1922 1183 1995 tentes,
1197 1923 1406 1998 interdicere,
1420 1926 1471 1987 vel
1483 1926 1775 2023 excommunicare
1784 1944 1868 2005 prae·

212 2023 339 2086 remota
357 2026 543 2102 compellat.
1067 2021 1185 2091 sumat,
1208 2021 1354 2098 quandiu
1370 2038 1429 2083 vos
1451 2024 1560 2098 parati
1581 2025 1662 2085 estis
1683 2024 1724 2084 de
1740 2025 1811 2085 illis
1833 2024 1867 2085 in

252 2122 291 2183 nt
303 2122 459 2199 quoniam
473 2123 585 2195 iidem,
599 2124 635 2185 ut
649 2124 825 2196 oredimus,
838 2125 878 2185 ad
891 2124 1013 2186 calum-
1066 2118 1160 2178 curia
1185 2120 1297 2180 vestra
1320 2118 1456 2182 cuilibet
1486 2122 1700 2198 conquerenti
1724 2122 1868 2198 justitiae

213 2219 303 2280 niam
325 2222 546 2297 projecerunt,
572 2223 769 2283 auctoritate
797 2222 1010 2298 prasentium
1067 2214 1305 2290 plenitudinem
1315 2215 1485 2286 exhibere,
1498 2217 1564 2278 nisi
1581 2218 1694 2279 forsan
1707 2235 1867 2279 66666666

210 2316 410 2391 iuhibemus,
428 2335 470 2379 ne
485 2318 559 2395 quis
572 2319 700 2395 priores
715 2335 775 2381 seu
790 2318 909 2381 iratres
925 2319 1012 2381 ordi·
1066 2313 1109 2374 311
1141 2312 1224 2374 adeo
1253 2314 1464 2386 manifestus,
1500 2317 1587 2392 1111011
1613 2315 1865 2393 justificaiiffllis

211 2414 264 2474 nis
293 2416 466 2477 memorati
495 2415 606 2477 subire
630 2417 806 2493 compellat
833 2416 1010 2478 calumniae
1066 2409 1158 2471 101111
1180 2410 1439 2485 11111111861118111,
1463 2428 1523 2474 8011
1537 2413 1583 2474 iia
1599 2413 1758 2485 enormis,
1779 2414 1866 2491 1111011

207 2513 445 2587 juramentum,
473 2528 535 2574 nec
556 2514 656 2574 iidem
671 2514 712 2575 ad
729 2513 900 2576 serendum
915 2514 1011 2575 testi·
1066 2507 1106 2567 111
1132 2511 1280 2569 Vestrum
1306 2509 1471 2586 judicium
1501 2525 1567 2571 non
1597 2510 1780 2587 1161ῒί11θᾶ1»
1814 2511 1865 2571 Vel

211 2609 358 2670 monium
375 2611 536 2687 cogantur
550 2611 657 2672 inviti.
1060 2604 1276 2681 Judioiarium
1309 2606 1460 2668 ordinem
1485 2624 1552 2668 nou
1581 2609 1742 2685 requirat.
1773 2608 1864 2670 Nulli

1065 2718 1155 2778 ergo,
1174 2702 1249 2775 616.,
1270 2707 1394 2765 nostrae
1414 2704 1634 2767 inhibitionis.
1657 2706 1692 2766 Si
1708 2706 1784 2783 quis
1800 2722 1864 2767 au-

1064 2801 1141 2873 tem,
1167 2801 1229 2861 etc.
1258 2803 1376 2862 Datum
1398 2802 1555 2864 Laterani
1579 2802 1694 2881 quinto
1712 2801 1791 2864 idus
1817 2802 1866 2862 ie-

1064 2896 1193 2959 bruarii
1205 2913 1293 2960 anno
1308 2899 1465 2961 secundo.

1383 3059 1538 3146 CXXXI

1063 3204 1115 3264 Ad
1127 3205 1295 3263 66666666
1303 3203 1475 3263 81666661
1478 3246 1498 3274 .,
1511 3203 1692 3264 cultiorem
1700 3206 1860 3265 Nooz'ooa

1103 3300 1137 3361 61
1144 3301 1300 3374 priorem
1314 3300 1426 3361 sancti
1439 3302 1574 3363 Nicotat
1587 3303 1765 3362 suession.
1778 3304 1862 3362 dioe-

1102 3399 1201 3458 cesis.

251 2708 368 2769 Datum
395 2709 562 2781 Laterani,
592 2709 706 2786 quinto
734 2708 809 2771 idus
838 2709 1007 2782 februarii,

211 2805 422 2885 pontificatus
437 2807 542 2869 nostri
558 2823 646 2869 anno
662 2806 817 2870 secundo.

535 2994 690 3081 CXXXX

294 3137 347 3197 Ad
360 3136 516 3196 abbatem
531 3138 564 3198 et
578 3137 786 3198 conventum
804 3136 923 3198 Sancti

388 3234 635 3307 symphoriani
649 3234 828 3295 Maiensis

520 3364 537 3420 9
552 3361 607 3421 161).
623 3364 702 3423 1118.

240 3475 359 3541 [Regem
375 3475 420 3527 lib.
433 3478 465 3536 ll,
476 3477 552 3541 epist.
561 3478 617 3529 sal.
628 3479 686 3532 llss.
699 3480 737 3530 La
750 3479 828 3529 Porto
837 3478 873 3530 du
883 3477 977 3544 rnen]

291 3584 493 3641 Possessiones
506 3585 582 3643 illius
596 3593 755 3643 conventus
769 3585 928 3645 coufirmat.

1369 3474 1387 3531 9
1401 3472 1457 3533 seb.
1474 3475 1552 3533 tals.

1095 3581 1216 3646 11166661,
1229 3580 1274 3631 lib.
1289 3580 1321 3641 11.
1335 3580 1475 3645 66161831.
1489 3582 1549 3633 llss.
1559 3583 1595 3632 La
1606 3581 1682 3633 Poste
1691 3582 1725 3633 du
1737 3583 1831 3650 111611]

247 3702 430 3773 Honorius,
480 3701 537 3772 tc,
569 3703 700 3765 dilectis
730 3703 807 3765 liliis
838 3703 948 3765 abbati
976 3704 1009 3766 et

209 3799 387 3861 conventui
404 3801 516 3861 Sancti
533 3801 767 3878 symphoriani
786 3802 907 3863 Meten.

248 3898 354 3969 Quum
370 3912 390 3958 6
407 3897 503 3960 nobis
518 3899 676 3975 petitur...
695 3915 803 3973 usqtle
814 3918 825 3959 .·
841 3900 1006 3977 perduca-

207 3998 262 4056 tur
274 3994 438 4056 effeotum.
453 3997 499 4056 Ea
515 3997 658 4072 propter,
685 4012 792 4070 usque
806 4015 818 4057 :
828 4013 1005 4058 assensu...

207 4092 390 4153 Ecclesiam
411 4093 524 4153 Sancti
552 4093 772 4169 stephanide
793 4097 910 4170 Arajes
932 4111 1006 4155 cum

208 4186 361 4248 omnibus
376 4189 587 4265 pertinentiis
599 4190 669 4251 suis
681 4206 700 4251 a
712 4191 899 4252 venerabili
911 4192 977 4254 frat
997 4192 1004 4205 ‘

206 4285 359 4345 nostro...
388 4286 509 4346 Melon.
533 4287 690 4364 episcopo
712 4288 894 4364 imperialis
921 4290 1007 4350 aulae

206 4380 420 4453 cancellario,
444 4381 557 4443 dilecti
578 4383 637 4443 dlii
653 4384 779 4444 Elionis
802 4386 923 4447 Meten.
946 4402 1005 4446 ar·-

206 4479 405 4553 ohidiaooni,
423 4480 458 4540 in
479 4482 575 4556 cujus
594 4480 868 4543 archidiaconatu
891 4484 1005 4544 eadem

207 4578 360 4641 consistit
382 4577 526 4639 ecclesia
552 4578 795 4642 interveniente
825 4596 1004 4653 consensu,

205 4677 299 4738 vobis
323 4677 376 4753 pia
405 4675 605 4739 liberalitate
634 4677 800 4750 collatam,
831 4694 905 4740 cum
930 4681 1006 4756 jure

206 4777 411 4849 patronatus,
426 4775 512 4853 quod
528 4773 652 4836 habere
667 4775 816 4837 dicimini
829 4778 864 4838 in
878 4777 1004 4848 eadem,

205 4872 292 4933 siout
311 4888 351 4933 66
373 4874 463 4950 juste
489 4888 529 4934 ao
551 4872 687 4950 pacifice
713 4873 883 4947 obtinetis,
913 4878 946 4936 61
972 4875 1005 4935 16

205 4970 395 5030 eorumdem
411 4970 558 5047 episcopi
573 4975 606 5033 et
627 4971 858 5034 archidiaconi
873 4973 1003 5044 litteris,

204 5067 326 5128 dicitur
347 5068 522 5140 contineri,
546 5068 651 5140 vebia,
669 5070 702 5131 et
723 5086 853 5145 parvos
871 5087 1007 5132 monas-

1063 3689 1207 3746 llnnulum
1217 3696 1246 3747 et
1256 3688 1368 3747 mitram
1381 3689 1513 3747 concedit
1523 3689 1618 3747 abbati
1628 3690 1859 3764 compendiensi.

1102 3799 1281 3872 Honorius,
1302 3802 1378 3872 616.,
1394 3799 1525 3861 dilectis
1545 3798 1624 3860 tiliis
1639 3799 1768 3862 decano
1793 3803 1859 3862 Sil-

1062 3899 1261 3960 vanecten...
1285 3896 1413 3959 cantori
1433 3897 1643 3969 Noviomen.,
1667 3898 1740 3962 et...
1758 3899 1859 3975 priori

1064 3995 1176 4057 Sancti
1198 3994 1328 4057 Nicolai
1350 3995 1386 4055 in
1407 3998 1512 4056 Bosco
1537 3995 1753 4057 suessionen.
1774 3996 1859 4063 (1166-

1063 4092 1159 4154 66616.

1102 4192 1209 4262 Quum
1238 4190 1333 4253 vobis
1361 4190 1491 4251 nostras
1522 4189 1638 4250 demus
1667 4190 1800 4252 litteras
1825 4191 1858 4251 in

1063 4287 1237 4359 mandatis,
1253 4290 1289 4347 ut
1303 4286 1494 4348 examinata
1506 4285 1669 4348 electione
1683 4287 1726 4349 de
1739 4287 1856 4349 dilecto

1062 4385 1130 4444 tilio
1145 4383 1279 4446 alberto
1294 4383 1457 4444 monacho
1470 4382 1706 4459 compendien.
1723 4400 1857 4445 monas-

1060 4481 1137 4543 terii
1149 4481 1185 4548 in
1197 4481 1312 4542 eodem
1326 4480 1528 4542 monasterio
1539 4479 1719 4553 celebrata,
1733 4483 1858 4558 pariter

1061 4582 1094 4641 et
1114 4579 1230 4651 electo,
1259 4579 1288 4639 si
1307 4594 1381 4643 eam
1400 4578 1441 4638 de
1457 4592 1600 4654 persona
1619 4576 1744 4641 idonea
1765 4579 1859 4644 inue-

1061 4676 1178 4738 neritis
1197 4676 1357 4738 canonice
1376 4664 1587 4745 celebratam,
1609 4675 1717 4751 ipsam
1740 4677 1856 4736 aucto-

1061 4775 1159 4835 ritate
1194 4772 1384 4851 apostolica
1417 4771 1620 4837 confirmetis
1654 4772 1688 4833 et
1728 4771 1856 4834 faciatis

1060 4873 1165 4933 electo
1174 4871 1271 4950 juxta
1283 4871 1391 4947 ipsius
1402 4869 1594 4931 monasterii
1607 4868 1855 4946 privilegiorum

1060 4971 1208 5029 tenorem
1223 4983 1342 5028 munus
1356 4966 1597 5028 benedictionis
1612 4965 1771 5041 impendi.
1784 4967 1857 5026 Dis·

1060 5066 1200 5127 cretioni
1213 5067 1335 5128 vestrae
1351 5080 1410 5142 per
1421 5063 1609 5140 apostolica
1622 5064 1748 5141 scripta
1764 5079 1857 5124 man·

203 5163 289 5224 tenio
324 5165 434 5224 vestro
468 5164 666 5226 auctoritate
699 5165 888 5242 Apostolica
924 5183 1006 5228 con·
1060 5164 1176 5229 damus
1191 5164 1354 5240 66616666
1369 5178 1443 5226 cum
1459 5161 1531 5226 baec
1545 5161 1609 5223 rite
1623 5160 1757 5222 fueritis
1771 5177 1854 5221 exe·

203 5258 373 5322 firmamus
408 5262 442 5321 et
472 5261 648 5338 praesentis
676 5263 791 5340 scripti
819 5264 1005 5343 patrocinio
1060 5262 1138 5334 cuti,
1153 5276 1249 5321 usum
1268 5259 1375 5325 mitrae
1397 5275 1436 5320 ao
1451 5258 1567 5323 annuli
1580 5258 1688 5323 eidem
1707 5256 1854 5318 auctori-

203 5358 457 5419 communimus.
473 5357 566 5420 Nulli
581 5374 671 5435 ergo,
690 5361 766 5429 616.,
788 5362 913 5424 nostrae
930 5377 1005 5423 con·
1059 5360 1126 5421 tate
1148 5362 1261 5420 nostra
1285 5357 1505 5436 personaliter
1529 5355 1732 5417 concedatis.
1764 5354 1855 5428 Quod

203 5455 412 5528 firmationis,
432 5457 494 5517 etc.
514 5456 638 5533 Siquis
658 5460 779 5529 autem,
798 5460 859 5521 eto.
887 5460 1004 5521 Datum
1059 5458 1087 5517 si
1103 5472 1168 5517 non
1184 5471 1310 5527 omnes,
1326 5456 1402 5526 616.,
1419 5453 1650 5525 duouestrum,
1668 5456 1732 5514 etc.

205 5553 360 5612 Laterani
387 5554 502 5633 quinto
533 5554 608 5619 idus
635 5554 795 5620 februarii
826 5572 914 5621 anno
945 5573 1003 5618 se·
1098 5557 1217 5616 Datum
1242 5552 1398 5615 Laterani
1432 5550 1547 5630 quinto
1571 5550 1647 5612 idus
1678 5548 1853 5622 februarii,

205 5645 323 5705 cundo.
1058 5667 1146 5715 6666
1162 5651 1318 5717 seeundo.
