3928 6200
112 305 171 366 385
605 309 755 372 XXXIII.
770 313 869 372 -IN
893 313 1022 377 Fus'ro
1045 318 1271 384 VIRGINUM.
1700 330 1760 397 386

150 461 312 527 Similiter
321 462 496 539 odoratus,
511 467 542 529 sl
553 468 674 546 quaerit
685 485 823 532 suavem
835 471 913 534 odo·
967 476 1000 536 et
1014 475 1203 552 significant
1215 477 1302 543 bona
1317 497 1418 559 opera
1432 498 1506 561 qum
1517 483 1637 548 debent
1652 485 1760 550 lucem

113 577 179 624 iam
199 561 273 633 Dei,
289 563 323 624 et
336 563 514 642 restringit
532 580 568 627 se
593 567 732 629 erariis
755 569 912 632 odoribus
966 573 1123 649 pandere,
1137 576 1233 649 idest,
1246 578 1410 655 Justitiam
1420 581 1658 644 demonstrare.
1669 584 1761 646 Talis

113 661 209 738 liujus
223 660 352 733 mnndi,
369 663 506 738 sapiens
519 664 615 740 virgo
628 667 690 735 est,
706 667 793 744 quod
808 668 914 729 lacie-
966 670 1144 732 enim'esse
1158 673 1254 736 debet
1270 676 1415 751 prudens
1429 678 1534 753 virgo,
1550 679 1645 751 idest,
1662 697 1762 742 unus·

112 758 165 820 bat
180 773 305 834 sponsa
319 760 355 820 et
372 759 634 825 adolescentula
649 766 734 842 ejus,
748 764 837 826 idest
850 768 914 826 Ec-
966 766 1107 843 quisque
1121 768 1226 830 honus
1244 772 1281 833 ui
1300 772 1336 833 in
1349 774 1419 833 suis
1440 774 1658 851 lampadibus,
1675 775 1762 839 idest

110 855 211 918 alesia
231 858 266 917 et
280 856 399 919 fideles
414 858 535 921 animae
550 860 699 923 dicentes
722 862 758 923 in
776 863 912 924 cantico
966 862 1062 924 bonis
1077 865 1244 941 operibus,
1256 868 1312 931 det
1323 869 1444 943 lumen,
1460 871 1557 945 idest,
1573 875 1762 950 exemplum

112 954 348 1015 Canucorum:
370 959 481 1019 Trade
495 971 550 1020 me
559 961 641 1032 post
663 961 706 1031 tc,
729 975 913 1022 curremus
963 960 1114 1038 iustitiae.
1142 963 1236 1024 Unde
1258 963 1294 1025 in
1319 968 1498 1043 Evangelio
1524 972 1681 1032 :Laceat
1698 976 1761 1033 tim

111 1055 147 1112 lu
159 1054 265 1113 auare
275 1054 536 1130 unquentorum
551 1056 692 1118 tuorum
703 1054 812 1137 (dant.
830 1073 854 1129 1,
864 1056 911 1137 3).
966 1059 1086 1120 uestra
1099 1073 1218 1121 coram
1229 1065 1485 1136 ominamur
1503 1068 1642 1128 uideam
1656 1083 1763 1143 opera

112 1150 233 1208 Sancta
249 1148 399 1210 Ecclesia
412 1151 590 1212 trabitura
606 1153 750 1224 christo,
766 1154 845 1231 quia
859 1154 914 1214 in·
967 1155 1087 1217 vestra
1101 1159 1197 1231 borea,
1209 1160 1243 1220 et
1252 1162 1442 1236 adamarent
1449 1163 1597 1226 Patrem
1605 1165 1762 1227 vestram

112 1245 235 1308 riatur
254 1245 298 1307 ab
319 1246 393 1324 ipso
419 1248 565 1310 coelestis
587 1250 684 1326 regni
710 1251 860 1327 praemio,
881 1252 914 1313 et
967 1255 1026 1326 aar·
1048 1256 1086 1315 m
1108 1257 1201 1316 coetts
1219 1257 1272 1317 est
1286 1255 1416 1335 (Matth.
1432 1276 1464 1331 v,
1479 1259 1543 1339 16).
1564 1262 1604 1323 Ε1
1622 1261 1700 1324 licet
1718 1263 1761 1325 sit

112 1344 381 1417 adolescentulae,
391 1346 490 1413 idest,
499 1348 616 1410 fideles
626 1349 747 1412 animae
760 1351 912 1423 currunt,
968 1349 1104 1411 lucerna
1119 1352 1303 1430 multiplex,
1318 1355 1380 1416 has
1394 1357 1505 1418 tamen
1520 1358 1686 1436 praecipue
1700 1375 1761 1421 nos

113 1443 203 1515 idest,
218 1443 384 1506 velociter
397 1444 646 1525 transeunt'per
660 1447 749 1509 uiam
768 1448 913 1509 manda·
968 1446 1126 1509 debemus
1140 1450 1333 1523 accendere,
1346 1453 1383 1513 ut
1392 1453 1478 1515 sicut
1491 1453 1613 1516 dicitur
1624 1455 1658 1516 in
1674 1471 1762 1533 prae·

112 1545 219 1603 torum
234 1545 309 1620 eius
325 1542 361 1603 in
385 1543 521 1605 odorem
541 1548 798 1622 unguentorum,
815 1546 911 1619 idest,
968 1544 1070 1606 mIssa
1081 1545 1180 1618 serie,
1196 1547 1263 1609 sint
1275 1549 1419 1611 lucemae
1434 1551 1589 1612 ardentes
1598 1551 1634 1612 in
1649 1553 1761 1613 maui-

114 1640 327 1702 insuavitate
342 1641 526 1703 coelestium
547 1644 816 1719 promissionum.
829 1645 914 1717 Quia
968 1641 1030 1702 bus
1044 1643 1176 1704 restris.
1190 1646 1247 1706 Est
1257 1646 1345 1706 enim
1357 1646 1493 1708 lucerna
1506 1649 1664 1718 exterior,
1675 1649 1764 1710 inte·

113 1738 198 1798 enim
209 1738 326 1800 dulcia
336 1742 416 1802 sunt
426 1740 461 1802 et
472 1740 588 1802 suavia
604 1757 678 1819 quae
691 1742 854 1818 promisit,
871 1742 915 1802 li·
968 1740 1049 1812 rior,
1066 1740 1220 1817 superior
1229 1743 1263 1803 et
1277 1742 1426 1804 inferior.
1444 1745 1608 1817 Exterior,
1623 1746 1761 1818 scilicet,

115 1834 226 1897 beuter
240 1836 373 1900 radunt
387 1854 603 1916 quacumque
617 1839 786 1917 praecepit
800 1839 836 1900 Si
848 1855 913 1900 au·
969 1838 1221 1914 predicatorem
1238 1840 1326 1901 unde
1341 1841 1375 1901 ln
1388 1841 1515 1917 psalmo
1532 1863 1539 1901 ε
1553 1844 1765 1908 oaoommm

116 1935 177 1994 iem
185 1933 347 1996 odoratus
357 1936 472 1997 noster
480 1936 598 2013 diligat
607 1934 712 1998 malos
724 1937 846 1998 odores
856 1936 915 1996 hu·
969 1939 1143 1998 illuminas
1154 1941 1466 2010 lacernamnwam,
1476 1943 1621 2001 Domine
1632 1939 1701 2018 (Ps.
1713 1941 1762 2011 17,

113 2031 301 2105 jussaeculi
314 2032 423 2093 elnon
433 2032 500 2094 nisi
510 2049 667 2110 perverso
682 2048 806 2105 amore,
823 2033 914 2095 fatua
967 2030 1033 2110 29).
1045 2034 1196 2094 Lucerna
1206 2034 1357 2107 interior,
1368 2034 1463 2107 idest,
1472 2036 1581 2111 gratia
1592 2037 1666 2108 Dai;
1679 2037 1766 2098 unde

116 2127 206 2203 uirgo
220 2130 287 2201 est,
309 2129 389 2206 quia
403 2130 524 2206 quaerit
547 2130 683 2192 odorem
702 2130 801 2192 citius
820 2130 916 2191 tran·
969 2130 1003 2190 in
1014 2129 1128 2192 Exodo
1144 2152 1152 2190 ε
1168 2134 1345 2193 Lacernas
1358 2133 1491 2206 septem
1503 2148 1611 2208 pones
1625 2138 1663 2195 ta
1676 2149 1764 2195 cau-

114 2227 274 2288 sanatam.
281 2226 515 2289 Undeinlibro
526 2228 706 2305 Sapientia
717 2242 913 2305 expersona
968 2230 1105 2289 delabro
1120 2226 1194 2306 (lix.
1209 2244 1288 2299 xxv,
1304 2228 1370 2307 37),
1387 2230 1513 2306 septem
1532 2230 1661 2292 scilicet
1680 2231 1766 2292 dona
1800 2272 1815 2290 ..

116 2322 277 2384 malorum
291 2327 526 2387 :coronemus
536 2340 600 2387 aas
610 2328 712 2395 rosis,
727 2327 915 2400 antequam
968 2325 1004 2385 in
1019 2324 1178 2398 Ecclesia,
1196 2326 1250 2386 vel
1266 2326 1300 2386 in
1318 2325 1417 2388 corde
1430 2325 1612 2401 credentis3
1629 2327 1716 2388 unde
1731 2328 1766 2388 in

116 2422 331 2483 marcescant
346 2419 439 2500 (Sap.
455 2436 492 2494 u,
508 2422 554 2501 8).
573 2422 738 2485 Odoratus
752 2426 867 2485 noster
885 2423 914 2483 si
968 2421 1327 2499 apocalypsusepam
1334 2425 1768 2497 tampadesaatctbrouam

116 2519 258 2595 prudens
293 2519 391 2595 virgo
425 2519 486 2593 est,
515 2521 763 2584 coronabitura
779 2537 911 2598 sponso,
968 2519 1084 2596 (Apoc.
1104 2535 1150 2591 iv,
1169 2518 1214 2597 5).
1238 2520 1298 2581 Est
1317 2520 1454 2581 lucerna
1480 2520 1643 2598 superior,
1668 2521 1765 2595 idest,

117 2616 246 2692 quando
280 2615 577 2694 incomparabilem
600 2619 735 2681 odorem
755 2619 815 2681 Dei
842 2620 914 2681 siue
968 2616 1040 2692 ipse
1059 2615 1227 2691 Christum
1252 2618 1340 2677 unde
1360 2617 1395 2678 in
1418 2617 1598 2694 Evangelio
1621 2638 1630 2679 ε
1653 2622 1765 2681 Nemo

117 2713 178 2774 dne
191 2713 366 2791 percipiet.
384 2713 478 2776 Unde
492 2715 652 2777 Dominus
668 2716 702 2776 iu
711 2715 915 2777 libroldccle-
968 2715 1321 2786 accreditlaceraam,
1334 2715 1369 2776 et
1380 2714 1478 2789 pontt
1485 2718 1765 2789 eamsabmodta

115 2810 819 2878 siastici20uastbatsamumaoamlatam
830 2816 915 2875 odor
968 2809 1765 2890 sedsupercaudetabram(Luc.xr‚33).ltemin

116 2924 211 2970 meas
222 2907 341 2988 (Ecali
355 2926 448 2983 xxiv,
460 2908 525 2989 21).
543 2911 678 2983 Quodsi
691 2909 915 2974 beatusJoan-
969 2907 1152 2984 Evangelio
1174 2929 1182 2968 ε
1199 2909 1280 2975 Qum
1296 2911 1422 2970 mulier
1441 2911 1568 2971 babens
1584 2912 1766 2971 drachmas

115 3022 171 3068 nes
186 3006 274 3069 dixit
290 3029 298 3067 ι
313 3009 455 3074 maudo
469 3012 508 3070 ta
520 3014 632 3071 locam
643 3009 831 3084 sepultarae
842 3012 915 3071 des·
968 3007 1095 3077 decem,
1115 3009 1147 3067 si
1166 3006 1359 3080 perdiderit
1377 3021 1485 3067 auam
1498 3021 1546 3069 ea
1561 3009 1638 3075 illis,
1654 3021 1767 3069 aronae

2 3116 3 3131 ³
114 3105 225 3167 aeas
252 3107 339 3168 odor
364 3106 445 3168 tuas
469 3110 507 3168 ta
528 3122 596 3181 me,
618 3107 914 3182 conmaptseeattas
969 3103 1123 3165 accendit
1135 3108 1314 3165 lacernam
1323 3103 1358 3164 et
1369 3104 1501 3165 everrit
1516 3107 1656 3165 domam
1671 3101 1765 3183 (Luc.

116 3204 281 3265 eacttamt
290 3204 454 3275 aeternas,
466 3204 562 3277 idest,
577 3204 736 3266 excitavit
747 3204 913 3266 desideria
969 3216 1024 3271 xv,
1034 3198 1080 3278 8).
1094 3202 1244 3262 Lucerna
1253 3199 1511 3274 etiaminlerior,
1524 3200 1767 3277 scilicatgloria

116 3313 185 3358 mea
201 3300 238 3361 ut
259 3314 392 3376 semper
410 3300 541 3376 cupiam
563 3301 596 3362 te
609 3299 737 3363 videre.
758 3300 793 3363 Si
807 3300 911 3372 latua,
970 3296 1223 3369 mundanorum,
1239 3298 1293 3360 vel
1308 3298 1376 3359 vita
1395 3296 1600 3375 temporalis
1623 3314 1697 3375 quae
1717 3299 1769 3360 est

116 3395 347 3471 reprobabitur
372 3395 414 3457 ab
436 3397 526 3475 ipso,
550 3397 683 3474 quando
710 3395 916 3460 cruciabitur
968 3394 1114 3472 fragilis;
1127 3396 1765 3474 undeJoszaaeorameatiapaetur,

115 3493 408 3556 infernalifoetore.
420 3495 662 3573 Undelegimus
672 3497 707 3557 in
715 3496 915 3573 Apocalypsi
969 3494 1156 3555 ettaceraa
1170 3509 1248 3567 pace
1263 3494 1315 3556 est
1336 3496 1374 3555 ta
1395 3493 1766 3565 taoaoaazaoeomm

115 3592 199 3668 quod
210 3591 361 3654 damnati
369 3592 692 3669 cruciabunturigne
700 3594 733 3655 et
742 3592 912 3671 sulphure.
970 3591 1181 3653 tenebrescet
1194 3589 1281 3669 (lob.
1298 3588 1488 3669 111116).

3 3716 4 3719 ¹
116 3689 313 3764 Ignislrabet
322 3690 479 3763 calorem,
491 3691 632 3768 sulphur
642 3691 741 3754 babet
750 3691 911 3753 foetorem.
1010 3690 1161 3749 Lucerna
1185 3688 1332 3751 exterior
1356 3687 1524 3748 illuminat
1548 3687 1661 3749 oculos
1691 3702 1769 3750 cor-

154 3786 433 3850 Similitertactus
447 3788 627 3865 nosterqui
639 3790 805 3867 praecipue
818 3789 913 3850 estin
969 3785 1079 3862 porls;
1107 3784 1194 3845 unde
1217 3784 1253 3844 in
1273 3784 1453 3859 Evangelio
1476 3804 1484 3844 s
1506 3786 1563 3844 Sta
1578 3785 1690 3846 mceat
1705 3790 1768 3846 taor

115 3873 323 3957 manibus,'si
335 3885 560 3948 exercetur'in
574 3886 760 3948 ministerio
774 3887 915 3948 alsamo
968 3883 1087 3945 cestra
1100 3897 1220 3943 coram
1238 3883 1441 3951 bominibus,
1456 3881 1496 3940 at
1509 3881 1650 3941 otdeaat
1661 3895 1768 3955 opera

115 3997 204 4059 synae
216 3982 432 4061 vetustius,
447 3983 580 4060 sapiens
590 3984 685 4060 virgo
694 3985 754 4055 est,
765 3984 842 4061 qula
854 4000 913 4062 pro
967 3976 1594 4054 aestrabonaetplortticeatl’atrem
1610 3976 1767 4038 uestram
1822 3992 1826 3997 ·

115 4079 225 4142 labore
252 4080 348 4142 brevi
371 4082 510 4157 recipiet
532 4081 619 4143 bona
646 4081 790 4143 coelestis
805 4082 911 4158 regni.
967 4080 1027 4151 aut
1040 4079 1078 4138 la
1091 4075 1259 4138 coeltsest.

116 4177 205 4240 Unde
213 4178 296 4239 dicit
305 4179 461 4240 Salomon
470 4179 510 4241 de
520 4178 607 4240 bona
616 4179 757 4240 muliere
769 4200 776 4239 ε
786 4183 914 4242 Martias
1009 4177 1158 4236 Lucerna
1170 4172 1311 4235 interior
1324 4172 1492 4234 illuminat
1506 4171 1621 4233 oculos
1636 4171 1766 4247 cordis3

115 4277 460 4352 masaperuamopr,
477 4277 746 4351 etpalmassaas
757 4278 914 4339 eateadtt
968 4272 1057 4334 unde
1072 4274 1107 4334 in
1119 4273 1248 4350 psalmo
1266 4293 1273 4332 :
1292 4274 1454 4334 ldarniaa
1475 4275 1589 4333 oculos
1602 4284 1708 4342 meos,
1724 4284 1769 4331 ae

114 4376 157 4434 od
177 4388 373 4448 paauperem
400 4371 514 4452 (Prot.
546 4386 617 4446 xxi,
641 4373 708 4454 20).
739 4374 773 4435 Si
803 4376 913 4435 autem
968 4372 1361 4445 amoaamobdormtam
1379 4372 1416 4430 m
1435 4370 1549 4430 morte
1567 4366 1637 4447 (Ps
1655 4369 1704 4441 12,
1720 4365 1766 4448 1).

117 4474 289 4533 exercetur
300 4470 336 4533 in
353 4471 542 4533 homicidiis
555 4472 588 4533 et
600 4472 844 4549 iniquitatibus,
859 4472 915 4531 in·
969 4471 1119 4529 Lucerna
1143 4468 1296 4545 superior
1319 4465 1412 4544 sugat
1434 4464 1588 4527 tenebras
1610 4465 1770 4541 ignoran-

117 4567 237 4644 sipiens
251 4569 347 4645 virgo
360 4570 421 4631 est
439 4568 533 4632 Unde
545 4567 650 4631 isaias
667 4588 675 4631 r
691 4572 819 4631 Maras
836 4584 915 4631 oes—
968 4565 1048 4640 iiae3
1072 4566 1159 4627 unde
1181 4567 1286 4627 isaias
1303 4584 1311 4625 ε
1327 4569 1481 4639 Popatm
1499 4565 1559 4636 aar
1577 4563 1770 4624 ambulabat

118 4664 180 4725 trce
191 4672 304 4739 maza
316 4668 400 4729 saut
422 4671 603 4744 scapulae,
626 4668 661 4729 et
683 4667 784 4744 aram
805 4668 880 4728 vest
908 4671 915 4682 ·
968 4666 1007 4724 ta
1036 4664 1186 4726 tenebris
1209 4663 1296 4724 atdtt
1329 4667 1439 4724 lacem
1465 4672 1640 4734 maenam.
1668 4659 1708 4718 Et
1733 4657 1767 4718 in

4 4824 5 4829 ,
117 4765 204 4835 ptem
215 4765 401 4838 iniquitate
410 4764 468 4844 (Is.
479 4780 547 4839 uxr,
559 4764 604 4845 3).
617 4767 739 4828 Tactus
749 4765 872 4837 noster,
884 4764 913 4825 si
968 4761 1096 4838 psalmo
1126 4780 1134 4819 ε
1164 4763 1257 4821 Deae
1282 4772 1392 4827 meas,
1425 4757 1582 4817 aomina
1607 4754 1769 4816 tenebras

119 4860 258 4934 prudens
273 4860 440 4938 virgoest,
455 4862 754 4926 remunerabitura
769 4862 911 4934 Christo,
968 4872 1064 4919 meas
1081 4855 1151 4935 (Pa.
1175 4857 1224 4927 17,
1248 4851 1315 4931 29).
1341 4855 1491 4913 Lucerna
1517 4849 1657 4912 interior
1676 4849 1769 4926 rugat

119 4956 245 5032 quando
265 4958 396 5020 dicetur
413 4959 445 5021 ei
461 4962 630 5023 :dalmat
644 4961 678 5022 et
691 4961 816 5022 dedisti
830 4962 914 5022 mibi
969 4953 1076 5015 lucem
1085 4952 1243 5030 justitiae3
1261 4948 1349 5010 unde
1365 4948 1488 5010 Paulus
1505 4969 1513 5008 ε
1529 4951 1609 5010 Noa
1622 4947 1674 5010 est
1685 4962 1770 5009 cor-

121 5057 364 5118 muudacare...
389 5055 521 5136 (Matth.
544 5074 624 5129 xxv,
648 5055 713 5136 35).
744 5056 780 5118 si
803 5058 913 5119 autern
968 5051 1083 5112 centio
1103 5052 1188 5112 lacis
1202 5051 1247 5111 ad
1262 5048 1432 5117 tenebras,
1448 5060 1558 5120 aeque
1572 5044 1701 5108 Cbrtstt
1724 5048 1769 5107 ad

5 5224 6 5229 ἵ
124 5148 914 5233 111111111011111111111111111111111
967 5151 1076 5211 Belial
1090 5145 1135 5225 (ll
1156 5146 1229 5207 Cor.
1247 5161 1292 5217 vi,
1312 5143 1376 5222 15).
1394 5142 1507 5204 Prima
1521 5142 1658 5205 lucerna
1670 5144 1767 5203 exta-

5 5236 6 5249 *
123 5251 317 5314 meamet
328 5254 471 5325 pedlbm
484 5253 710 5326 ejuamitttte
724 5252 915 5315 eummte-
969 5245 1049 5318 rior,
1069 5244 1208 5316 scilicet,
1231 5241 1478 5321 predicatores,
1500 5239 1692 5302 accenditur
1715 5238 1769 5299 lu-

125 5349 242 5410 nebras
255 5348 453 5413 exteriores
466 5350 598 5430 (Matth.
612 5365 696 5422 xxii,
715 5348 778 5429 13).
969 5343 1058 5404 miue
1080 5340 1176 5404 bonae
1188 5339 1463 5411 conversationis,
1478 5339 1577 5415 atque
1599 5336 1764 5412 exempli;

160 5446 258 5507 Item:
274 5449 395 5509 Simile
403 5449 787 5526 estrepneamcoemrum
799 5451 915 5509 aecem
969 5438 1056 5501 unde
1074 5440 1109 5500 in
1134 5439 1314 5515 Evangelio
1340 5454 1348 5498 ε
1377 5440 1440 5499 Vos
1460 5437 1543 5498 estis
1563 5440 1625 5496 tarr
1645 5438 1767 5495 maadi

127 5543 396 5619 virbinmaepuoe
403 5549 912 5620 mmpmateslampadessaas...
970 5539 1102 5618 (Mattb.
1119 5554 1153 5611 v,
1173 5536 1238 5616 14),
1253 5537 1331 5615 quia
1345 5533 1595 5597 conversatione
1608 5533 1719 5593 vestra
1733 5536 1768 5594 et

130 5637 303 5749 Lampadas
315 5642 578 5723 uranturquasi
596 5645 705 5707 lucem
720 5643 912 5722 pandentes,
969 5637 1121 5715 exemplo
1141 5636 1228 5699 alios
1251 5633 1470 5708 illumiaatis;
1497 5630 1585 5693 unde
1612 5630 1738 5692 Paulus
1758 5652 1766 5693 a

262 5786 378 5833 simon.
398 5789 472 5834 rous
491 5777 527 5858 ll.
1544 5761 1578 5820 la
1589 5777 1618 5820 m
