3946 6196
253 228 314 290 315
878 170 1054 282 nononu
1075 220 1119 281 111
1141 219 1290 282 osana
1844 227 1904 287 sic

256 388 337 460 sius,
352 386 385 449 et
398 400 471 460 nos,
489 381 546 464 qui
560 382 646 462 quod
662 382 694 444 ei
706 380 853 444 feceritis
870 379 1049 442 nobisileri
1103 380 1364 459 tiamjustorum
1388 383 1571 455 convertat,
1588 383 1702 446 ninum
1723 383 1906 447 infundens

139 508 141 513 ⁴
254 486 458 565 reputamus,
478 482 572 545 vobis
589 480 710 543 exinde
724 480 904 541 reddamur
917 479 1052 541 lavora—
1105 479 1138 540 et
1157 479 1268 539 oleum
1281 479 1478 542 vulneribus
1502 482 1645 544 sauciati
1664 498 1704 544 ac
1722 483 1907 545 secundum

254 584 339 647 biles
365 586 398 647 et
429 581 575 657 benigni.
605 579 773 657 Alioquin,
801 594 844 640 ne
871 578 956 656 quod
986 577 1050 639 sibi
1104 577 1215 639 datam
1236 576 1301 638 sibi
1316 594 1336 638 a
1351 581 1418 641 Deo
1431 579 1631 656 sapientiam
1644 596 1781 658 gregem
1797 583 1909 643 Domi-

255 682 350 754 desit,
368 678 544 758 quominus
564 693 624 740 vos
651 676 832 738 salubriter
853 691 971 752 regere
990 692 1051 737 va·
1104 674 1216 736 uicum
1240 691 1392 753 pascens,
1416 678 1503 754 quod
1526 680 1577 741 cst
1597 678 1767 739 infirmum
1785 695 1909 741 conso-
1965 706 1966 715 ¹

254 780 331 853 leat,
346 777 542 840 sententiam
558 776 629 839 sive
641 774 858 853 temporalem
868 775 940 836 sire
955 773 1051 852 spiri·
1104 772 1196 846 lidet,
1224 772 1257 835 et
1281 774 1368 851 quod
1394 777 1555 851 aegrotum
1588 778 1639 838 est
1674 779 1782 850 sanet,
1820 779 1907 856 quod

253 879 378 940 tualem
393 892 492 954 quam
504 872 749 937 rationabiliter
761 872 877 934 tulerit
890 873 925 933 in
940 871 1052 934 rebel·
1103 870 1246 933 tractum
1277 874 1328 933 est
1357 872 1473 949 alliget
1503 875 1537 936 et
1557 876 1645 953 quod
1666 877 1718 938 est
1737 875 1908 953 abjectum

252 977 312 1049 les,
328 975 435 1037 ratam
453 973 658 1044 babebimus,
675 974 708 1035 et
726 970 899 1045 iaciemus,
913 971 1050 1033 auctore
1103 969 1254 1042 reducat,
1268 972 1301 1033 et
1315 971 1439 1048 pingue
1453 972 1580 1035 tortere
1589 976 1774 1036 conservet

254 1074 405 1146 Domino,
422 1071 663 1135 inviolabiliter
676 1070 859 1133 observari.
1144 1070 1317 1130 Monemus
1338 1070 1443 1146 igitur
1465 1071 1719 1134 universitatem
1743 1074 1906 1145 vestram,

292 1174 412 1236 Datum
428 1171 596 1242 Laterani,
611 1172 656 1231 ΙΙΙ
680 1186 785 1231 nonas
801 1168 924 1243 martii,
940 1168 1051 1246 ponti-
1105 1166 1137 1228 et
1160 1166 1378 1229 exhortamur
1399 1168 1436 1230 in
1459 1170 1609 1242 Domine,
1632 1186 1692 1248 per
1710 1173 1909 1248 apostolica

252 1272 370 1334 licatus
382 1269 488 1333 nostri
503 1284 591 1331 anno
610 1267 729 1345 prime.
1103 1263 1197 1325 robis
1211 1266 1336 1343 scripta
1349 1267 1583 1343 praecipiendo,
1600 1269 1810 1342 mandantes,
1827 1286 1910 1347 qua·

334 1388 339 1399 ·
1103 1363 1200 1424 tenus
1234 1364 1344 1440 ipsum
1378 1365 1535 1443 tanquam
1569 1367 1769 1443 apostoliea
1808 1368 1909 1429 Sedis

574 1484 730 1572 CCLIH
1104 1460 1264 1537 legatum,
1292 1463 1393 1524 immo
1427 1479 1606 1540 personam
1635 1466 1801 1538 nostram,
1829 1482 1910 1527 cum
1965 1514 1966 1555 3

1104 1558 1308 1621 exultatione
1339 1561 1509 1637 recipiatis
1542 1562 1575 1623 et
1606 1562 1740 1638 gaudio,
1774 1564 1810 1625 et
1846 1564 1911 1625 bo-
1965 1568 1966 1579 ¹

537 1657 591 1718 Ad
604 1658 764 1717 Pisonos.
1103 1657 1242 1719 noritioe
1256 1657 1475 1735 pertractetis,
1496 1675 1536 1720 ea
1553 1676 1626 1737 quae
1640 1659 1735 1721 nobis
1749 1677 1795 1723 ex
1809 1663 1909 1738 parte

1103 1756 1218 1815 nostra
1249 1756 1461 1832 praeceperit,
1494 1756 1568 1818 sine
1596 1756 1792 1819 difficultate
1819 1775 1910 1837 qua-

545 1830 563 1888 θ
581 1837 664 1888 mm·
686 1829 764 1887 ¹²¹⁷·
1103 1851 1184 1914 libet
1193 1852 1327 1915 effectui
1341 1854 1579 1931 mancipantes,
1590 1870 1629 1915 ao
1637 1855 1788 1917 salubria
1795 1857 1909 1933 ipsius

386 1934 647 2003 [naynmdmnnales
661 1933 920 1999 meledunense]
1103 1950 1228 2012 monita
1256 1951 1290 2012 et
1309 1952 1474 2029 praecepta
1495 1952 1705 2029 recipientes,
1730 1953 1911 2016 humiliter

1102 2049 1136 2109 et
1173 2047 1290 2111 devote
1329 2051 1511 2111 servantes.
1556 2049 1713 2127 Alioquin
1759 2054 1909 2113 senten-

1102 2144 1193 2218 tiam,
1214 2162 1314 2224 quam
1330 2147 1402 2224 ipse
1416 2149 1552 2225 propter
1569 2148 1633 2210 hoc
1653 2149 1911 2211 rationabiliter
1965 2208 1966 2217 ,

1102 2242 1217 2306 tulerit
1242 2244 1277 2305 in
1304 2245 1460 2318 rebelles,
1490 2246 1597 2307 ratam
1628 2246 1844 2319 habebimus,
1875 2250 1910 2310 et

1102 2341 1261 2405 iaciemus
1272 2345 1408 2406 auctore
1416 2345 1555 2405 Domino
1566 2344 1706 2406 tirmiter
1716 2345 1908 2408 observari.

292 2421 452 2484 Volentes
480 2421 706 2494 dilectionem,
737 2437 838 2500 quam
862 2421 904 2482 ad
926 2435 986 2481 vos
1015 2420 1049 2481 et
1102 2441 1220 2502 Datum
1241 2441 1399 2503 Laterani
1423 2445 1453 2503 11
1474 2457 1551 2504 non,
1570 2444 1666 2505 mart„
1686 2444 1908 2521 pontificatus

257 2520 425 2584 ciuitatem
447 2521 594 2583 vestram
613 2519 784 2593 babemus,
801 2518 975 2581 ostendere
989 2534 1048 2596 per
1102 2538 1209 2600 „ogga
1224 2554 1312 2601 anno
1326 2542 1351 2601 1,

254 2618 426 2691 effectum,
454 2634 514 2696 per
548 2634 624 2680 eum
659 2618 701 2679 ad
733 2634 804 2687 vos,
836 2618 932 2695 quasi
964 2617 1048 2679 coelo

251 2717 424 2789 inclinato,
448 2716 604 2778 duximus
627 2715 904 2788 descendendum,
920 2715 977 2793 qui
999 2716 1049 2777 est
1433 2756 1583 2844 (ΜΝ

251 2818 305 2878 vir
317 2816 431 2893 utique
445 2815 626 2877 secundum
640 2815 871 2886 cornostrum,
884 2814 1047 2891 potensin

252 2930 353 2992 opere
364 2930 404 2975 ac
419 2928 583 2986 sermone,
600 2912 634 2974 et
653 2911 689 2973 in
704 2928 768 2989 quo
783 2912 920 2988 spiritus
935 2913 1048 2974 noster
1101 2943 1154 3001 Ad
1162 2945 1345 3018 Hwonem
1358 2943 1549 3006 Ostiensem
1569 2947 1773 3018 episcopum
1790 2948 1910 3021 apos,

251 3012 287 3073 in
309 3012 450 3073 veritate
474 3010 633 3088 quiescit3
650 3010 687 3070 ut
699 3025 759 3071 vos
774 3009 1048 3072 commonefaciat
1302 3040 1411 3102 polim
1424 3042 1524 3103 Sem-3
1537 3043 1701 3119 lemgum
1965 3020 1966 3025 ’

250 3108 448 3185 Apostolicae
462 3107 556 3169 Sedis
566 3107 650 3178 vias
660 3107 737 3168 etin
747 3105 918 3170 thuribulo
930 3123 1044 3181 auree,

251 3207 337 3284 quod
352 3206 452 3268 estin
467 3220 568 3266 manu
582 3204 687 3282 ipsius
701 3205 838 3267 incensa
853 3206 973 3268 vestrae
988 3207 1048 3268 de·
1389 3234 1407 3290 g
1425 3235 1508 3294 Hm
1523 3235 1604 3294 lain.
1965 3292 1966 3295 Ἴ

250 3303 394 3367 notionis
416 3302 586 3375 accendat,
603 3302 636 3364 et
650 3303 700 3363 sic
722 3302 758 3364 in
782 3304 961 3380 conspectu
975 3307 1046 3366 Do·
1133 3346 1281 3415 [naynaldi.
1298 3349 1412 3401 nnnues
1423 3349 1590 3401 ecelesiastici
1606 3350 1639 3402 m
1652 3365 1696 3402 m·
1709 3350 1780 3409 lali,
1793 3350 1807 3416 ὅ
1817 3350 1881 3419 86].
1965 3322 1966 3371 3

250 3401 334 3463 mini
344 3400 453 3463 tumus
467 3401 681 3463 incensorum
692 3401 879 3462 vestrorum
890 3402 1047 3465 ascendat
1552 3448 1554 3453 -

253 2098 350 2157 Monet
361 2105 460 2167 eos,ut
472 2099 624 2171 lingonem
638 2112 705 2154 curn
724 2096 897 2154 exultatione
911 2095 1049 2169 recipiant

288 2195 316 2245 et
326 2186 431 2260 gaudio
446 2194 474 2245 et
484 2187 574 2261 ipsius
589 2192 731 2261 praecepta
747 2184 894 2243 humiliter
907 2192 935 2242 et
946 2184 1049 2243 devote

288 2283 412 2334 servent.

251 3501 292 3562 de
317 3517 418 3562 manu
445 3502 530 3578 ejus,
558 3500 714 3577 quoniam
741 3499 888 3576 Angelus
915 3502 1047 3563 Domini
1100 3508 1217 3569 llandnt
1231 3516 1271 3579 ut,
1284 3524 1349 3567 cum
1365 3518 1532 3583 potestaset
1545 3511 1805 3584 populusPisanus
1816 3528 1914 3588 super
1965 3482 1966 3487 ἵ

250 3600 457 3661 exercituum
473 3599 534 3670 est,
549 3600 643 3676 cujus
658 3596 748 3659 labia
770 3598 943 3661 scientiam
965 3616 1045 3661 cus·
1136 3595 1211 3656 laeto
1226 3598 1365 3656 sardinia
1378 3600 1551 3672 apostolicis
1566 3600 1689 3673 interint
1711 3608 1790 3659 stare
1817 3617 1910 3661 man·

250 3698 390 3770 todiunt,
416 3699 449 3759 et
473 3695 530 3758 lex
556 3712 636 3759 vere
663 3696 771 3773 potest
793 3712 837 3758 ex
859 3713 918 3759 ore
941 3697 1046 3775 ipsius
1136 3686 1219 3756 dans,
1240 3687 1283 3744 01⁸
1307 3688 1464 3761 liioessiliiib
1493 3695 1525 3746 ¹¹2
1550 3696 1721 3761 potestatem
1749 3690 1850 3762 iiissflm
1886 3699 1915 3749 01

248 3796 386 3875 requiri,
420 3797 505 3857 Ecce
543 3795 631 3855 enim
663 3794 706 3855 ad
734 3810 793 3856 vos
820 3796 1046 3857 venerabilem
1135 3776 1263 3849 ipsorum
1286 3778 1443 3834 exereitum
1465 3776 1501 3833 de
1519 3776 1649 3834 Sardinia
1665 3778 1798 3850 protinus
1817 3794 1910 3839 revo-

1135 3873 1202 3922 cent
1222 3871 1250 3922 et
1269 3862 1422 3923 decaetero
1447 3868 1539 3938 ipsam
1566 3864 1740 3936 Sardiniam,
1772 3882 1842 3939 quie
1876 3869 1913 3927 ad

1135 3953 1328 4026 apostolicam
1344 3951 1446 4011 sedern
1473 3955 1600 4011 noscitur
1613 3956 1768 4029 pertinere,
1797 3971 1856 4029 per
1880 3974 1913 4015 se

1135 4041 1181 4099 vel
1200 4056 1250 4116 per
1262 4041 1334 4099 alios
1347 4040 1495 4099 infestent.

250 3896 387 3958 fratrem
410 3895 558 3956 nostrum
580 3896 754 3969 Hugonem
769 3894 961 3972 episcopum
981 3896 1045 3957 Os-

248 3994 390 4056 tiensem
412 3991 612 4069 Apostolicae
638 3991 733 4052 Sedis
758 3991 905 4068 legatum
931 3992 1046 4054 trans-

250 4092 422 4162 mittimus,
443 4089 502 4166 qui
524 4089 638 4165 utique
659 4088 778 4149 coelum
805 4090 856 4152 est
879 4105 1045 4152 enarrans

152 4186 153 4189 ’
249 4188 392 4264 gloriam
416 4186 492 4257 Dei,
521 4189 554 4246 et
578 4188 737 4262 tanquam
767 4186 938 4248 stellarum
973 4188 1044 4250 iul·
1139 4188 1307 4249 Honorius
1325 4188 1501 4265 episcopus
1516 4203 1633 4250 servus
1648 4204 1828 4252 servorum
1850 4193 1912 4255 Dei

249 4284 396 4361 goribus,
422 4298 551 4344 morum
579 4282 753 4344 venustate
778 4283 981 4360 praefulgens
1008 4287 1044 4347 in
1100 4284 1219 4346 dilecto
1235 4284 1303 4346 lilio
1319 4285 1451 4361 Hugoni
1466 4285 1611 4347 Ostiensi
1623 4286 1796 4364 episcopo,
1812 4290 1914 4352 salu-

250 4385 344 4460 onjus
366 4380 511 4460 proiecto
529 4380 607 4441 sunt
618 4381 761 4457 pectore,
776 4381 916 4444 velutin
931 4383 1045 4445 firma·
1097 4382 1165 4443 tem
1179 4384 1212 4444 et
1221 4383 1445 4459 Apostolieam
1460 4381 1737 4444 benedictionem.

248 4481 360 4543 mento
387 4478 567 4540 luminaria
591 4478 657 4540 duo
681 4494 812 4555 magna,
836 4480 955 4556 quibus
977 4482 1044 4544 diei
1137 4482 1245 4551 Quum
1259 4481 1415 4556 potestas,
1432 4480 1466 4543 et
1478 4480 1621 4557 populus
1636 4482 1784 4543 Pisanus
1802 4501 1913 4563 super

249 4578 373 4657 presit,
397 4578 430 4639 et
448 4576 548 4649 nocti,
564 4575 715 4639 doctrina
734 4576 889 4639 videlicet
910 4580 987 4641 novi
1011 4582 1045 4641 et
1098 4577 1185 4638 iacto
1201 4577 1374 4650 Sardiniae,
1390 4579 1513 4640 nostris
1526 4579 1675 4656 jurarint
1694 4582 1787 4642 stare
1805 4599 1912 4645 man-

247 4677 372 4741 veteris
386 4674 600 4747 Testamenti,
617 4690 682 4752 qua
699 4674 928 4752 spiritualibus
943 4677 1046 4753 spiri·
1098 4674 1194 4747 datis,
1211 4674 1412 4737 fraternitati
1431 4678 1496 4737 tuae
1517 4677 1733 4752 praesentium
1750 4681 1913 4743 anctori-

249 4775 384 4838 ritualia
406 4772 627 4851 cooperando,
650 4772 722 4834 dies
745 4773 842 4851 quasi
865 4775 939 4835 luce
963 4775 1043 4837 solis
1097 4774 1165 4835 tate
1179 4772 1384 4845 mandamus,
1404 4774 1568 4851 quatenus
1589 4774 1648 4847 eis,
1674 4774 1751 4837 vice
1772 4780 1911 4847 nostra,
1965 4824 1966 4827 ,

248 4873 404 4945 illustrat,
422 4872 455 4935 et
465 4870 650 4933 minoribus
664 4870 717 4932 lac
729 4871 904 4947 praebendo
918 4873 1041 4949 potum,
1098 4871 1158 4932 sub
1177 4870 1286 4932 debito
1301 4871 1443 4947 praestiti
1453 4870 1636 4949 juramenti
1657 4873 1855 4951 praecipias,
1874 4880 1912 4938 nt

249 4986 316 5032 non
334 4986 456 5038 escam,
472 4970 586 5031 noctes
605 4965 772 5030 illuminat
787 4969 883 5046 quasi
899 4970 991 5043 luna,
1008 4974 1044 5034 ut
1097 4969 1291 5046 potestatem
1317 4968 1436 5046 ipsam,
1463 4971 1498 5030 et
1521 4983 1636 5029 eorum
1651 4972 1845 5034 exercitum
1867 4974 1911 5035 de

248 5067 354 5131 imbre
365 5066 524 5128 doctrinae
534 5066 678 5128 coelestis
689 5068 814 5129 terram
823 5068 1043 5132 cordisvestri
1099 5067 1253 5129 Sardinia
1267 5067 1416 5144 protinus
1426 5060 1592 5139 revocent,
1607 5067 1691 5129 etad
1701 5071 1846 5147 propria
1856 5089 1913 5134 re·

248 5165 459 5245 perfundens,
477 5165 511 5225 et
522 5163 704 5235 inebrians,
721 5165 828 5241 ipsam
842 5164 945 5228 iaciat
958 5167 1045 5229 truc·
1097 5165 1170 5227 dire
1181 5165 1403 5243 compellant3
1419 5166 1453 5227 et
1467 5164 1641 5228 decaetero
1657 5165 1769 5242 ipsam
1785 5170 1913 5230 Sardi-

248 5268 316 5329 tum
327 5262 466 5343 justitiae
478 5261 677 5338 germinare,
687 5276 812 5340 vosque
822 5263 857 5324 in
868 5264 1043 5329 devotione
1097 5263 1199 5336 niam,
1216 5279 1290 5341 quae
1305 5263 1346 5324 ad
1361 5261 1585 5339 Apostolieam
1611 5262 1730 5323 Sedem
1748 5267 1912 5328 noscitur

249 5363 373 5425 sanotae
407 5364 565 5422 Romanae
600 5359 757 5421 Ecclesiae
781 5362 897 5423 matris
923 5366 1042 5426 vestrae
1097 5362 1274 5438 pertinere,
1291 5377 1350 5439 per
1364 5377 1400 5421 se
1410 5360 1464 5421 vel
1476 5376 1536 5437 per
1548 5361 1634 5422 alios
1647 5377 1714 5421 non
1725 5362 1908 5439 infestent,

236 5461 396 5531 reducat,
414 5460 448 5520 et
471 5456 662 5519 corroboret
683 5457 717 5517 in
737 5459 864 5531 eadem,
879 5459 1043 5539 cordaque
1097 5458 1912 5537 restituentesApostolieaeSediterrasquaseum·

249 5558 379 5633 patrum
403 5557 438 5618 in
464 5556 564 5627 filios,
581 5556 614 5617 et
636 5555 826 5618 incredulos
840 5557 882 5618 ad
895 5559 1043 5635 pruden-
1096 5557 1253 5634 queinea
1266 5557 1354 5619 dicta
1366 5556 1909 5639 potestasetexercitusoccupa-
