3928 6200
200 299 258 363 iii
757 290 937 359 HONORII
962 290 1089 352 PAPAE
1110 289 1155 351 ΙΙΙ
1177 288 1285 351 viiii.
1786 292 1850 356 412

199 458 420 541 exemptionis
439 471 513 521 sese
534 450 708 534 privilegio
734 451 890 524 tutantes,
906 448 993 530 quod
1012 438 1016 447 ’
1047 444 1230 514 honoribus
1247 449 1355 528 ipsius
1375 448 1544 524 Ecclesia,
1561 464 1601 513 ac
1620 451 1722 515 etiam
1742 452 1849 530 spiri·

196 558 391 637 jamdudum
428 552 625 632 Apostolicae
662 544 757 612 Sedis
794 549 895 626 legati
926 549 993 610 illis
1047 548 1225 610 ritualibus
1235 549 1357 610 uestris
1370 548 1517 625 legitime
1528 548 1757 622 defendendis,
1771 567 1850 612 con·

199 653 429 726 contulissent,
445 649 644 729 patriarchae
665 651 739 724 tura
754 645 991 709 detrectabant.
1047 646 1099 708 tra
1119 647 1227 722 ipsum
1251 646 1434 724 principem
1456 648 1547 708 stare
1568 647 1672 708 libere
1691 648 1846 721 valeatis,

200 754 260 816 Ille
274 751 458 815 Honorium
482 761 542 826 per
564 745 693 809 litteras
712 744 898 807 adeundum
914 760 995 806 cen-
1047 744 1231 806 coercendo
1241 744 1779 817 vosamacliinationedumtaxat‚
1788 762 1850 823 pei·

199 852 277 923 snit,
298 850 338 911 de
352 849 444 909 hisce
460 845 560 908 rebus
585 846 796 922 conquestus,
818 844 854 905 ut
874 842 938 904 sibi
957 843 992 904 in
1047 856 1146 919 quam
1161 840 1250 903 idem
1263 842 1418 921 princeps
1433 842 1569 905 deberet
1587 842 1758 905 laesionem
1773 860 1850 921 per·

199 963 314 1011 omnes
329 944 558 1023 praelationem
579 944 739 1005 tueretur.
759 942 864 1004 lussit
885 940 994 1002 omni·
1048 954 1140 1001 sonae
1154 941 1207 1000 vel
1222 936 1275 1001 sui
1291 940 1505 1002 amissionem
1520 941 1694 1002 incurrere
1714 942 1848 1019 princi-

198 1045 260 1106 bus
285 1046 322 1106 ut
349 1042 401 1105 illi
425 1042 581 1120 parerent
603 1040 638 1101 in
658 1039 731 1101 haec
753 1038 855 1100 verba
878 1040 993 1099 Hono·
1047 1036 1144 1113 patus
1159 1036 1219 1117 (2).
1237 1035 1346 1116 [Greg.
1361 1040 1417 1112 ni,
1432 1037 1489 1099 lib
1502 1040 1533 1110 2,
1549 1039 1601 1101 tit.
1616 1037 1683 1119 24(
1707 1037 1747 1118 ).]

197 1144 269 1205 rius
284 1138 521 1212 :sabbatibus
537 1138 694 1217 praelatis,
709 1130 993 1207 conventibus,'ac
1087 1135 1198 1213 Cyprii
1211 1150 1341 1213 quoque
1353 1122 1518 1197 insulares
1529 1137 1670 1198 Honorii
1681 1153 1849 1200 summam

197 1240 330 1302 clericis
365 1238 518 1302 omnibus
552 1237 587 1298 in
624 1233 991 1312 constantinoponiana
1046 1232 1081 1292 in
1094 1248 1208 1294 omnes
1222 1234 1418 1311 potestatem
1430 1248 1611 1312 agnovere,
1623 1236 1756 1313 quando
1769 1238 1850 1314 qni-
1911 1304 1915 1310 ‚

197 1339 334 1400 dioecesi
355 1335 543 1399 constitutis
561 1356 568 1395 :
588 1336 655 1396 Sua
670 1330 777 1405 nobis,
791 1331 910 1410 inquit,
927 1346 990 1408 pa·
1046 1329 1121 1391 dem
1145 1331 1353 1392 Nicosiensis
1376 1331 1648 1409 archiepiscopus
1674 1333 1848 1409 suflraga-

194 1435 344 1499 triarcha
357 1431 741 1510 constantinopolitanus
754 1429 991 1507 conquestione
1046 1427 1166 1506 neique
1197 1430 1287 1505 ejus,
1315 1444 1390 1491 cuin
1420 1429 1462 1491 de
1493 1430 1670 1506 exigendis
1705 1431 1849 1493 decimis

196 1533 404 1604 monstravit,
419 1531 505 1610 quod
525 1546 600 1592 cuin
624 1529 757 1608 quidam
771 1530 918 1589 vestrum
933 1543 992 1587 su·
1046 1525 1206 1587 adversus
1244 1527 1337 1603 regni
1371 1526 1540 1604 principes
1571 1528 1846 1603 contendissent,

195 1631 323 1693 mentes
358 1629 566 1692 occasionem
593 1640 701 1689 exeo
733 1624 820 1703 quod
845 1626 990 1687 Joannes
1045 1623 1365 1700 apostolicaesedis
1396 1624 1499 1702 legati
1522 1625 1720 1688 auctoritate
1745 1627 1850 1688 adhi-

195 1729 378 1807 praesbyter
399 1725 597 1797 cardinalis,
618 1725 696 1786 tunc
715 1722 914 1800 Apostolicae
930 1724 992 1783 Se-
1044 1719 1189 1792 hitalia
1212 1723 1440 1784 convenerunt
1459 1723 1496 1784 ut
1516 1722 1659 1784 Romani
1671 1724 1849 1787 Pontincis

195 1827 247 1887 dis
275 1826 417 1902 legatas,
443 1822 638 1901 quibasdam
671 1820 748 1882 aliis
777 1819 929 1881 ecclesiis
958 1820 991 1881 et
1046 1818 1254 1882 confirmatio
1292 1819 1477 1882 accederet.
1516 1822 1639 1883 Verum
1674 1820 1847 1899 principi·-

193 1924 329 1986 clericis
358 1923 393 1984 in
419 1919 651 1999 spiritualibus
688 1919 721 1980 et
752 1916 990 1994 temporalibus
1044 1914 1107 1976 bus
1129 1917 1303 1995 promissis
1334 1931 1401 1979 non
1421 1916 1598 1992 stantibus,
1621 1917 1663 1980 ab
1687 1920 1848 1983 omnibus

194 2021 345 2093 contulit,
358 2019 560 2081 monasteria
571 2017 761 2080 eorumdem
772 2014 836 2092 ipsi
847 2013 992 2090 patriar-
1045 2013 1244 2088 praesulibus
1262 2014 1399 2092 rogatus
1416 2017 1470 2078 est
1487 2016 1666 2089 Honorius,
1682 2016 1740 2095 qui
1755 2032 1847 2079 con-

192 2118 265 2180 chae
284 2117 418 2180 obedire
432 2115 598 2186 recusant,
617 2116 651 2176 et
673 2113 705 2175 ei
719 2113 760 2174 de
777 2111 911 2190 juribus
925 2127 989 2188 pa·
1045 2109 1232 2175 firmatione
1246 2113 1436 2189 apostolica
1457 2113 1656 2177 auctoritate
1667 2131 1844 2188 concessu,

192 2214 395 2277 triarchatus
419 2212 631 2291 respondere,
657 2212 693 2273 ln
718 2227 787 2272 snae
806 2225 992 2289 praesump-
1044 2207 1105 2270 toti
1136 2224 1239 2286 regno
1264 2209 1409 2284 mandat,
1430 2212 1467 2272 ut
1489 2225 1530 2272 ea
1553 2212 1650 2288 pacta
1673 2215 1845 2276 conventa

191 2313 294 2375 tionis
305 2311 506 2389 adjutorium
516 2310 710 2371 inducentes
721 2307 989 2371 confirmationes
1044 2306 1234 2369 executioni
1256 2307 1466 2381 mandentur,
1491 2307 1647 2387 deditque
1679 2310 1720 2371 ad
1747 2311 1848 2387 regi-

191 2408 383 2488 hujusmodi
404 2408 619 2470 collationum
647 2422 667 2468 a
695 2406 778 2467 Sede
799 2403 988 2483 apostolica
1043 2416 1120 2464 nain
1146 2418 1187 2465 ac
1211 2404 1358 2483 reliquos
1385 2405 1552 2482 principes
1580 2406 1727 2480 litteras,
1755 2425 1846 2485 quas

192 2508 386 2585 impetratas
404 2528 411 2566 :
428 2508 509 2567 Guin
533 2505 636 2581 igitur
656 2503 800 2566 nolimus
820 2505 899 2579 jura
914 2516 988 2578 quae
1042 2515 1218 2563 recensere
1245 2517 1356 2580 operae
1384 2503 1526 2580 pretium
1553 2504 1722 2580 putamus,
1752 2507 1846 2583 qnod

192 2605 391 2667 dioecesanis
424 2602 587 2665 debentur
616 2618 675 2680 per
705 2600 899 2663 collationes
928 2615 988 2659 sea
1043 2592 1217 2659 historiam
1240 2598 1444 2673 contineant,
1468 2600 1501 2663 et
1525 2600 1675 2662 indicent
1696 2605 1847 2678 Aposto-

190 2702 458 2764 confirmationes
475 2700 651 2778 praedictas
670 2698 788 2771 minui,
815 2713 874 2759 seu
897 2696 985 2768 laedi,
1042 2693 1116 2756 licae
1136 2696 1231 2756 Sedis
1252 2699 1417 2775 praecepta
1436 2700 1513 2776 jure
1535 2697 1656 2776 ubique
1679 2702 1843 2763 servaris

190 2798 386 2862 mandamus
409 2800 572 2877 quatenus
596 2797 772 2860 occasione
795 2795 987 2872 huJ'usmodi
1042 2807 1060 2851 a
1089 2794 1257 2856 Honorias
1297 2794 1421 2857 illustri
1455 2795 1601 2872 reginae,
1634 2796 1842 2872 baronibus,

189 2897 439 2965 nonobstante,
464 2896 529 2974 ipsi
548 2894 748 2973 patriarchas
765 2893 986 2955 reverentiam
1041 2910 1060 2951 α
1081 2892 1114 2955 et
1137 2892 1297 2955 militibus
1326 2894 1358 2956 et
1390 2892 1466 2954 aliis
1497 2893 1687 2955 hominibus
1725 2896 1842 2973 Cypri,

192 2997 227 3057 et
241 2994 463 3056 obedientiam
487 2992 645 3055 exhibere
667 2991 802 3063 curetis,
828 2991 924 3068 eique
945 2990 986 3051 de
1041 2989 1232 3052 «salutem.
1253 2989 1417 3052 venerab.
1435 2990 1539 3052 irater
1564 2990 1842 3070 archiepiscopus

187 3093 328 3170 Justitiis
342 3093 412 3153 suis
432 3090 560 3167 integre
575 3090 777 3167 respondere
793 3087 853 3168 (1).
1040 3104 1059 3147 i
1080 3086 1286 3148 Nicosiensis
1298 3088 1331 3149 et
1342 3087 1547 3164 suflraganei
1557 3091 1630 3165 ejus
1640 3090 1844 3153 transmissa

227 3190 427 3251 antiocheni
467 3187 641 3261 canonici,
676 3186 810 3249 tametsi
850 3185 985 3262 longius
1040 3183 1176 3246 «nobis
1198 3184 1356 3261 petitione
1378 3187 1617 3259 monstrarunt,
1640 3187 1728 3265 qnod
1751 3189 1845 3251 inter

188 3286 313 3358 dissiti,
349 3284 508 3363 quidquid
543 3285 726 3347 emerserat
759 3281 985 3359 ambiguitatis
1040 3282 1171 3360 ‹ipsos
1192 3284 1226 3345 et
1251 3298 1312 3344 nos
1337 3299 1438 3360 super
1466 3283 1662 3360 quibusdam
1686 3285 1839 3361 decimis,

188 3387 247 3447 aut
268 3383 399 3446 dissidii
414 3398 489 3445 cuin
508 3381 656 3460 ipsorum
678 3381 838 3460 principe,
860 3380 985 3442 nullius
1040 3397 1058 3440 a
1079 3380 1246 3441 mediante
1260 3380 1440 3442 libanensi
1456 3381 1611 3459 episcopo
1631 3384 1711 3444 tunc
1730 3387 1842 3460 Apos-

188 3481 348 3543 antistitis
376 3483 503 3558 majore
536 3480 734 3542 auctoritate
764 3479 983 3542 dirimendum
1039 3478 1187 3539 ‹tolicae
1215 3477 1309 3539 Sedis
1333 3479 1454 3555 legato,
1482 3479 1667 3541 amicabilis
1697 3498 1840 3559 compo-

187 3580 389 3642 censnerunt
412 3594 511 3657 quam
534 3579 685 3639 ilonorii.
708 3577 868 3655 Princeps
896 3577 983 3639 enim
1039 3576 1156 3637 ‹sitio
1187 3574 1383 3649 intervenit,
1410 3592 1568 3653 expresse
1593 3579 1723 3655 adjecto
1751 3582 1841 3657 quod

187 3677 366 3740 canonicos
387 3675 503 3754 iniquo
518 3676 660 3753 quodam
680 3676 888 3738 sacramento
902 3675 985 3736 ade-
1038 3673 1275 3749 «quantocius
1306 3690 1380 3734 eam
1414 3675 1602 3752 apostolica
1638 3678 1840 3740 auctoritate

186 3776 292 3852 gerat,
307 3790 349 3837 ne
364 3774 427 3836 sibi
443 3773 510 3836 ullo
524 3774 658 3836 nomine
673 3772 984 3852 unquamadversa·
1037 3770 1269 3831 ‹conurmari
1306 3771 1510 3848 contigeret,
1550 3773 1662 3834 statim
1702 3773 1842 3839 deberet

186 3874 315 3936 rentur.
351 3873 377 3934 li
410 3888 485 3934 cuin
520 3872 656 3936 nossent
686 3887 857 3949 emergere
884 3887 983 3949 posse
1038 3868 1269 3929 «executioni
1293 3869 1455 3930 mandari.
1470 3873 1593 3932 Verum
1615 3871 1694 3932 licet
1714 3872 1759 3934 sit
1778 3889 1842 3949 per

186 3971 425 4049 plaratuendae
436 3969 678 4033 Ecclesiasticae
691 3970 854 4032 libertatis
867 3985 980 4041 cansa,
1037 3982 1055 4026 a
1078 3982 1139 4027 nos
1162 3965 1371 4038 confirmata,
1396 3967 1490 4028 etad
1515 3971 1675 4045 majorem
1690 3969 1741 4030 rei
1761 3971 1840 4033 evi-

184 4069 285 4130 veriti
307 4084 349 4129 ne
369 4067 554 4145 perjurium
569 4068 792 4140 admitterent,
808 4067 838 4128 si
855 4066 981 4127 homini
1036 4079 1055 4122 i
1076 4063 1234 4135 dentiam,
1244 4063 1363 4125 litteris
1385 4063 1647 4127 confirmationis
1666 4069 1839 4144 composi-

185 4165 398 4227 adversarics
421 4180 458 4224 se
479 4164 520 4224 ob
541 4180 615 4225 eam
637 4181 772 4225 causam
792 4164 979 4236 redderent,
1035 4161 1177 4223 ationis
1202 4163 1299 4223 tenor
1322 4161 1481 4234 insertas,
1507 4163 1614 4241 ipsam
1635 4165 1749 4225 tamen
1773 4182 1834 4228 re·

185 4262 299 4324 adiere
311 4277 370 4339 per
383 4261 512 4323 litteras
527 4260 721 4333 Honorium,
735 4262 792 4339 qni
807 4261 874 4321 vim
889 4261 981 4322 illius
1035 4276 1054 4318 ‹
1074 4258 1195 4321 nuistis
1221 4258 1410 4331 ohservare,
1438 4261 1648 4323 occasionem
1677 4260 1836 4326 frivolam

180 4358 362 4438 juramenti
372 4356 499 4419 salubri
509 4357 782 4434 interpretatione
791 4358 979 4420 moderatus
1034 4374 1053 4415 α
1074 4356 1327 4434 praetendentes,
1343 4358 1413 4419 tuin
1432 4373 1475 4419 ex
1493 4374 1532 4420 eo
1554 4358 1640 4436 quod
1661 4359 1695 4420 in
1711 4360 1835 4424 litteris

183 4459 233 4520 est
257 4458 291 4518 in
311 4456 383 4518 haec
397 4455 498 4517 verba
516 4476 524 4515 z
541 4455 709 4517 Honorius
723 4460 761 4518 A.
778 4456 812 4517 et
825 4458 860 4517 G.
877 4472 980 4518 cano-
1034 4470 1052 4513 ii
1073 4452 1210 4515 verbum
1230 4453 1502 4528 confirmationis,
1528 4458 1675 4518 tenorem
1691 4474 1834 4536 compo·

183 4556 268 4619 nicis
283 4552 511 4618 antiochenis.
526 4553 980 4616 Petitiovestranobisexhi·
1034 4552 1205 4613 ‹sitiouis
1227 4555 1326 4629 juxta
1349 4553 1462 4615 stilum
1487 4554 1644 4626 Ecclesiae
1670 4557 1835 4619 Romanas

182 4654 251 4717 bita
276 4650 477 4724 continebat,
498 4651 751 4733 quodecolesia
772 4651 978 4715 antiochena
1033 4650 1242 4727 «praecedit
1272 4651 1342 4711 tum
1377 4650 1455 4728 quia
1491 4651 1643 4713 clausula
1671 4656 1835 4716 consueta

181 4753 342 4823 vacante,
384 4750 537 4827 princeps
581 4748 811 4811 antiochenus
858 4750 979 4812 timens
1033 4749 1201 4812 «scilicet
1210 4748 1316 4811 :sicut
1330 4749 1402 4809 sine
1413 4749 1577 4825 pravitate
1592 4750 1728 4827 provide
1744 4752 1834 4814 iacta

183 4850 447 4927 conspirationes
470 4847 602 4925 aliquas
625 4846 699 4910 sieri
720 4850 834 4910 contra
854 4862 977 4921 eum,a
1032 4863 1051 4904 ‹
1073 4846 1132 4916 est,
1150 4846 1184 4907 in
1206 4845 1331 4906 eisdem
1355 4845 1475 4908 litteris
1500 4847 1700 4911 continetur.
1728 4851 1832 4911 Man·

46 4998 49 5003 i
181 4946 277 5008 volis
302 4948 529 5024 juramentum
558 4945 708 5020 extorsit,
741 4946 826 5023 quod
862 4946 978 5008 contra
1032 4943 1199 5015 «damus,
1230 4944 1391 5021 quatenus
1425 4944 1454 5005 si
1487 4945 1670 5021 praemissis
1704 4949 1832 5010 veritas

182 5046 292 5123 ipsum
310 5043 351 5105 de
370 5045 489 5107 caetero
511 5058 578 5105 uon
600 5042 718 5105 essetis
742 5064 750 5104 ε
776 5044 979 5121 interpreta-
1031 5040 1285 5118 «suffragatur,
1311 5041 1582 5118 compositionem
1611 5043 1762 5105 eamdem
1789 5062 1831 5107 a·

181 5143 273 5206 tione
292 5156 439 5217 congrua
463 5141 682 5213 declaramus,
708 5157 767 5203 ros
787 5142 977 5218 iuramento
1031 5155 1050 5199 a
1071 5138 1232 5217 dimplere
1245 5139 1367 5201 curetis
1383 5136 1430 5219 (3)
1444 5156 1474 5201 i.

181 5237 373 5318 hujusmodi
392 5252 459 5299 non
480 5238 600 5311 teneri,
617 5238 695 5317 quia
716 5254 776 5317 pro
791 5238 924 5317 Juii'bus
945 5241 978 5303 et
1071 5238 1193 5299 Eadem
1208 5236 1307 5316 cypri
1322 5238 1439 5314 regina
1453 5252 1529 5300 cuin
1546 5238 1588 5301 de
1611 5238 1704 5301 iilius
1726 5242 1829 5303 nata-

218 5414 259 5490 tl)
273 5417 366 5498 theg.
379 5414 430 5481 lx,
443 5412 492 5497 lib.
506 5415 544 5481 11,
555 5428 619 5486 cap.
631 5414 682 5484 ³⁰3
693 5413 769 5471 conl.
780 5428 859 5487 supr.
872 5417 976 5483 Quinta
1032 5484 1037 5496 ι
1071 5412 1112 5486 (a)
1131 5415 1216 5473 Notat
1231 5412 1287 5472 hoo
1304 5413 1428 5498 lacobus
1442 5428 1496 5499 'rex
1521 5415 1645 5489 Augilas,
1666 5418 1716 5489 qui
1733 5418 1830 5477 simile

182 5491 247 5548 coin
270 5488 314 5550 it,
330 5486 379 5545 lib.
396 5489 432 5553 ll,
448 5493 490 5542 iii.
504 5486 549 5553 20,
563 5500 588 5542 c.
604 5487 631 5555 t,
648 5487 702 5543 col.
718 5487 779 5543 262.
1027 5492 1220 5557 paramentum
1243 5499 1258 5542 a
1274 5484 1427 5543 Catholicis
1441 5501 1470 5542 in
1484 5501 1538 5544 sno
1562 5502 1593 5543 re
1615 5502 1653 5545 no
1667 5489 1828 5561 requisivit.

217 5502 315 5630 (isin.
329 5573 406 5630 supr.
423 5557 518 5626 Quint
536 5556 667 5630 Corripit,
679 5556 726 5616 lib.
740 5560 777 5628 ll,
795 5556 835 5615 tit.
854 5556 897 5629 ie,
908 5571 934 5617 c.
949 5558 975 5628 l,
1067 5557 1107 5628 (3)
1122 5558 1194 5639 ‘Gra
1212 5599 1218 5611 .
1235 5555 1284 5625 lX,
1304 5556 1353 5640 lib.
1377 5556 1413 5626 ll,
1433 5558 1474 5615 tit.
1490 5558 1541 5628 303
1562 5559 1603 5617 C.
1624 5574 1702 5631 supr.
1722 5562 1829 5627 Qniatu

180 5630 236 5688 col.
252 5627 315 5686 isi.
1031 5627 1162 5697 Corripit,
1179 5628 1196 5684 li
1220 5672 1226 5684 .
1243 5629 1279 5698 ll,
1292 5634 1334 5685 iit
1350 5627 1396 5698 io,
1411 5643 1438 5686 e.
1455 5630 1481 5699 i,
1495 5631 1551 5687 eol.
1566 5629 1628 5686 toi.
