3958 6204
215 339 273 398 167
666 335 842 396 iion'ouil
864 335 909 394 ΙΙΙ
924 334 1071 396 OPERA.
1094 364 1135 380 -·
1156 330 1390 397 SERMONES.
1799 339 1864 405 168

213 500 315 559 homo
338 495 449 568 coptot
469 493 674 585 Beltctrtotho
697 491 783 571 (tob.
800 508 855 566 xi,
872 491 936 573 19),
956 493 1010 555 id·
1063 495 1241 569 Apostolos
1267 494 1351 574 (Act.
1378 510 1451 568 rur,
1476 492 1519 574 1).
1550 495 1615 558 Sed
1640 500 1863 576 opportunum

213 594 264 655 est
285 591 468 663 diabolum,
498 592 575 667 quia
603 606 678 651 cum
700 590 850 652 diabolus
879 594 1011 668 caperet
1064 590 1136 663 tuit,
1165 593 1201 654 ut
1222 592 1345 653 bellum
1360 592 1448 653 istud
1470 596 1742 669 commoveretur,
1767 597 1862 674 quia,

214 706 324 751 escam
339 688 565 759 humanitatis,
582 688 697 764 captus
708 691 759 750 est
773 688 871 750 hamo
886 689 1011 750 divini·
1064 688 1141 749 dum
1160 689 1276 750 iudaea
1297 688 1434 750 verbum
1454 690 1514 751 Dei
1529 692 1661 767 repulit,
1686 696 1801 769 gentes
1818 696 1863 757 ad

212 789 306 859 tatis,
332 786 433 856 idest,
463 785 594 862 quando
619 784 697 847 iecit
723 785 847 847 Christi
876 802 1009 847 carnem
1064 784 1161 846 iidem
1177 801 1346 848 conversae
1362 788 1448 848 sunt.
1467 787 1559 849 Unde
1572 788 1712 863 legimus
1727 791 1762 851 in
1774 792 1865 855 libro

213 883 420 957 crucifigere.
453 881 611 943 Diabolus
635 882 820 944 enimcum
844 883 1009 945 Christum
1062 882 1231 956 iudicum,
1259 884 1347 960 quod
1380 885 1512 946 Gedeon
1545 887 1655 962 posuit
1682 888 1790 949 vellus
1825 890 1864 950 in

213 979 379 1056 suggessit
397 978 580 1052 occidendi,
603 981 681 1042 tunc
699 981 863 1043 aChristo
888 980 1009 1041 meruit
1063 994 1154 1048 area,
1180 982 1213 1042 et
1228 983 1323 1042 nocte
1347 980 1405 1043 illa
1424 980 1487 1043 fnit
1507 998 1563 1043 ros
1577 983 1614 1043 in
1635 984 1706 1045 solo
1722 985 1861 1059 vellere,

211 1077 386 1155 captivari,
415 1077 596 1139 secundum
619 1077 701 1138 illud
730 1100 738 1138 :
764 1080 790 1140 0
817 1092 923 1150 mors,
949 1092 1009 1139 oro
1062 1078 1096 1138 θῖ
1110 1077 1199 1138 terra
1221 1078 1282 1140 tuit
1296 1078 1402 1140 arida.
1426 1080 1577 1141 Secunda
1599 1082 1694 1142 nocte
1718 1081 1781 1144 tuit
1803 1099 1865 1145 ros

211 1192 308 1237 neore
336 1177 396 1237 tuo
425 1178 458 1236 ot
492 1190 630 1238 morsus
657 1177 736 1237 tuus
764 1190 843 1247 oro,
871 1177 1009 1249 tusciaco
1062 1173 1201 1235 inomni
1217 1175 1307 1236 terra
1327 1175 1408 1238 etin
1431 1176 1556 1237 vellere
1577 1178 1722 1239 siccitas.
1745 1180 1863 1241 vellus

212 1271 324 1352 (Oseae
348 1288 422 1345 xiii,
440 1270 504 1352 14).
526 1272 683 1335 Diabolus
696 1272 886 1350 paradisum
903 1272 1010 1334 intra·
1063 1270 1229 1346 significat
1252 1273 1413 1346 iudaeam,
1443 1289 1522 1335 area
1541 1275 1612 1336 sire
1634 1277 1725 1338 terra
1749 1277 1862 1353 signi·

210 1372 268 1443 vit,
286 1370 421 1433 colonos
446 1371 554 1448 ejecit,
571 1371 603 1432 et
618 1370 768 1432 Christus
785 1370 827 1431 ad
842 1368 1009 1431 internum
1062 1366 1139 1431 ticat
1161 1371 1287 1445 gentes,
1314 1387 1371 1432 ros
1396 1372 1537 1447 gratiam
1562 1373 1719 1433 divinam.
1747 1375 1863 1437 Primo

211 1469 381 1531 descendit
393 1471 425 1530 et
438 1468 585 1545 captivos
598 1467 722 1529 eduxit.
738 1469 834 1539 Nam,
849 1466 926 1545 quia
941 1466 1010 1528 dia·
1061 1478 1118 1524 ros
1141 1465 1175 1525 in
1197 1466 1333 1539 vellere,
1358 1468 1449 1528 terra
1469 1471 1624 1530 manente
1649 1470 1755 1542 arida,
1781 1472 1864 1548 quia

209 1565 304 1627 bolus
318 1583 452 1627 manum
465 1565 555 1626 misit
567 1566 602 1625 in
618 1565 722 1637 illum,
735 1565 770 1626 in
785 1581 850 1643 quo
862 1565 909 1625 nil
921 1564 1008 1643 juris
1060 1560 1177 1624 Judaea
1188 1564 1295 1640 primo
1307 1563 1423 1627 habuit
1434 1566 1576 1640 gratiam
1591 1568 1625 1628 et
1637 1568 1863 1642 cognitionem

210 1662 363 1737 habebat,
374 1666 451 1742 jnre
466 1663 579 1724 amisit
593 1662 683 1731 illos,
696 1662 732 1722 in
748 1662 866 1739 quibus
882 1660 1007 1738 aliquid
1061 1658 1132 1728 Dei,
1158 1660 1289 1736 quando
1312 1662 1440 1722 caeterae
1461 1664 1576 1737 gentes
1591 1662 1743 1727 colebant
1755 1664 1860 1726 idola.

205 1761 293 1838 juris
315 1760 490 1822 videbatur
514 1759 649 1821 hahere.
677 1760 728 1821 Ne
751 1775 830 1821 vero
856 1758 1007 1820 diabolus
1061 1755 1159 1817 Modo
1178 1758 1230 1818 est
1250 1757 1356 1819 vellus
1375 1758 1511 1830 siccum,
1533 1760 1611 1837 quia
1628 1760 1736 1823 tudaei
1754 1761 1862 1827 alieni

208 1859 378 1920 rideretur
392 1857 507 1919 fraude
522 1858 689 1934 deceptus,
716 1874 790 1919 cum
805 1857 903 1918 hamo
919 1856 1008 1918 dici·
1061 1852 1139 1914 sunt
1157 1869 1176 1916 a
1191 1855 1311 1930 gratia,
1325 1858 1358 1917 et
1371 1871 1428 1917 ros
1441 1856 1538 1919 estin
1553 1857 1643 1919 omni
1657 1859 1758 1930 terra,
1779 1859 1862 1936 quia

206 1956 262 2017 tur
277 1957 406 2032 captus,
435 1972 531 2033 quem
550 1955 714 2032 praemisit
735 1955 770 2015 in
794 1954 901 2016 oculis
923 1955 1004 2015 suis.
1060 1950 1169 2026 gratia
1184 1952 1243 2012 Dei
1259 1953 1355 2014 estin
1368 1953 1523 2029 gentibus
1536 1970 1597 2030 per
1611 1955 1708 2015 fldem
1723 1955 1861 2018 Christi.

209 2056 246 2114 In
269 2054 367 2114 tertio
382 2052 468 2114 bello
484 2052 645 2129 pugnavit
658 2052 810 2113 diabolus
825 2068 883 2129 per
898 2052 1008 2114 haere-
1102 2048 1289 2111 Secundum
1303 2049 1427 2111 bellum
1442 2051 1544 2112 morit
1558 2051 1710 2113 diabolus
1725 2069 1784 2130 per
1798 2069 1865 2131 pa-

207 2151 301 2222 ticus,
326 2150 457 2228 quando
484 2166 544 2226 per
564 2149 715 2210 diversos
738 2165 869 2210 errores
901 2149 1007 2212 voluit
1060 2160 1180 2221 genos,
1209 2146 1340 2224 quando
1368 2149 1532 2224 martyres
1559 2148 1858 2213 interficiebantur.

207 2247 305 2308 tidem
323 2247 445 2309 Christi
470 2248 671 2323 pervertere.
698 2246 792 2308 Unde
815 2247 956 2322 legimus
971 2247 1005 2308 in
1061 2243 1155 2304 Unde
1183 2244 1342 2321 legimus,
1373 2245 1451 2322 quia
1484 2246 1615 2307 Cedeon
1645 2247 1793 2323 porrexit
1817 2249 1861 2309 ad

207 2344 419 2422 Apocalypsi,
436 2343 522 2422 quod
545 2343 778 2404 similitudines
804 2344 1004 2405 locustarum
1058 2339 1182 2403 bellum
1202 2358 1277 2404 cum
1298 2343 1456 2406 trecentis
1474 2342 1567 2415 viris,
1595 2343 1652 2421 qui
1676 2360 1735 2421 pro
1754 2347 1862 2407 armis

208 2442 303 2503 erant
318 2441 442 2502 similes
466 2441 559 2519 equis
580 2442 776 2518 praeparatis
791 2440 842 2501 ire
862 2441 897 2502 in
919 2457 1007 2518 prae·
1059 2440 1276 2515 portaverunt
1295 2438 1391 2502 tubas
1415 2440 1447 2502 et
1465 2440 1635 2518 lampades
1656 2442 1691 2503 et
1708 2441 1859 2518 lagenas.

207 2539 302 2612 lium,
328 2540 360 2601 et
372 2538 474 2600 iacies
489 2554 603 2599 earum
619 2539 706 2600 sicut
724 2538 826 2600 iacies
847 2538 1002 2611 hominis,
1059 2536 1204 2614 Cumque
1219 2537 1390 2599 venissent
1403 2538 1445 2599 ad
1462 2538 1575 2599 hostes
1588 2539 1700 2611 noctu,
1726 2540 1864 2601 contre-

208 2637 241 2699 et
255 2634 422 2700 habebant
435 2635 557 2698 caudas
574 2636 700 2697 similes
712 2636 935 2712 scorpionum.
1058 2637 1179 2709 gerunt
1201 2634 1338 2712 lagenas
1353 2637 1386 2698 θῖ
1400 2637 1584 2697 sonuerunt
1603 2635 1691 2697 tubis
1712 2636 1746 2698 et
1769 2637 1862 2698 lam·

247 2734 404 2795 Haeretici
428 2733 646 2809 designantur
663 2749 723 2810 per
745 2733 901 2805 locustas,
928 2733 1006 2810 quia
1059 2731 1161 2807 pudes
1182 2732 1431 2808 splenduerunt,
1452 2734 1485 2795 et
1504 2733 1552 2795 ita
1567 2732 1678 2795 hostes
1692 2733 1728 2794 in
1746 2733 1861 2810 fugam

209 2834 286 2892 sunt
306 2831 475 2894 inscibiles
488 2833 521 2894 et
534 2831 611 2907 vagi
626 2831 658 2892 et
676 2830 766 2909 pleni
781 2830 894 2893 multis
909 2846 1005 2892 erro-
1060 2830 1214 2891 conversi
1234 2830 1321 2892 sunt.
1341 2829 1474 2892 Gedeon
1490 2830 1656 2907 significat
1667 2831 1858 2908 Christum3

207 2929 311 2991 ribus.
329 2931 413 2991 Sunt
427 2929 553 2990 similes
566 2928 661 3006 equis
672 2929 797 3005 paratis
810 2929 860 2989 ire
869 2929 904 2989 in
919 2944 1008 3005 prae-
1059 2926 1199 2989 trecenti
1218 2928 1284 2989 viri
1308 2929 1483 3005 martyres,
1506 2928 1563 3005 qui
1582 2943 1643 3005 pro
1664 2928 1728 2989 tide
1742 2928 1861 2990 Trini-

207 3027 301 3100 lium,
320 3027 420 3098 idest,
438 3026 588 3087 crudeles
603 3025 635 3087 et
650 3025 783 3102 superbi
798 3026 831 3087 et
844 3025 952 3103 parati
965 3025 1006 3087 ad
1060 3024 1138 3086 tatis
1164 3026 1405 3101 pugnaverunt.
1432 3025 1551 3087 Hostes
1571 3025 1704 3088 suerunt
1722 3027 1859 3103 pagani,

209 3125 285 3186 lites
308 3124 341 3185 et
371 3124 608 3186 contentiones.
639 3122 769 3184 Habent
793 3123 896 3184 iacies
922 3123 1008 3185 sicut
1060 3120 1148 3183 tubae
1163 3121 1427 3199 praedicationes,
1442 3122 1570 3199 lagenae
1582 3138 1721 3200 corpora
1738 3127 1862 3202 marty·

208 3221 376 3293 homines,
402 3221 480 3299 qnia
505 3221 540 3281 in
569 3220 734 3298 principio
760 3220 813 3280 sni
843 3221 1007 3281 sermonis
1061 3218 1864 3296 rum,lampadesmiracula'l‘recentiririsonue·

208 3319 365 3379 ridentur
383 3317 469 3380 bona
489 3318 522 3380 et
535 3315 749 3379 rationabilia
770 3315 872 3378 rerba
887 3333 1008 3393 propo-
1061 3317 1140 3377 runt
1151 3315 1247 3378 tubas
1263 3317 1394 3395 quando
1416 3319 1579 3396 martyres
1595 3319 1863 3395 predicaverunt

209 3430 300 3487 nere,
323 3417 379 3477 sed
402 3414 529 3478 habent
552 3414 675 3476 caudas
702 3413 827 3475 similes
854 3414 1006 3491 scorpio·
1063 3415 1213 3492 paganis.
1243 3416 1335 3476 Tunc
1365 3414 1535 3490 fregerunt
1555 3416 1703 3492 lagenas,
1728 3416 1863 3494 quando

209 3529 304 3585 num,
333 3514 410 3590 quia
437 3513 474 3574 in
503 3512 569 3573 tine
597 3511 649 3572 sui
680 3511 844 3572 sermonis
873 3512 1008 3572 servant
1064 3511 1161 3572 morti
1182 3509 1371 3572 obtulerunt
1386 3527 1525 3588 corpora
1540 3528 1613 3573 sua.
1629 3513 1863 3590 Resplendue-

208 3628 373 3674 venenum
388 3610 439 3671 sui
454 3610 589 3671 erroris.
604 3611 641 3670 In
656 3610 773 3686 quarto
788 3607 875 3669 bello
886 3624 1009 3685 pugna·
1061 3607 1372 3687 runtiampadibus,
1385 3609 1464 3685 quia
1477 3609 1628 3671 iecerunt
1642 3609 1741 3671 multa
1753 3610 1865 3671 mira-

207 3709 256 3772 bit
269 3709 383 3771 contra
398 3708 580 3769 Ecclesiam
593 3722 652 3784 per
663 3706 915 3778 Antichristum,
930 3706 1007 3784 quia
1063 3705 1157 3777 cula,
1189 3705 1222 3767 et
1249 3706 1298 3767 sic
1324 3706 1437 3769 hostes
1461 3708 1540 3768 sunt
1563 3707 1599 3768 in
1621 3706 1731 3783 sugam
1754 3708 1860 3781 rarsi,

209 3807 360 3869 diabolus
384 3805 547 3868 habitabit
565 3805 598 3867 θῖ
619 3804 811 3881 operabitur
825 3804 860 3864 in
874 3803 1009 3867 homine
1062 3804 1141 3879 quia
1156 3804 1278 3879 pagani
1293 3804 1416 3864 suntin
1429 3803 1526 3865 fldem
1542 3805 1707 3866 conversi.

208 3906 279 3976 illo,
294 3905 351 3982 qui
367 3903 562 3981 perditionis
578 3902 665 3963 iilius
678 3900 720 3963 ab
732 3901 889 3979 Apostolo
899 3902 1010 3964 nomi·
1102 3900 1248 3961 Tertium
1257 3899 1379 3961 bellum
1387 3900 1491 3962 movit
1500 3900 1652 3963 diabolus
1662 3917 1720 3978 per
1729 3901 1865 3964 hereti·

209 4006 319 4065 natur.
347 4005 393 4063 De
408 4016 472 4078 quo
499 4016 565 4060 non
590 4001 640 4060 est
660 3998 835 4060 dicendum
850 4015 911 4077 per
932 3999 1007 4060 sin·
1063 4014 1130 4069 cos,
1143 3997 1274 4075 quando
1282 3996 1497 4075 perdiuersos
1508 4013 1639 4059 errores
1651 3998 1863 4061 voluitfldem

210 4101 299 4176 gula.
325 4101 372 4160 De
387 4097 450 4158 hoc
464 4095 551 4157 bello
566 4095 647 4156 dicit
664 4098 810 4157 ioannes
825 4095 859 4155 in
878 4099 1010 4174 Apoca-
1063 4095 1185 4157 Christi
1205 4097 1405 4172 pervertere.
1431 4095 1591 4168 Quartum
1614 4094 1737 4158 bellum
1759 4098 1865 4159 movit

208 4196 297 4275 lypsi
325 4212 333 4256 ε
364 4196 438 4255 tht
468 4194 612 4254 oesttom
641 4193 675 4254 et
706 4206 808 4269 repes
837 4193 945 4254 terroe
975 4193 1009 4254 et
1063 4192 1215 4254 diabolus
1228 4191 1397 4270 perfalsos
1410 4191 1621 4265 christianos,
1632 4194 1764 4271 quando
1775 4211 1864 4255 unus

210 4293 406 4355 coercitum
420 4306 540 4353 eorum
559 4290 806 4391 concrepatione
820 4292 865 4351 od
878 4292 1010 4364 somen-
1063 4291 1161 4352 nocet
1183 4290 1281 4359 alteri
1296 4289 1505 4351 contumeliis
1526 4291 1584 4352 aut
1598 4289 1738 4351 damnis.
1768 4292 1865 4354 Unde

210 4394 292 4454 ditm
308 4392 473 4465 proellum
488 4387 849 4460 minotiooutsootobot
864 4390 901 4449 tn
914 4391 1010 4461 equis
1064 4388 1099 4471 in
1114 4388 1250 4449 cantico
1274 4387 1484 4450 Canticorum
1501 4408 1508 4448 ε
1525 4391 1605 4450 Ftttt
1625 4389 1751 4449 motois
1775 4404 1866 4451 mole

212 4488 327 4571 (Apoc.
343 4502 415 4559 xix,
434 4486 497 4566 19),
512 4484 599 4546 idest
614 4500 687 4546 oum
703 4483 845 4545 Christo.
1061 4486 1307 4563 peceaverunt
1320 4486 1442 4547 contro
1456 4499 1512 4546 me
1525 4482 1633 4564 (Cant.
1647 4500 1670 4557 1,
1686 4484 1731 4563 5).
1755 4487 1866 4549 Mater
1958 4520 1959 4533 .

252 4578 487 4660 Quatuorsunt
495 4582 611 4661 praelia
623 4598 696 4659 quae
708 4581 859 4643 diabolus
870 4596 1011 4643 commo·
1064 4584 1178 4645 nostra
1200 4583 1251 4644 est
1272 4581 1431 4655 Ecclesia,
1459 4583 1521 4643 tilii
1544 4585 1617 4659 ejus
1644 4584 1722 4644 sunt
1745 4581 1865 4644 Chris·

210 4685 259 4749 vit
274 4685 389 4747 contra
408 4682 606 4755 Ecclesiam3
628 4680 771 4758 primum
786 4678 863 4742 tecit
879 4679 1011 4757 qnando
1064 4680 1159 4752 tiani,
1176 4679 1233 4757 qui
1250 4680 1398 4756 pugnant
1417 4681 1531 4741 contra
1554 4695 1626 4751 nos,
1654 4678 1786 4757 quando
1800 4696 1867 4742 no-

213 4779 619 4858 commovitpertudaeos3
635 4776 814 4843 secundum
829 4793 888 4854 per
903 4792 1010 4853 paga·
1065 4779 1141 4839 cent
1159 4776 1255 4838 nobis
1278 4775 1332 4837 rel
1356 4776 1466 4838 verbis
1490 4775 1671 4839 retractis.
1695 4779 1732 4837 ln
1754 4778 1866 4839 omni·
1955 4842 1956 4865 χ

213 4897 291 4955 nos;
304 4879 438 4941 tertium
454 4893 514 4956 per
527 4876 715 4948 haereticos,
732 4876 885 4953 quartum
898 4890 1013 4936 move-
1064 4873 1185 4935 bustis
1201 4873 1327 4951 praeliis
1342 4889 1407 4934 non
1427 4873 1583 4953 debemus
1596 4873 1728 4946 terreri,
1747 4873 1806 4935 sed
1828 4875 1866 4935 in

212 4979 269 5040 tur
288 4976 433 5054 quotidie
449 4991 508 5052 per
521 4974 623 5035 falsos
636 4972 847 5036 christianos.
866 4974 931 5033 Per
945 4974 1010 5035 Ju-
1066 4986 1124 5049 spe
1158 4970 1280 5033 divinae
1311 4969 1551 5033 misericordiae
1578 4969 1754 5032 consolari.
1790 4972 1866 5048 ipse
1954 4948 1955 4977 ¹

214 5075 304 5137 daeos
330 5073 507 5134 commorit
534 5070 685 5132 diabolus
712 5069 850 5143 bellum,
880 5069 1012 5146 quando
1066 5068 1167 5131 iaciat
1189 5067 1247 5147 qui
1267 5067 1318 5129 est
1337 5066 1531 5131 benedictus
1549 5066 1585 5129 in
1611 5066 1734 5129 saecula
1756 5082 1867 5130 saecu·
1952 5104 1953 5107 =

214 5171 322 5237 iudaei
343 5169 508 5248 persecuti
523 5169 599 5230 sunt
618 5165 804 5243 Apostolos,
827 5167 860 5229 et
874 5165 1013 5228 creden·
1066 5167 1185 5229 lorum.

214 5272 281 5341 tes,
309 5283 374 5346 qno
397 5268 547 5342 tempore
566 5263 699 5326 bierunt
721 5263 870 5340 Apostoli
891 5263 1011 5340 fiagel-
1503 5345 1507 5351 1

215 5368 294 5440 lati3
310 5364 477 5443 lapidatus
492 5363 543 5424 est
555 5360 754 5441 stephanus,
766 5361 922 5424 etcaeteri
936 5362 1014 5424 sunt
1429 5316 1501 5404 XV

217 5463 370 5540 dispersi.
402 5460 495 5523 Unde
519 5459 557 5521 in
583 5457 719 5522 Actibus
746 5458 1011 5537 Apostolorum:
1193 5494 1240 5556 IN
1262 5495 1392 5556 FESTO
1415 5466 1564 5557 SANGTI
1584 5490 1738 5553 JAGOBL

216 5562 325 5625 Facto
351 5560 402 5622 cst
422 5558 617 5635 persecutio
638 5572 767 5634 macno
789 5559 827 5618 to
849 5559 1012 5630 occasu,
1394 5553 1409 5585 ⁸

218 5661 253 5724 ot
264 5674 383 5721 omues
396 5659 545 5736 dispersi
553 5656 709 5733 semiper
717 5654 1015 5732 reptouospraeter
1107 5653 1258 5715 Accessit
1279 5655 1326 5715 oct
1340 5655 1460 5715 lesum
1481 5651 1597 5713 motor
1616 5650 1865 5722 fitiorum-Zo-

1953 5044 1954 5087 l

1952 5160 1953 5199 l

1950 5272 1952 5311 Ι

1949 5314 1951 5349 ῖ
