3982 6196
139 280 202 339 62⁴.)

139 440 247 499 Deum
269 433 328 517 (1).
353 436 515 509 Quocirca
530 433 723 497 discretioni
745 432 865 496 vestrae
886 447 946 509 per

139 534 336 613 Apostolica
350 534 474 611 scripta
488 532 698 604 mandamus
715 531 878 609 quatenus
891 545 946 590 re-

140 649 219 709 gem
247 632 357 710 ipsum
385 632 426 693 ad
450 631 514 692 boc
544 630 706 692 moneatis
719 628 898 706 prudenter
913 631 945 690 et

142 730 327 792 efficaciter
352 729 528 791 inducatis.
556 728 647 801 Quod
669 727 699 787 si
729 742 795 787 non
818 741 943 797 omnes,

142 827 209 888 duo
231 828 393 898 vestrum,
410 829 474 888 etc.
491 826 608 888 Datum
628 824 795 896 Laterani,
810 825 856 884 111
871 823 945 883 idus

142 923 241 997 febr„
253 924 465 1003 pontificatus
480 924 586 986 nostri
601 938 690 984 anno
708 920 863 985 secundo.

184 1069 222 1127 In
249 1067 402 1128 eumdem
423 1065 557 1128 modum
578 1064 738 1143 scriptum
760 1064 811 1125 est
838 1063 944 1124 eidem

143 1180 229 1241 regi.

172 1464 228 1523 Act
240 1464 389 1534 eosdem,
405 1461 445 1521 et
458 1475 577 1535 scipsa,
592 1459 728 1522 abbates
743 1460 921 1520 Cturevat·

435 1563 574 1630 166666,
594 1558 657 1619 616.

444 1690 475 1746 11
489 1686 559 1746 febr.
573 1688 651 1746 1218.

231 1806 367 1869 [bouquet
377 1804 480 1856 Recneil
497 1803 540 1853 des
552 1804 624 1861 hist,
633 1808 655 1853 t.
666 1802 734 1861 XIX,
751 1816 777 1867 p.
791 1799 856 1860 sem

366 1885 466 1949 Regest.
476 1884 522 1933 lib.
535 1883 566 1940 11.
580 1883 652 1948 epist.
662 1882 729 1944 906]

145 1991 302 2050 Dissidium
329 1990 454 2048 habente
481 1991 681 2049 Aurelianensi
711 1990 846 2063 episcopo
879 2003 943 2046 cum

180 2080 308 2154 quodam
326 2083 447 2150 Ioanne,
462 2078 663 2139 Aurelianensi
679 2079 778 2149 milite,
794 2079 874 2151 regis
896 2076 945 2134 bo

181 2171 262 2227 mine
284 2169 364 2244 ligio,
386 2169 513 2244 episcopi
532 2183 651 2226 causam
673 2168 734 2241 agit
748 2168 778 2226 iu
792 2165 847 2225 bac
867 2167 942 2240 epis-

180 2258 239 2316 tola
255 2259 399 2315 Honorius
410 2258 547 2315 adversus
562 2271 662 2330 regem
672 2270 737 2314 cum
749 2254 945 2313 moderamine

181 2353 280 2404 tamen
292 2354 322 2404 et
335 2347 457 2405 cautela.

186 2473 355 2535 Honorius
367 2474 580 2550 episcopus...
596 2472 725 2536 dilectis
736 2471 813 2534 filiis
829 2472 945 2535 Clare-

145 2570 302 2642 vallensi,
316 2571 576 2633 Morimondensi
590 2573 623 2633 et
636 2574 672 2632 B.
685 2572 801 2632 Mariae
817 2571 857 2632 de
868 2574 948 2632 Bur·

146 2669 300 2744 gomedio
325 2669 485 2742 Blesensi,
511 2668 700 2742 abbatibus,
726 2668 946 2745 Lingonensis

146 2767 180 2827 61
194 2767 409 2828 carnotensis
420 2766 611 2838 dioecesum,
622 2767 685 2828 etc.

188 2863 343 2940 Suscepit
358 2877 438 2923 cura
451 2862 626 2938 regiminis
641 2876 701 2922 nos
721 2861 849 2924 anobis
864 2860 946 2923 adeo

146 2962 359 3039 peregrinari
367 2962 534 3041 compellit
545 2964 577 3024 et
585 2961 790 3027 distrahitad
801 2963 944 3034 diversa,

146 3062 184 3120 ut
208 3074 297 3137 saepe
321 3060 477 3121 membris
501 3060 765 3138 quiescentibus,
784 3061 946 3125 affectatae

147 3156 254 3233 quieti
273 3159 387 3219 noster
401 3173 518 3234 parum
533 3158 664 3219 animus
678 3158 880 3235 acquiescat,
893 3160 948 3220 in-

147 3253 261 3330 quieta
278 3254 374 3332 quasi
388 3254 612 3316 sollicitudine
625 3256 800 3331 cogitando
816 3272 889 3333 quae
904 3257 945 3317 ad

148 3349 401 3411 subventionem
422 3350 652 3423 ecclesiarum,
675 3368 791 3429 pacem
817 3353 945 3428 princi-

149 3465 227 3524 pum
250 3451 283 3510 et
306 3449 447 3511 salutem
468 3450 634 3526 pertinent
652 3450 859 3528 populorum.
884 3454 948 3512 Su-

147 3561 209 3623 per
236 3544 356 3622 quibus
385 3547 594 3607 carissimum
621 3548 655 3608 in
682 3547 812 3609 Christo
842 3547 946 3608 fllium

148 3644 299 3704 nostrum
314 3658 426 3719 regem
441 3645 645 3705 Francorum
666 3645 830 3707 illustrem
844 3645 948 3707 affec-

147 3741 243 3803 tuose
252 3756 420 3816 regemne,
430 3741 466 3803 ut
473 3742 654 3804 interalias
664 3759 746 3820 quas
757 3742 948 3821 frequenter

148 3838 341 3899 celsitudini
351 3840 452 3915 regiae
463 3839 623 3901 mittimus
634 3840 772 3912 litteras,
781 3856 850 3913 aas,
864 3858 947 3918 quas

148 3935 338 3998 nuncvobis
349 3922 534 4013 dirigimus,
547 3938 739 4015 diligentius
750 3937 813 3999 sibi
826 3939 891 4015 legi
903 3939 949 3999 ia-

148 4034 216 4096 ctat
228 4033 262 4094 et
274 4035 408 4111 exponi,
425 4050 565 4112 quarum
584 4035 819 4098 tenorrutinam
835 4036 948 4099 taliter

148 4131 318 4193 scribatur
328 4133 364 4193 ln
374 4133 498 4193 scrinio
512 4133 622 4194 cordis
638 4133 702 4204 sui,
718 4134 753 4195 ut
765 4133 862 4195 1666
878 4150 948 4195 suaa

149 4230 329 4291 consulens
357 4232 391 4292 et
408 4230 519 4301 saluii,
537 4231 609 4292 haec
634 4246 765 4307 semper
790 4232 948 4309 inopere

149 4327 315 4405 compleat
324 4344 396 4405 quae
405 4330 446 4390 ad
459 4329 591 4389 laudem
601 4329 661 4390 Dei
670 4329 947 4392 etexaltationem

146 4427 276 4503 regiam
298 4426 431 4488 suaderi
462 4426 526 4488 sibi
554 4428 694 4505 paterno
723 4428 947 4490 desideremus

146 4524 287 4585 affectui
304 4525 395 4586 Tecti
410 4525 500 4587 enim
515 4541 629 4585 sumus
645 4525 759 4587 dolore
771 4526 881 4587 cordis
894 4527 950 4587 in-

144 4623 323 4699 trinsecus,
345 4621 443 4700 quod,
471 4639 571 4700 quum
596 4639 701 4700 usque
725 4623 766 4683 ad
786 4624 947 4685 terminos

146 4719 237 4781 orbis
263 4722 363 4783 terrae
392 4721 603 4783 consueverit
632 4720 833 4798 praedicari,
860 4723 946 4800 qued

180 4907 223 4980 (1)
237 4906 419 4975 oneratione
433 4907 583 4963 conciliata
600 4904 683 4964 luerit
693 4921 726 4963 ea
739 4908 945 4976 controversis,

144 4978 283 5037 discimus
297 4992 332 5033 ex
347 4978 474 5050 episcopi
487 4978 588 5035 litteris
623 4992 675 5035 uas
686 4978 947 5036 recitatltartenius

143 5052 239 5108 tomi
256 5048 371 5106 collect.
391 5049 485 5121 Ampl.
499 5049 554 5105 col.
572 4993 659 5107 idq,

181 5143 193 5173 ‹
207 5123 365 5188 Manassae,
376 5120 427 5177 Dei
439 5119 542 5192 gratis,
554 5120 768 5177 Aurelianensis
780 5120 944 5192 episcopus,

146 5215 158 5242 «
179 5190 314 5319 6631166
337 5198 493 5261 praesentes
513 5191 622 5247 litteras
642 5191 813 5263 inspecturis
824 5192 945 5250 salutem

146 5284 157 5312 ‹
179 5278 208 5319 m
249 5275 357 5317 omino.

180 5355 192 5385 ι
214 5331 332 5391 Noverit
342 5331 514 5388 universitas
523 5339 618 5389 vestra
633 5331 710 5404 quod
724 5339 942 5391 6666166666-

146 5426 157 5453 ι
180 5418 262 5462 sores
279 5404 368 5459 nostri
386 5403 608 5461 Aurelianenses
628 5404 726 5477 episcc
748 5404 766 5473 i,
782 5404 827 5460 vcl
843 5405 881 5462 illi
897 5406 944 5477 qui

147 5496 158 5523 ι
179 5482 277 5531 nostro
289 5474 351 5529 1666
365 5481 459 5542 erunt,
474 5418 839 5532 excellentissimodomino
848 5484 945 5533 nostro

146 5567 157 5592 ι
179 5545 311 5672 Ρ11111Ᾱ166
331 5545 431 5602 illustri
453 5546 626 5602 Francorum
642 5546 715 5619 regi,
734 5545 779 5602 vel
791 5545 944 5628 ejuscerto

146 5636 157 5666 ι
178 5630 245 5673 man
268 5622 325 5681 ato,
340 5621 471 5672 tenemur
485 5615 612 5685 reddere,
627 5616 661 5674 sd
682 5632 818 5690 maguam
842 5633 899 5675 vim
917 5626 945 5674 et

771 272 1000 337 EPISTOLAE.
1024 272 1103 332 LIB.
1127 272 1168 331 11.

1736 278 1797 337 630

999 445 1139 509 regnum
1166 431 1316 493 Franciae
1344 430 1541 493 defendebat
1569 448 1636 509 prae
1665 435 1795 496 caeteris

999 528 1114 588 mundi
1136 529 1250 604 regnis
1269 527 1529 590 ecclesiasticam
1544 528 1747 603 libertatem,
1764 532 1797 593 et

1000 625 1160 687 ecclesias
1174 641 1214 686 ac
1229 626 1399 688 ministros
1412 642 1527 687 earum
1542 627 1577 687 in
1591 627 1661 688 suis
1676 628 1797 689 immu-

1000 722 1159 784 nitatibus
1170 722 1377 796 confovebat,
1390 739 1455 784 666
1467 725 1574 784 solum
1587 724 1629 785 ad
1641 741 1718 785 suos
1732 742 1799 786 ma·

1000 836 1079 881 num
1096 836 1166 882 suae
1182 820 1393 883 liberalitatis
1415 822 1609 895 extendens,
1622 823 1679 884 sed
1694 824 1797 885 etiam

1000 918 1041 978 ad
1061 918 1226 996 quoslibet
1238 918 1324 980 alios
1339 920 1397 996 qui
1412 920 1677 997 persecutionem
1688 922 1797 998 patie-

999 1016 1119 1078 bantur
1129 1018 1265 1094 propter
1267 1017 1443 1094 justitiam,
1453 1034 1635 1094 eorumque
1649 1018 1796 1095 inopiam

999 1113 1178 1177 relevando
1205 1130 1340 1176 suarum
1359 1115 1563 1177 abundantia
1589 1116 1794 1193 facultatum

1000 1227 1098 1285 nunc,
1124 1213 1268 1289 peccatis
1297 1212 1517 1289 exigentibus,
1542 1229 1586 1274 ne
1609 1213 1653 1275 sit
1678 1229 1796 1275 aurum

1000 1325 1095 1370 suum
1109 1325 1305 1372 conversum
1324 1310 1359 1371 in
1373 1311 1516 1372 scoriam
1531 1311 1564 1373 et
1576 1311 1721 1372 mutatus
1736 1328 1799 1389 66-

999 1407 1098 1471 timus
1118 1407 1211 1469 color
1233 1410 1317 1485 eJus,
1347 1408 1465 1470 merito
1491 1408 1671 1482 dubitatur,
1696 1426 1796 1487 quum

1000 1504 1127 1581 lapides
1156 1506 1338 1567 sanctuarii
1364 1505 1598 1583 dispergantur
1615 1507 1737 1569 ibidem
1761 1507 1796 1567 in

999 1602 1107 1679 capite
1139 1602 1287 1664 omnium
1321 1603 1518 1681 platearum,
1548 1605 1703 1666 sathanae
1734 1604 1799 1665 mi·

1000 1699 1117 1761 nistris
1165 1701 1300 1777 impune
1344 1701 1614 1778 impugnantibus
1658 1718 1798 1779 sponsos

1000 1797 1124 1860 sanctae
1144 1799 1204 1859 Dei
1227 1797 1383 1861 Ecclesiae
1402 1814 1442 1860 ac
1463 1799 1645 1860 ministros.
1666 1801 1716 1861 Ex
1735 1799 1798 1861 hoc

1000 1911 1080 1956 sane
1105 1896 1266 1972 premitur
1293 1897 1326 1959 61
1355 1895 1509 1958 turbatur
1540 1897 1652 1958 anima
1684 1899 1799 1959 nostra

998 1992 1096 2054 valde
1106 1993 1205 2070 quod,
1217 2010 1318 2071 quum
1331 1995 1453 2071 praeter
1465 2010 1639 2056 commune
1651 1994 1797 2056 debitum

999 2103 1064 2166 quo
1079 2088 1192 2150 fideles
1212 2089 1381 2167 diligimus
1398 2091 1583 2163 universos,
1598 2091 1798 2153 excellentia

999 2187 1092 2262 regia
1113 2186 1157 2248 sit
1177 2187 1300 2249 nostris
1324 2187 1524 2249 inviscerata
1547 2187 1732 2249 visceribus
1756 2188 1798 2249 ab

999 2284 1135 2361 antiquo
1149 2283 1375 2346 inextricabili
1390 2285 1524 2347 vinculo
1539 2285 1701 2358 caritatis,
1718 2301 1799 2347 nos-

999 2382 1125 2459 traeque
1147 2381 1282 2447 deberet
1295 2381 1494 2458 benignitati
1517 2382 1659 2456 deferre,
1676 2383 1743 2461 qui,
1765 2384 1798 2445 ei

1000 2481 1159 2557 quantum
1174 2496 1249 2542 cum
1263 2483 1331 2541 Deo
1346 2496 1521 2557 possumus
1536 2480 1726 2553 deferende,
1743 2480 1797 2558 ip-

1001 2592 1071 2637 sam
1086 2592 1217 2654 semper
1236 2577 1439 2639 intendimus
1452 2578 1617 2640 honorare
1630 2577 1796 2639 honorili-

1000 2674 1110 2735 centia
1125 2674 1274 2751 speciali,
1291 2674 1380 2735 idem
1394 2690 1466 2746 rex,
1483 2676 1579 2752 quasi
1598 2676 1672 2752 plus
1687 2675 1797 2736 debito

1000 2771 1041 2833 de
1056 2772 1170 2833 nostra
1184 2772 1362 2833 dilectione
1377 2771 1530 2845 confidat,
1552 2773 1605 2833 vel
1621 2772 1800 2849 pusillani-

1001 2870 1108 2931 mitati
1121 2868 1289 2931 adscribat
1301 2871 1423 2931 nostrae
1438 2870 1798 2931 mansuetudinisleni-

1000 2967 1101 3027 tatem
1113 2966 1150 3027 in
1164 2967 1269 3029 nostri
1285 2967 1534 3042 derogationem
1556 2965 1705 3036 honoris,
1722 2967 1795 3027 dis-

1002 3064 1189 3125 simulando
1204 3064 1351 3125 creditur
1363 3063 1554 3141 permisisse
1567 3064 1682 3127 haecin
1694 3079 1798 3140 regno

1002 3177 1062 3222 suo
1078 3161 1201 3223 nostris
1210 3161 1414 3238 temporibus
1427 3161 1537 3222 minus
1552 3160 1798 3224 rationabiliter

1001 3259 1801 3337 attentari,quaen0nmeminimushactenustem·

1002 3355 1139 3433 poribus
1153 3356 1296 3432 alicujus
1308 3356 1431 3417 ibidem
1446 3356 1550 3418 luisse
1564 3358 1778 3434 presumpta.

1043 3452 1171 3515 Relatis
1184 3452 1336 3530 equidem
1350 3452 1446 3514 nobis
1460 3469 1566 3529 nuper
1578 3453 1711 3530 injuriis
1726 3469 1800 3529 gra-

1001 3549 1098 3612 vibus
1118 3551 1150 3612 61
1174 3551 1340 3626 pressuris
1364 3566 1446 3627 quas
1460 3549 1708 3611 venerabilibus
1729 3550 1801 3611 lra-

1001 3646 1110 3708 tribus
1136 3648 1260 3709 nostris
1295 3647 1478 3720 aniciensi,
1503 3647 1736 3709 suessionensi
1769 3649 1802 3710 61

1002 3744 1218 3806 ambianensi
1232 3744 1408 3821 episcopis,
1432 3759 1472 3805 66
1487 3760 1602 3805 eorum
1622 3744 1754 3806 clericis
1769 3746 1802 3807 et

1002 3843 1154 3904 ecclesiis
1166 3844 1335 3919 irrogasse
1350 3842 1507 3904 dicuntur
1521 3841 1593 3913 tilii,
1613 3859 1678 3903 non
1694 3842 1802 3918 privi-

1002 3940 1069 4016 gni,
1094 3941 1123 4001 si
1144 3940 1255 4001 tamen
1280 3938 1341 4000 tilii
1359 3938 1478 4000 debent
1500 3938 1567 3999 dici
1586 3940 1654 4016 qui,
1679 3939 1803 4000 affectu

1003 4038 1152 4114 deposito
1163 4037 1270 4105 1111611,
1283 4037 1437 4098 hostilem
1448 4037 1596 4097 animum
1611 4035 1800 4108 induerunt,

1002 4134 1060 4196 vix
1073 4135 1242 4212 respirare
1257 4134 1434 4212 potuimus,
1458 4150 1559 4211 quum
1574 4133 1720 4210 pulsavit
1738 4149 1801 4194 ve-

1003 4231 1163 4294 nerabilis
1184 4232 1299 4294 fratris
1314 4232 1421 4293 nostri
1440 4231 1693 4293 Aurelianensis
1713 4232 1804 4308 epis-

1003 4330 1077 4407 copi
1101 4329 1148 4408 (2)
1170 4331 1314 4407 gemitus
1334 4346 1432 4392 aures
1456 4332 1599 4403 nostras,
1624 4329 1680 4408 qui
1704 4329 1799 4392 nobis

1003 4425 1081 4488 iecit
1105 4427 1283 4505 diligenter
1310 4428 1433 4506 exponi
1461 4428 1671 4506 tyrannidem
1700 4444 1799 4506 quam

1001 4523 1171 4586 iohannes
1195 4527 1290 4588 miles
1319 4526 1359 4587 de
1396 4526 1588 4587 Aurelianis
1622 4541 1697 4587 cum
1731 4525 1800 4585 suis

1002 4621 1219 4698 complicibus
1239 4624 1274 4684 in
1289 4624 1399 4700 ipsum
1413 4623 1446 4684 61
1469 4623 1721 4684 commissarum
1737 4621 1802 4683 sibi

1002 4718 1219 4780 ecclesiarum
1233 4720 1443 4798 presbyteros
1457 4722 1490 4781 et
1509 4719 1680 4781 ministros
1699 4735 1802 4780 ausus

1004 4922 1015 4952 ι
1038 4916 1165 4991 parvam,
1179 4902 1280 4960 turrim
1289 4916 1394 4959 novam
1403 4917 1488 4975 quam
1502 4902 1637 4960 aedificari
1647 4900 1713 4960 16611
1725 4904 1802 4975 apud

1003 4993 1014 5021 ‹
1037 4973 1189 5040 bellacum,
1208 4973 1445 5046 quotiescumque
1461 4974 1592 5042 voluerit,
1607 4988 1673 5031 eum
1690 4989 1743 5031 nos
1758 4976 1802 5031 vel

1003 5064 1014 5090 ι
1036 5058 1217 5102 successores
1230 5044 1329 5113 nostri,
1345 5046 1391 5100 vel
1407 5044 1445 5100 illi
1459 5046 1508 5116 qui
1529 5045 1591 5102 1666
1604 5046 1692 5102 nostri
1707 5053 1801 5114 erunt,

1003 5134 1014 5160 ι
1036 5112 1144 5187 abipso
1157 5115 1275 5187 veleJus
1287 5114 1423 5172 mandato
1435 5130 1522 5188 super
1536 5114 1592 5172 hoc
1602 5114 1739 5172 fuerimus
1755 5132 1799 5173 re·

1002 5203 1013 5233 ι
1035 5185 1145 5257 quisiti3
1159 5187 1197 5243 ite
1208 5193 1305 5243 tamen
1314 5185 1400 5259 quod,
1411 5194 1544 5244 cessante
1557 5187 1674 5260 negotio
1685 5202 1736 5268 pro
1745 5202 1803 5259 quo

1002 5275 1013 5303 ι
1036 5255 1136 5314 tradita
1152 5256 1245 5325 luerit,
1256 5257 1357 5315 turrim
1372 5255 1505 5314 eamdem
1517 5257 1672 5315 cumomni
1684 5259 1804 5384 integri·

1002 5346 1013 5374 ι
1035 5332 1093 5385 tate
1113 5344 1168 5400 qna
1186 5343 1251 5386 eam
1271 5329 1420 5400 receperit,
1439 5327 1522 5385 nobis
1540 5334 1569 5384 et
1587 5329 1747 5383 successori
1768 5345 1804 5385 us

1002 5416 1012 5444 ι
1036 5400 1149 5469 nostris,
1169 5400 1215 5457 vel
1235 5406 1332 5456 nostro
1356 5399 1399 5455 vel
1421 5412 1618 5456 successorum
1639 5406 1802 5457 nostrorum

1001 5497 1012 5525 ι
1036 5469 1803 5554 mandatorestitust.Actumsnnogretiseblllclivlll,

1000 5566 1012 5595 ι
1035 5556 1134 5602 mense
1150 5557 1241 5615 Jumo.
1261 5563 1273 5593 ι
1380 5586 1383 5593 .

1034 5616 1076 5691 (2)
1092 5614 1242 5672 Manassis.
