3968 6204
154 334 193 394 71
613 334 791 397 HONORII
817 335 862 395 111
886 336 1037 398 OPERA.
1052 366 1094 381 -
1115 337 1355 403 SERMONES.
1771 347 1814 410 72

156 507 219 555 ecs
238 492 322 555 sent
340 493 633 556 adtntlztstrotortt
656 494 813 568 spiritus,
836 495 873 555 tn
892 497 957 557 mt-
1008 494 1239 563 benedictione
1265 482 1400 574 referta,
1432 500 1509 564 Evae
1544 503 1811 570 maledictionem

156 592 341 654 utstcriom
361 594 460 653 missi
476 591 713 666 ereptorem,
735 594 795 666 qut
814 596 957 656 boercdt·
1010 599 1172 661 convertit
1193 599 1228 659 in
1246 598 1520 673 benedictionem,
1542 601 1620 663 dum
1642 604 1728 681 quod
1749 606 1810 668 illa

157 690 264 752 tatem
285 690 426 766 captum
446 688 568 751 solutis
589 687 704 768 (Hebr.
726 687 834 770 1,1t).
1010 694 1809 777 abstulit,istareddidit,qulasicutperioemiuam

197 788 290 859 Quod
314 788 423 848 autem
446 785 568 846 dicitur
581 798 701 848 omncs
715 787 870 849 tenentes
883 793 958 864 glo-
1009 809 1098 854 mors
1126 793 1264 857 intravit
1286 796 1322 856 iu
1345 796 1468 870 orbem,
1485 798 1533 858 ita
1554 815 1614 876 per
1634 800 1810 863 mulierem

156 898 230 956 dios
260 895 359 955 etad
382 895 465 955 oeuc
487 893 691 966 doctissimi,
717 892 782 955 duo
806 894 955 971 quaedam
1009 891 1079 953 vita
1094 892 1192 954 rediit
1206 893 1242 953 iu
1254 893 1378 966 orbem,
1395 896 1428 957 et
1440 895 1515 957 ideo
1528 895 1613 973 quod
1630 897 1811 961 damnave-

157 990 300 1054 0stendit
316 992 351 1053 in
368 990 497 1067 angelis
514 989 692 1064 mirabilia,
710 991 877 1065 videlicet,
890 1007 955 1070 po·
1009 990 1062 1051 rat
1082 991 1151 1052 Eva
1165 991 1308 1053 salvavit
1321 993 1439 1065 Maria,
1454 993 1491 1055 ut
1506 994 1592 1055 unde
1607 1011 1697 1056 mors
1720 997 1811 1058 orie-

156 1090 294 1153 tentiam
324 1090 358 1151 et
387 1087 607 1166 sapientiam
641 1088 835 1167 potentiam,
869 1089 956 1167 quod
1008 1086 1812 1171 baturindevitaresurgerct.lllatuitplenapec-

157 1189 296 1268 possunt
310 1189 421 1249 tacere
433 1185 591 1265 quidquid
601 1186 953 1264 volunt3sapientiam,
1010 1187 1095 1258 cato,
1105 1182 1163 1248 sed
1173 1186 1238 1248 ista
1245 1186 1343 1264 plena
1351 1187 1544 1265 gratia3illa
1553 1190 1808 1264 recessitaDoo,

157 1304 218 1366 per
236 1280 342 1365 quam
356 1284 562 1361 cognoscunt
584 1283 743 1362 quidquid
763 1283 888 1345 volunt
909 1286 956 1345 De
1010 1284 1236 1347 sedDominus
1246 1284 1309 1347 tuit
1317 1302 1392 1346 cum
1403 1285 1477 1348 ista.
1490 1286 1551 1348 llla
1561 1286 1624 1349 tuit
1633 1288 1810 1353 maledicta

156 1385 318 1463 potestate
333 1382 455 1444 dicitur
472 1402 479 1443 ι
495 1397 614 1443 manes
637 1381 793 1443 tenentes
812 1384 954 1458 wadios,
1009 1383 1044 1444 in
1056 1382 1264 1456 mulieribus,
1278 1383 1337 1446 sed
1356 1384 1421 1446 ista
1442 1383 1505 1445 luit
1521 1383 1695 1448 benedicta
1709 1404 1812 1465 super

157 1482 253 1553 idest,
270 1479 430 1542 habentes
445 1478 640 1556 potestatem
654 1476 718 1539 sibi
733 1493 753 1539 a
768 1479 835 1539 Deo
852 1477 958 1540 colla·
1009 1496 1123 1542 omnes
1139 1481 1307 1543 mulieres.
1329 1482 1471 1543 Fructus
1489 1482 1616 1544 reatris
1640 1483 1732 1545 illius
1747 1483 1811 1548 tuit

155 1581 235 1641 tam.
252 1582 298 1639 Ι)θ
313 1575 477 1654 sapientia
496 1574 618 1637 dicitur
636 1596 643 1635 ε
660 1574 694 1637 ct
711 1578 756 1637 act
775 1577 858 1638 bello
878 1578 956 1636 doc-
1009 1578 1204 1641 maledictus
1221 1580 1315 1649 (lain,
1333 1579 1391 1642 sed
1410 1579 1537 1641 tructus
1556 1581 1682 1642 ventris
1697 1584 1810 1645 Beatae

157 1688 294 1749 tissimi.
314 1685 411 1746 Tales
443 1682 637 1759 archangeli
669 1683 747 1745 sunt
779 1682 813 1743 iu
845 1683 955 1745 Beatae
1009 1676 1807 1758 Mariaeiuitbenedictustesus.Eranamquepri·

156 1785 272 1845 Mariae
301 1782 459 1860 obsequia
492 1779 647 1856 delegati.
682 1779 776 1841 Unde
806 1779 955 1841 videntes
1008 1775 1273 1837 mumhominem
1283 1774 1429 1854 ejecltde
1437 1776 1603 1852 paradiso,
1613 1777 1810 1841 Mariavero

155 1882 293 1954 'l¹l1roni,
316 1878 492 1941 Cherubim
521 1878 554 1940 θῖ
582 1878 755 1955 Seraphim
783 1881 955 1939 manentes
1009 1873 1191 1935 secundum
1220 1873 1398 1946 hominem,
1425 1874 1520 1948 idest,
1546 1875 1712 1937 Christum
1740 1893 1809 1937 nu-

155 1979 190 2039 iu
207 1978 349 2040 excelsis
363 1979 499 2038 Beatam
523 1974 663 2038 Mariam
684 1977 719 2037 in
738 1976 831 2038 tanta
848 1975 955 2051 gloria
1009 1971 1101 2032 trivit
1121 1969 1157 2031 in
1177 1970 1345 2048 paradise,
1365 1970 1466 2044 idest,
1487 1972 1522 2032 in
1541 1974 1635 2034 utero
1656 1973 1708 2035 vel
1733 1974 1809 2034 sinu

155 2076 390 2137 ascendentem
410 2073 611 2134 admirantes
635 2070 817 2135 dixerunt:
838 2090 857 2131 c
876 2075 955 2145 Quae
1010 2084 1082 2129 suc.
1107 2068 1226 2129 Merito
1250 2084 1329 2145 ergo
1354 2070 1444 2131 canit
1469 2070 1618 2132 Ecclesia
1638 2082 1684 2131 :d
1707 2072 1811 2147 Virgo

154 2173 205 2234 est
219 2173 282 2233 ista
298 2187 371 2248 quae
387 2169 596 2247 progreditur
615 2170 710 2249 quasi
730 2184 854 2232 aurora
875 2185 957 2231 oon-
1009 2166 1070 2228 Dei
1084 2165 1246 2234 Genltrix,
1263 2182 1361 2243 quem
1372 2167 1461 2229 totus
1475 2183 1542 2229 non
1557 2169 1646 2244 capit
1666 2169 1756 2231 orbis
1772 2169 1807 2230 in

155 2271 388 2346 surgeret...»
1008 2265 1066 2326 tua
1083 2280 1120 2325 se
1138 2263 1259 2325 clausit
1271 2264 1401 2326 viscera
1422 2264 1531 2326 lactus
1550 2265 1661 2327 homo.
1679 2269 1752 2328 »Et
1772 2267 1809 2329 in

194 2371 241 2430 Ι)θ
255 2368 320 2429 ista
339 2367 440 2428 etiam
454 2362 656 2427 admirantes
678 2365 856 2427 dixerunt:
873 2366 956 2433 θυῖε
1009 2362 1164 2425 Psalmo:
1188 2363 1302 2424 Homo
1322 2364 1435 2438 scotres
1460 2365 1513 2425 θεῖ
1533 2365 1570 2425 tn
1594 2380 1651 2437 cu,
1677 2364 1711 2426 ct
1729 2367 1805 2439 ipsc

154 2467 206 2528 cst
226 2467 296 2528 ista
317 2479 394 2538 quoe
413 2463 568 2525 ascendit
579 2478 649 2537 per
662 2465 849 2535 desertum,
865 2463 956 2525 sicut
1007 2461 1167 2537 modoet!
1191 2475 1270 2522 cam
1293 2461 1491 2523 alrammus
1519 2460 1589 2540 (Ρε.
1612 2463 1669 2534 86,
1692 2462 1739 2542 5).
1769 2463 1810 2524 Et

153 2566 291 2639 virgula
315 2563 404 2635 [ῖιθῖῖ
427 2575 474 2622 ccc
499 2560 712 2621 aromatibus
741 2564 897 2635 mpmbae
921 2560 955 2621 et
1007 2554 1111 2618 David
1129 2577 1138 2616 ι
1158 2555 1293 2617 Veritas
1307 2557 1350 2616 de
1366 2555 1466 2616 terro
1484 2557 1562 2618 orto
1576 2557 1638 2629 est,
1655 2558 1691 2618 ct
1707 2558 1808 2619 terro

154 2661 278 2731 thuris,
302 2659 336 2720 ct
358 2659 517 2719 ῖθιῖθθνεῖ
539 2660 693 2732 pulvera
705 2657 934 2733 proposuere·
942 2657 955 2717 t
1006 2653 1128 2716 nostra
1143 2653 1235 2715 dedit
1245 2653 1401 2727 fructum
1411 2668 1515 2714 suum
1529 2651 1599 2731 (Ps.
1612 2655 1662 2727 84,
1677 2656 1728 2727 12,
1741 2652 1806 2734 13).

155 2756 262 2837 (Cant.
286 2772 338 2825 111,
359 2753 405 2835 6).
427 2754 519 2816 Sicut
534 2754 669 2833 myrrha
685 2755 861 2816 conservat
873 2770 952 2816 cor·
1006 2755 1108 2814 Terra
1131 2752 1181 2812 θεῖ
1200 2752 1302 2812 Beata
1314 2750 1417 2827 Virgo
1437 2750 1546 2812 Maria
1568 2768 1634 2813 non
1649 2753 1806 2831 quantum

154 2871 235 2932 pora
257 2870 277 2916 a
297 2853 482 2932 putredine,
496 2853 543 2914 ita
560 2869 619 2929 per
630 2853 767 2914 Beatam
782 2852 953 2928 Virginem
1007 2848 1048 2911 ad
1064 2849 1320 2927 corruptionem,
1334 2848 1392 2910 sed
1408 2851 1566 2926 quantum
1579 2850 1620 2910 ad
1631 2850 1804 2927 originem,

153 2952 295 3013 Mariam
324 2952 542 3028 designantur
567 2949 741 3026 integritas
776 2949 888 3011 carnis
921 2950 954 3011 et
1007 2945 1093 3025 quod
1108 2946 1187 3007 nata
1206 2947 1257 3007 est
1274 2944 1315 3006 de
1331 2946 1433 3017 terra,
1453 2945 1549 3018 idest,
1566 2946 1606 3007 de
1620 2946 1735 3019 Adam,
1750 2947 1806 3024 qui

153 3049 290 3110 castitas
309 3046 440 3109 mentis.
465 3049 531 3108 Per
554 3046 632 3109 thus
659 3046 781 3107 mentis
807 3046 952 3108 devotio.
1006 3045 1070 3105 luit
1083 3042 1245 3106 formatus
1260 3042 1301 3104 de
1315 3043 1417 3115 terra,
1434 3044 1522 3106 sicut
1535 3060 1596 3105 nos
1610 3060 1736 3105 omnes.

153 3148 244 3206 Beue
260 3159 339 3220 ergo
365 3143 429 3204 ista
446 3142 511 3203 duo
530 3141 566 3202 ln
587 3142 718 3219 virgula
738 3143 952 3220 conjungun-
1045 3141 1235 3218 Notandum
1258 3141 1345 3217 qnod
1365 3140 1489 3218 triplex
1507 3141 1557 3203 est
1576 3143 1676 3204 terra.
1702 3145 1805 3205 Terra

154 3243 219 3313 tur,
241 3241 326 3318 quod
350 3242 383 3301 et
406 3240 441 3300 in
464 3238 559 3314 virga
581 3239 660 3301 etin
681 3238 820 3315 Virgine
839 3240 952 3301 nostra
1006 3257 1080 3318 quae
1100 3242 1151 3301 θεῖ
1170 3239 1230 3300 sub
1253 3238 1399 3311 homine,
1412 3242 1503 3300 terra
1529 3256 1603 3317 quae
1625 3241 1676 3301 est
1696 3240 1807 3311 homo,
1883 3273 1891 3281 ·

153 3338 290 3399 castitas
314 3336 347 3400 et
370 3336 489 3397 mentis
504 3335 635 3398 devotio
648 3335 800 3397 indivisae
815 3351 952 3396 mause—
1005 3341 1039 3400 et
1058 3338 1149 3399 terra
1172 3353 1247 3414 quae
1272 3338 1322 3399 est
1343 3352 1443 3415 super
1463 3337 1643 3399 hominem.
1670 3340 1807 3399 Terram

153 3435 240 3497 runt.
1005 3436 1145 3513 quaeest
1161 3434 1222 3495 sub
1242 3434 1387 3506 homine,
1404 3434 1503 3496 homo
1527 3435 1653 3511 calcat;
1667 3437 1805 3507 terram,

194 3530 358 3596 Etmerito
370 3530 539 3592 subditur:
555 3531 713 3592 Universa·
718 3531 874 3606 petveris
881 3533 954 3605 θία-
1005 3549 1079 3611 quae
1101 3533 1152 3595 est
1174 3532 1284 3604 homo,
1306 3531 1405 3593 homo
1427 3532 1556 3609 portat:
1577 3535 1711 3605 terrant,
1733 3549 1806 3611 quae

153 3633 331 3704 oucntarti,
348 3628 434 3707 quod
450 3629 523 3705 ipsa
540 3627 623 3689 adeo
642 3627 706 3689 suit
725 3627 821 3689 donis
841 3627 950 3705 Spiri-
1005 3633 1056 3692 est
1081 3646 1181 3708 super
1208 3630 1393 3704 bominem,
1422 3630 1521 3692 homo
1552 3630 1729 3693 desiderat.
1758 3633 1806 3691 lle

151 3733 214 3801 tus¹
232 3728 344 3791 Sancti
361 3724 484 3789 referta
511 3725 596 3804 quod
618 3724 734 3786 audire
763 3725 884 3786 meruit
911 3724 952 3785 ab
1004 3728 1113 3807 prima
1133 3729 1224 3790 terra
1248 3728 1477 3806 scriptumest
1499 3728 1535 3789 in
1555 3729 1688 3791 Psalmo
1709 3750 1716 3788 :
1737 3732 1808 3789 Do-

151 3827 277 3904 angelo
290 3849 298 3886 ε
314 3831 397 3895 Aac,
408 3825 525 3903 grotta
536 3826 825 3900 pertenentibus
840 3823 951 3884 tecum
1004 3830 1092 3888 mini
1106 3826 1158 3890 cst
1171 3827 1269 3887 terro
1283 3826 1318 3888 ct
1328 3827 1504 3901 plenitudo
1517 3829 1592 3900 mus
1605 3823 1677 3906 (Ps.
1692 3828 1743 3898 23,
1760 3823 1805 3905 1).

153 3925 247 4004 (Luc.
264 3941 288 3997 1,
307 3921 374 4003 28).
1005 3926 1051 3986 Ι)θ
1071 3922 1215 3985 secunda
1229 3920 1291 3986 tob
1306 3938 1380 3982 cum
1396 3922 1599 3984 describeret
1615 3925 1806 4001 passionem

192 4026 232 4086 Ili
242 4024 327 4085 bene
342 4021 427 4082 dixit
437 4018 585 4096 Angelus
601 4020 719 4096 grotta
735 4024 848 4094 pleno,
865 4019 951 4097 quod
1005 4020 1169 4097 unigeniti
1183 4019 1243 4082 Dei
1259 4019 1327 4081 ait:
1345 4023 1455 4081 Terra
1469 4019 1550 4080 dota
1562 4020 1615 4081 cst
1629 4024 1666 4080 tc
1680 4035 1810 4083 ananus

152 4121 245 4183 nulla
262 4120 415 4181 creatura
436 4116 498 4179 tuit
514 4118 614 4194 plena
628 4115 736 4192 gratia
751 4116 837 4178 sicut
849 4117 950 4178 Beata
1004 4123 1103 4194 impii
1116 4117 1202 4199 (tob.
1218 4132 1270 4189 rx,
1292 4115 1362 4191 24),
1380 4116 1475 4189 idest,
1487 4115 1573 4178 'caro
1587 4115 1710 4178 Christi
1726 4117 1804 4181 data

150 4217 271 4286 Maria,
301 4232 374 4293 quse
402 4214 492 4275 omni
520 4213 629 4289 gratia
657 4212 823 4291 spirituali
851 4229 951 4291 super
1004 4219 1054 4279 est
1069 4216 1105 4277 in
1117 4214 1279 4293 potestate
1297 4214 1532 4291 persecutoris.
1548 4216 1595 4276 De
1610 4214 1710 4277 tertia
1725 4215 1806 4276 illlis

151 4331 266 4379 omues
283 4313 440 4374 mulieres
464 4309 525 4372 luit
547 4311 645 4388 plena
669 4311 702 4372 et
724 4309 897 4373 benedicta
919 4311 952 4372 et
1005 4314 1107 4376 lsrael
1131 4335 1139 4374 :
1163 4327 1182 4372 c
1205 4312 1241 4373 Si
1264 4310 1410 4374 feceritis
1434 4328 1507 4390 quae
1526 4312 1686 4392 praecipio
1709 4312 1804 4376 robis

150 4414 225 4475 ideo
238 4411 328 4483 dicit,
343 4408 517 4472 benedicta
530 4408 568 4470 tu
579 4411 617 4469 ta
628 4411 840 4481 mulieribus,
853 4408 949 4483 idest,
1003 4411 1090 4474 bona
1101 4412 1201 4474 terras
1213 4409 1402 4471 comedetis.
1425 4427 1445 4470 ε

151 4527 252 4589 super
266 4524 379 4571 omnes
394 4506 562 4568 mulieres.
586 4507 627 4567 Et
649 4520 716 4567 non
731 4506 839 4566 solum
860 4506 950 4567 omni
1044 4509 1157 4571 Prima
1171 4508 1262 4570 terra
1282 4506 1332 4570 est
1352 4506 1552 4569 elementum
1572 4506 1724 4583 visibile3
1750 4523 1805 4568 se-
1846 4502 1850 4510 ’

151 4609 259 4687 gratia
287 4607 350 4671 suit
376 4605 538 4667 adornata
564 4603 600 4664 in
625 4604 746 4675 mente,
772 4616 889 4665 verum
919 4604 952 4665 θῖ
1004 4606 1124 4680 cunda,
1136 4621 1256 4683 corpus
1271 4604 1426 4680 mortale;
1445 4606 1691 4678 terlia,coelum
1703 4604 1806 4683 spiri-

150 4724 226 4771 eum
252 4723 272 4769 a
298 4720 365 4784 quo
393 4703 425 4766 et
458 4703 494 4764 in
528 4716 593 4780 quo
623 4700 673 4762 est
703 4700 811 4762 omnis
842 4700 951 4777 gratia
1004 4705 1105 4768 tuale.
1120 4704 1232 4766 Prima
1244 4704 1336 4765 terra
1346 4704 1397 4767 est
1407 4702 1629 4779 mortuorum;
1645 4703 1802 4775 secunda,

150 4805 293 4883 gestarit
306 4805 340 4864 in
355 4802 481 4865 ventre.
493 4802 580 4875 Ergo
590 4798 674 4861 bene
685 4799 770 4861 dixit
780 4799 926 4875 Angelus
941 4821 948 4860 ε
1005 4799 1209 4874 mortalium3
1224 4797 1334 4869 tertia,
1348 4798 1544 4861 viventium.
1558 4801 1637 4862 Haec
1648 4802 1697 4860 θει
1712 4800 1804 4862 terra

150 4909 222 4965 Ave
235 4904 353 4978 gratio
363 4905 477 4975 pleno,
488 4898 574 4976 quod
586 4897 679 4959 tanta
693 4898 756 4958 luit
771 4896 804 4957 in
820 4912 859 4958 ea
869 4913 951 4974 gra·
1004 4897 1064 4959 illa
1086 4897 1127 4958 de
1149 4912 1215 4975 qua
1239 4895 1405 4957 socundus
1428 4895 1533 4957 Adam
1559 4895 1721 4959 formatus
1741 4895 1803 4968 est,

149 5001 206 5063 tiae
220 4995 537 5077 plenitudo,utnihil
551 4995 588 5057 in
602 5011 639 5055 ea
652 4993 829 5072 profecerit
843 4994 952 5055 inimi·
1004 4994 1090 5056 idest
1111 4994 1275 5063 Christus,
1298 4993 1429 5070 quaudo
1453 4993 1627 5056 inclinavit
1647 4996 1749 5055 ooelos
1771 4995 1804 5055 et
1840 5063 1841 5066 Ἴ

152 5115 210 5160 cus
236 5094 405 5166 tentando,
419 5092 473 5154 rel
499 5092 670 5154 blanditiis
700 5091 881 5167 suadendo,
898 5092 951 5155 vel
1005 5091 1184 5165 descendit,
1208 5090 1305 5162 idest,
1326 5092 1458 5168 quaudo
1478 5090 1646 5153 descendit
1668 5090 1704 5152 in
1726 5107 1803 5152 ma-

150 5194 250 5257 mlnis
265 5191 432 5255 terrendo
1004 5191 1099 5262 trem,
1115 5190 1172 5251 sed
1188 5189 1348 5251 remansit
1362 5205 1437 5251 cum
1450 5191 1564 5267 Patre;
1577 5189 1723 5270 suscepit
1734 5189 1804 5252 hu·

191 5296 272 5354 Item
294 5290 396 5351 Beata
420 5287 527 5349 Maria
549 5286 612 5349 luit
632 5288 731 5365 plena
746 5287 865 5363 gratia,
881 5289 951 5349 Eva
1005 5286 1208 5360 manitatem,
1230 5287 1288 5347 sed
1307 5287 1447 5350 retinuit
1465 5287 1633 5350 deitatem.
1660 5290 1739 5351 Haec
1753 5287 1804 5348 est

150 5405 258 5452 racua
290 5391 323 5449 et
354 5386 452 5463 plena
484 5386 631 5462 peccato,
666 5387 713 5446 Ι)θ
747 5383 952 5460 plenitudine
1004 5384 1150 5449 terrade
1169 5400 1234 5464 qua
1254 5384 1302 5446 ait
1321 5385 1447 5447 lsaias:
1463 5387 1593 5448 Rorcte
1613 5388 1804 5471 coettctcsu-

152 5486 268 5549 Mariae
283 5500 397 5546 omnes
413 5483 613 5560 accepimus,
629 5484 676 5542 De
693 5481 860 5542 vacuitate
875 5483 951 5542 Evae
1000 5495 1068 5555 per
1093 5480 1128 5541 ct
1153 5482 1259 5541 cubes
1286 5480 1411 5552 pluant
1433 5480 1587 5553 justum,
1621 5481 1804 5555 operiatur

152 5600 267 5647 omnes
282 5582 470 5659 accepimus
484 5578 761 5649 maledictionem,
778 5576 834 5640 sed
850 5578 952 5640 Beata
1006 5579 1104 5640 terro
1118 5577 1151 5639 θῖ
1164 5577 1337 5655 pertitinet
1353 5578 1572 5639 salvotorem
1587 5577 1645 5658 (Ιε.
1661 5592 1739 5649 aar,
1756 5575 1802 5654 8).

152 5682 260 5745 Maria
280 5683 449 5758 tamquam
472 5678 589 5739 domus
610 5676 671 5738 Dei
689 5675 778 5738 omni
792 5676 900 5752 gratia
920 5676 953 5738 et
1006 5679 1084 5738 Haec
1100 5668 1151 5738 θεῖ
1169 5689 1248 5737 arca
1269 5674 1328 5736 illa
1347 5676 1431 5747 Noe,
1454 5686 1626 5753 perquam
1640 5664 1804 5738 saltatum
1852 5676 1860 5691 '
