3980 6206
82 265 145 327 nn
181 228 183 233 ’
720 272 948 337 urrsvonnt.
973 276 1050 336 ule.
1075 279 1114 336 ιι.
1680 290 1740 351 734

83 419 207 490 affectu
222 443 280 489 eos
302 418 729 504 lavorabiliterloveumus,
745 433 779 496 et
792 424 886 511 ipso·
909 438 910 443 ’
943 436 1117 511 praesentis
1138 438 1254 515 scripti
1278 442 1465 518 patrocinio
1488 448 1741 514 communimus.

82 541 161 586 rum
182 528 262 604 jura
287 527 395 621 illaesa
423 542 603 589 servemus.
626 530 712 591 Hinc
721 533 782 604 est,
801 531 887 608 quod
942 533 991 593 Ad
1007 537 1167 612 majorem
1182 539 1292 599 autem
1317 540 1487 619 rei-hujus
1510 547 1673 611 cautelam
1688 549 1743 610 te-

84 622 339 686 universitatem
361 627 507 687 vestram
526 628 713 704 rogandam
730 628 886 691 duximus
942 644 1057 693 norem
1091 623 1277 696 litterarum
1301 638 1431 713 praelati
1461 641 1554 703 ducis
1581 643 1743 718 Pelopiae,

82 724 214 784 artemo
227 723 261 784 et
274 720 749 803 hortandam,perApostollca
764 728 886 805 scripta
941 728 977 788 in
1003 729 1133 806 qulbus,
1159 733 1246 810 quod
1267 735 1427 798 statutum
1456 740 1507 800 est
1530 740 1618 803 inter
1641 743 1688 803 te
1704 758 1743 806 ac

83 821 228 882 tirmiter
248 818 886 903 principiendomandantes,‘quatenus
940 824 1061 902 ipsum,
1080 828 1212 905 plenius
1227 832 1427 906 continetur,
1445 828 1667 911 praesentibus
1681 840 1743 901 du'-

83 918 198 980 omnia
216 921 295 996 jura
320 921 353 981 et
379 922 638 983 consuetudines
658 920 726 985 tam
746 912 781 986 in
795 926 886 987 terra
941 923 1052 986 nimus
1075 925 1306 990 inserendum·
1322 930 1384 1003 Qui
1398 932 1561 995 esttalisz

82 1031 184 1093 quam
199 1017 235 1076 in
250 1017 356 1094 aquis,
369 1028 452 1094 quas
466 1019 503 1079 in
517 1018 650 1082 civitate
660 1023 771 1082 vestra
786 1022 886 1084 clarae
980 1023 1172 1085 Venerabili
1210 1026 1299 1102 patri
1338 1042 1378 1089 ac
1421 1029 1555 1093 domino
1593 1035 1742 1096 Honorio

81 1111 255 1172 memoriae
270 1111 373 1182 Oddo,
389 1111 552 1175 Robertus
571 1114 605 1176 et
618 1116 782 1195 Henrlcus
804 1118 888 1179 Fra-
941 1121 1064 1182 sauctae
1079 1123 1239 1185 Romanae
1260 1124 1418 1187 Ecclesiae
1436 1138 1565 1190 summo
1589 1130 1744 1211 Pontifici

80 1210 200 1286 japaui
228 1208 386 1271 babuisse
414 1213 620 1285 noscuntur,
661 1213 784 1276 dilecto
818 1215 886 1278 illio
941 1216 994 1277 W.
1025 1217 1095 1278 dux
1120 1219 1280 1292 Polonlae,
1304 1224 1457 1299 paratura
1479 1227 1521 1286 ad
1549 1228 1743 1292 ommasuae

82 1307 243 1376 ilenrico,
259 1308 313 1368 cul
324 1309 427 1369 etiem
442 1311 576 1386 propter
597 1311 705 1373 relatis
724 1312 886 1375 deiectum
942 1313 1159 1391 subjectionis
1174 1317 1380 1397 obsequium.
1398 1324 1505 1395 Quum
1515 1322 1742 1403 meamusejus

80 1404 239 1480 specialis
255 1404 375 1466 adesse
389 1406 555 1480 volumus,
570 1407 768 1471 intemerata
778 1425 888 1474 serve
941 1411 1092 1475 interris
1119 1415 1191 1477 sitis
1217 1416 1377 1481 divinitus
1394 1421 1604 1494 constitutus,
1633 1424 1689 1501 qul
1710 1425 1744 1487 et

82 1501 138 1573 tis,
157 1500 319 1564 iacientes
333 1503 458 1564 eisdem
473 1519 517 1566 ex
530 1506 643 1567 omnia
657 1522 733 1568 cum
748 1508 887 1584 integri·
939 1509 1038 1572 drma
1062 1512 1266 1587 corroborat,
1292 1517 1325 1577 et
1337 1515 1444 1580 tracta
1459 1519 1654 1593 consolidat,
1670 1536 1745 1582 ma-

83 1600 152 1662 tate
184 1598 295 1661 debita
322 1600 487 1663 exbiberi.
514 1600 694 1681 Alioquin,
727 1606 807 1682 quia
844 1622 887 1668 ex
940 1608 1078 1669 nlmein
1098 1610 1142 1671 iis
1156 1613 1276 1674 vestrae
1290 1614 1497 1677 auctoritatis
1513 1616 1616 1679 robur
1630 1618 1742 1679 credib

82 1697 235 1775 injuncte
250 1697 346 1759 nobis
364 1699 475 1761 officio
489 1702 599 1777 patres
622 1701 779 1764 debemus
793 1703 886 1767 exis·
941 1718 1015 1767 mus
1041 1720 1266 1781 accessurum,
1293 1724 1368 1789 quae
1391 1712 1466 1789 paci
1492 1717 1686 1785 conmutat,
1711 1718 1743 1777 et

82 1796 155 1856 tere
175 1795 414 1873 orphanorum,
442 1798 626 1862 venerabili
651 1799 748 1862 bairi
773 1802 886 1864 nostro
942 1803 1031 1881 piam
1050 1804 1211 1868 imitatem
1228 1822 1271 1868 ex
1286 1807 1427 1870 diversis
1447 1809 1599 1874 vinciunt
1610 1812 1645 1874 et
1657 1826 1745 1874 com-

82 1893 242 1970 episcopo
271 1890 410 1971 Signino
425 1895 549 1958 nostris
570 1896 689 1959 damus
714 1898 837 1961 litteris
851 1899 886 1961 in
938 1903 1078 1978 ponunt.
1096 1903 1220 1967 volens
1234 1905 1339 1982 igitur
1352 1906 1389 1966 in
1403 1907 1509 1985 gestis
1522 1909 1742 1986 nostrislegi-

83 1990 263 2062 mandatis,
286 1984 323 2054 nt
346 2008 405 2053 vos
420 1993 462 2055 ad
477 1994 510 2055 id
526 2010 585 2071 per
599 2010 760 2058 censuras
772 1996 886 2059 eccle·
941 1998 1031 2061 timis
1056 2000 1158 2063 etlam
1171 2017 1215 2064 ex
1229 2003 1438 2066 auctoritatis
1457 1992 1581 2067 vestrae
1596 2005 1745 2082 plenitu-

83 2088 251 2160 mastices,
267 2082 491 2166 appellatione
504 2093 643 2165 remota,
659 2093 845 2171 compellat.
942 2096 1019 2159 dine
1038 2098 1209 2160 munimen
1229 2099 1355 2162 babere
1376 2103 1546 2178 perpetua
1572 2100 1741 2166 firmitatis

124 2188 245 2247 Datum
260 2190 373 2249 Romae
381 2189 468 2264 apud
480 2191 635 2252 Sanctum
645 2191 778 2252 Petrum
790 2191 886 2254 nonis
941 2194 1084 2271 pactum,
1104 2196 1190 2272 quod
1211 2198 1300 2259 inter
1316 2210 1369 2260 me
1385 2200 1418 2261 et
1443 2201 1596 2277 nepotem
1617 2216 1740 2272 meum,

84 2282 175 2357 maii,
193 2284 407 2361 pontificatus
427 2286 531 2348 nostri
545 2302 633 2349 auno
648 2288 803 2350 secunde.
942 2291 1111 2354 dominum
1137 2294 1177 2355 H.
1206 2293 1323 2356 ducem
1351 2296 1500 2368 zeleris,
1528 2296 1571 2359 de
1592 2298 1742 2360 virorum

943 2389 1141 2466 prudentum
1162 2392 1195 2453 et
1206 2392 1419 2469 praelatorum
1434 2395 1585 2456 ecclesiae
1600 2395 1741 2457 consilio

372 2484 601 2579 CCXXVIH
943 2487 1133 2560 intervenit,
1150 2490 1341 2566 paternitati
1356 2493 1476 2553 vestra
1491 2491 1599 2568 dirigo
1614 2493 1741 2554 conflr-

317 2635 653 2698 vvcovev
942 2585 1745 2762 letrenidentirenidenti?

388 2756 406 2812 ⁹
421 2756 489 2813 [ΜΗ
504 2757 583 2815 ¹²¹⁸·
942 2796 1026 2852 mus,
1044 2782 1129 2859 quod
1145 2782 1213 2844 tale
1228 2783 1279 2846 est
1294 2800 1302 2844 ι

174 2860 308 2926 [Thaidem
324 2860 488 2912 lleuumonta
502 2863 689 2923 Polonloe,l,b,
704 2879 731 2915 n.
748 2858 798 2928 lb]
983 2881 1052 2957 Ego
1078 2880 1306 2944 Wlodizlavus
1328 2896 1470 2959 magnus
1496 2883 1567 2946 dux
1578 2884 1742 2960 monim,

88 2960 264 3034 compositio
278 2963 409 3035 llaedtm
420 2964 493 3022 inne
504 2964 747 3038 lltllmflldllwlss
763 2966 888 3025 P⁰l⁰¹¹ioe
943 2977 1155 3040 considerata
1174 2979 1317 3042 utilitate
1335 2981 1402 3042 tam
1417 2982 1517 3042 terrae
1532 2996 1627 3055 meae,
1642 2996 1741 3060 quam

210 3050 352 3110 (19033ῡο
369 3052 463 3112 lubus
480 3054 550 3113 iuna
566 3055 762 3113 fflflfflfflss‘uf·
943 3072 1072 3151 nepotis
1083 3075 1116 3136 et
1129 3076 1308 3152 compatris
1321 3078 1385 3138 mei
1396 3077 1490 3139 ducis
1499 3074 1647 3161 liodrici,
1659 3095 1742 3141 con-

124 3169 294 3231 Honorius
308 3164 613 3248 episcopusservus
629 3186 802 3234 servorum
814 3172 886 3246 Dei,
943 3172 1032 3233 sensi
1047 3172 1083 3232 iu
1093 3171 1199 3234 loedus
1210 3172 1367 3236 amlcitiae
1381 3188 1456 3235 cum
1466 3175 1539 3251 ipso
1549 3175 1643 3237 nullo
1652 3180 1739 3238 tem·-

85 3266 209 3329 dilecto
237 3267 307 3329 illio
335 3266 438 3330 nobili
466 3270 541 3331 viro
565 3273 605 3331 Η.
632 3270 708 3332 duci
733 3270 885 3342 Zelezlae,
943 3284 1023 3344 pore
1037 3270 1240 3332 violandum.
1262 3271 1342 3333 Inde
1360 3273 1411 3334 est
1430 3273 1516 3350 quod
1536 3272 1676 3351 promisi
1697 3274 1740 3347 el,

86 3363 274 3427 salutemet
287 3366 502 3442 apostolicam
517 3362 793 3428 benedictionem.
944 3364 1101 3444 quod'pro
1113 3382 1210 3446 posse
1223 3369 1320 3431 modo
1331 3366 1452 3450 (maol)
1465 3366 1621 3433 assistam
1634 3366 1742 3433 eidem

123 3464 206 3522 Tam
226 3476 289 3539 per
314 3465 404 3536 tries,
426 3479 524 3541 quam
546 3463 787 3525 venerabilium
815 3462 888 3525 ira-
943 3464 984 3524 ad
1000 3462 1161 3540 honorem
1177 3464 1282 3542 ipsius
1297 3466 1562 3528 conservandum
1578 3471 1612 3529 et
1626 3466 1738 3530 reler—

85 3562 175 3622 trum
189 3561 417 3622 nostrorum...
430 3562 890 3624 posnaniensis...wratisla-
944 3561 1111 3623 mundum.
1128 3562 1212 3623 Illud
1228 3577 1359 3640 quoque
1373 3562 1436 3625 sibi
1445 3565 1593 3641 promisi,
1609 3568 1646 3627 ut
1661 3566 1741 3628 nul-

82 3658 887 3737 riensiset...bubicenciseplscoporum,necnon
944 3659 1013 3719 lum
1034 3661 1219 3737 respectum
1240 3658 1283 3723 ud
1306 3660 1454 3738 aliquam
1476 3660 1606 3738 partem
1629 3666 1740 3736 terrae,

85 3755 209 3818 nobilis
223 3756 289 3817 viri
309 3759 364 3818 W.
386 3758 498 3835 patrui
520 3758 584 3830 sui,
608 3759 703 3820 ducis
727 3757 887 3830 Potoniaa,
944 3772 1043 3835 quam
1053 3772 1143 3819 nunc
1149 3758 1307 3835 possidet,
1318 3774 1462 3836 unquam
1473 3757 1649 3823 habiturus
1665 3760 1741 3821 sim.

84 3853 216 3915 litteras
238 3854 334 3915 nobis
349 3852 412 3918 luit
422 3855 593 3918 humiliter
608 3857 841 3933 supplicatum,
854 3858 890 3917 ut
944 3853 1159 3916 Occasionem
1187 3870 1318 3933 quoque
1349 3855 1526 3917 discordiae
1559 3856 1743 3932 praecidere

86 3951 174 4027 quod
192 3950 315 4013 tactum
337 3955 398 4024 est,
421 3953 644 4015 mediantibus
660 3954 783 4015 eisdem
800 3953 891 4031 epis-
944 3952 1061 4014 volens
1083 3952 1256 4028 spopondi,
1274 3950 1360 4030 quod
1378 3952 1530 4014 homines
1548 3953 1615 4014 mei
1635 3954 1745 4015 bomi-

86 4048 193 4123 copis,
209 4048 252 4108 ad
271 4047 376 4108 loedns
391 4049 580 4112 dilectionis
594 4052 683 4113 inter
697 4052 730 4113 te
743 4066 784 4112 ac
797 4065 888 4128 prae-
945 4066 1004 4111 nes
1017 4065 1107 4121 suos,
1120 4050 1242 4110 omisso
1251 4048 1389 4126 judicic,
1399 4050 1537 4111 vadiare
1550 4051 1742 4113 nullatenus

86 4144 212 4207 dictum
232 4146 350 4207 ducem
376 4148 536 4225 perpetuo
552 4148 828 4220 conservandum,
856 4150 889 4210 te
945 4146 1163 4225 praesumant3
1181 4146 1237 4209 sed
1253 4151 1287 4209 et
1301 4144 1452 4208 homines
1468 4146 1572 4224 ipSIus
1584 4148 1742 4224 fugitivos

86 4242 226 4303 cedente
240 4243 414 4318 insignum
431 4246 586 4321 perfectae
596 4247 751 4308 amicitiae
767 4262 807 4307 ao
822 4262 890 4306 mu·
945 4247 1127 4321 atempore
1140 4244 1298 4322 colloquii
1314 4243 1418 4305 babiti
1434 4245 1468 4306 in
1484 4243 1659 4316 Zahdovel
1670 4248 1743 4307 tam

86 4342 154 4402 tuae
164 4341 314 4402 caritatis
330 4343 492 4419 quoddam
513 4345 890 4420 castrum‚quodLubus
945 4359 965 4405 a
1000 4357 1052 4403 me
1077 4358 1175 4419 quam
1210 4343 1339 4404 ameis
1366 4342 1535 4425 detentos
1556 4343 1741 4405 restituam.

87 4438 223 4511 dicitur,
250 4439 328 4500 duci
349 4441 487 4517 praelato
513 4441 621 4517 quoad
644 4442 768 4503 vixerit
782 4442 889 4519 possi·
945 4438 994 4501 Ad
1025 4439 1106 4501 illud
1140 4440 1243 4501 etiarn
1271 4440 1463 4518 specialiter
1499 4455 1552 4502 me
1585 4439 1741 4516 obligavi,

86 4535 244 4608 dendum,
271 4536 319 4597 ita
347 4537 434 4615 qued
454 4540 528 4615 post
542 4538 666 4600 obitum
680 4538 773 4602 ducis
795 4543 890 4617 ejus-
946 4538 982 4599 ut
1000 4535 1096 4615 ‚tures
1114 4536 1182 4598 tam
1209 4538 1439 4598 fraudulentos
1460 4552 1559 4613 quam
1580 4538 1743 4599 violentos

85 4634 162 4694 dem
176 4634 218 4695 ad
228 4636 261 4696 te
274 4634 490 4697 velliteredes
507 4637 593 4707 tros,
610 4637 700 4697 omui
716 4638 891 4699 occasione
945 4635 1031 4696 bona
1054 4634 1120 4695 ilde
1140 4633 1314 4696 cohibeam
1334 4636 1367 4695 et
1381 4633 1612 4704 exterminem,
1628 4646 1671 4694 ne
1685 4634 1746 4694 eli·

85 4734 119 4793 et
147 4731 310 4793 dilatione
337 4733 484 4805 remotio,
514 4733 642 4795 directe
668 4733 784 4795 redeat
815 4750 890 4796 cum
945 4732 1032 4810 quod
1051 4734 1285 4793 nocumentum
1302 4730 1457 4791 maximas
1476 4731 1576 4791 tsrrae
1592 4731 1743 4806 praedicti

86 4828 159 4889 suis
175 4828 386 4905 pertinentiis
396 4833 552 4903 castrum,
568 4831 757 4907 Apostolicc
772 4832 892 4907 digna·
946 4829 1040 4891 ducis
1062 4831 1102 4889 Η.
1122 4827 1256 4896 iaciant,
1274 4827 1307 4888 et
1327 4843 1347 4887 a
1362 4827 1456 4887 nullo
1474 4826 1636 4888 nobilium
1651 4844 1743 4889 meo-

85 4941 204 4985 remur
215 4925 399 4986 munimine
407 4926 576 4988 roborare.
597 4931 703 5001 Quum
714 4927 816 5003 igitur
831 4944 890 4988 nos
946 4942 1019 4985 rum
1033 4926 1211 4986 serventur
1220 4923 1282 4984 sub
1292 4936 1389 5000 praua
1400 4925 1567 5000 perpetue
1579 4923 1740 4998 infamiae,

85 5025 161 5099 ejus
187 5021 319 5094 vicem,
357 5023 435 5085 licet
463 5022 641 5096 immeriti,
672 5038 827 5100 geramus
855 5025 890 5085 iu
947 5025 980 5084 et
993 5022 1211 5100 jnrejurando
1226 5034 1328 5097 super
1343 5020 1405 5082 boc
1419 5021 1579 5097 prestito,
1594 5021 1640 5083 ita
1655 5023 1741 5100 quod

82 5120 201 5190 terris,
223 5120 280 5197 qui
306 5135 421 5197 pacem
444 5120 636 5183 bominibus
662 5121 838 5194 nuntiavit,
860 5123 892 5183 et
947 5120 974 5181 si
992 5120 1066 5197 quis
1081 5121 1135 5181 ter
1148 5116 1349 5180 ammonitus
1357 5132 1428 5179 non
1445 5114 1626 5196 resipuerit
1641 5119 1740 5183 nobl-

84 5233 163 5279 eam
179 5218 302 5278 mundo
318 5217 463 5296 reliquit,
480 5218 546 5279 tuis
560 5221 592 5280 et
604 5217 768 5296 praelibati
783 5218 889 5290 ducis,
946 5218 1040 5279 litate
1051 5218 1085 5279 et
1094 5214 1344 5278 haereditatibus
1355 5216 1478 5288 careat,
1495 5215 1621 5279 directo
1635 5217 1676 5277 ad
1689 5232 1742 5279 me

84 5330 150 5377 nec
164 5330 232 5376 non
242 5315 479 5391 praedictorum
489 5316 719 5394 episcoporum
728 5316 893 5393 supplica·
947 5314 1165 5377 dissolvendis
1180 5315 1214 5376 et
1227 5328 1294 5376 non
1309 5313 1350 5374 ad
1366 5313 1518 5375 heredes
1529 5326 1657 5386 eorum,
1674 5314 1742 5375 nisi

83 5410 237 5475 tionibus
263 5413 359 5488 grato
378 5407 616 5475 concurrentes
638 5429 788 5486 assensu,
805 5414 891 5491 quod
947 5412 1032 5475 torte
1041 5412 1179 5477 malitiae
1188 5411 1338 5489 ipsorum
1351 5410 1509 5474 contrarii
1520 5410 1654 5472 luerint.
1669 5413 1743 5474 Dux

85 5525 192 5588 super
214 5509 432 5587 improvida
457 5513 507 5573 est
528 5510 766 5574 deliberatione
787 5513 893 5574 statu·
947 5511 1047 5572 etiam
1061 5506 1740 5586 Henricusomnlapraemissa,vicoversa,

84 5612 170 5680 tum,
182 5607 383 5670 auctoritate
396 5609 586 5685 apostolica
599 5610 844 5683 confirmamus,
859 5611 891 5672 et
948 5609 1029 5670 mibi
1041 5606 1203 5686 promisit.
1218 5609 1325 5684 snper
1336 5605 1485 5682 fugitivis
1495 5607 1596 5670 etiam
1607 5605 1743 5668 redden·
