3980 6206
205 314 265 372 lli
823 307 999 368 HONORII
1020 307 1064 368 111
1086 307 1235 369 OPERA.
1795 309 1854 369 vlt

205 470 318 531 nostro
333 467 477 530 Henrico
492 467 614 529 illustri
629 465 700 543 regi
708 464 848 542 anglia,
860 464 1000 527 salutem
1054 464 1271 541 praetaxatam
1294 465 1470 541 pecuniam
1494 464 1603 527 eidem
1625 464 1757 542 reginae
1780 467 1852 530 sine

205 570 239 629 et
252 566 469 644 apostolicam
481 564 755 626 benedictionem.
1055 561 1248 625 difficultate
1261 562 1345 625 solvi
1362 562 1468 625 facias
1481 563 1633 625 terminis
1647 565 1849 636 constitutis,
1968 618 1969 625 ,

246 665 374 736 Quanto
386 664 419 725 te
430 663 486 723 ille
499 663 555 739 qui
572 661 652 723 facit
665 661 829 739 judicium
843 660 1000 737 injuriam
1055 662 1088 722 et
1098 660 1254 722 satisfieri
1266 675 1415 738 congrue
1429 660 1470 721 de
1483 661 1661 734 sobonem,
1677 662 1732 723 vel
1753 662 1851 723 dota·

206 761 405 839 patientibus
419 776 488 822 suae
503 759 634 822 virtutis
649 758 796 836 potentia
809 759 849 819 de
864 758 1002 836 majori-
1054 758 1161 820 litium
1178 759 1286 836 ipsum
1302 761 1400 837 juxta
1425 759 1574 836 ejusdem
1597 760 1851 837 compositionis

205 859 266 920 bus
292 856 561 921 tribulationibus
588 858 621 919 et
641 857 803 933 angustiis
834 854 998 927 liberavit,
1054 858 1200 918 tenorem
1217 856 1280 933 ipsi
1292 856 1450 919 restituas
1464 857 1592 933 integre
1605 857 1681 919 sine
1692 870 1799 929 mora,
1811 872 1852 918 ne

204 957 298 1019 tanto
312 955 411 1017 debes
426 955 545 1017 fortius
561 955 595 1016 in
611 954 742 1030 signum
763 953 949 1015 devotionis
969 952 1001 1013 et
1054 954 1160 1032 ipsam
1174 955 1325 1031 oporteat
1335 954 1444 1017 denuo
1457 955 1622 1031 replicare
1632 955 1809 1033 querelam
1821 955 1854 1017 et

204 1053 416 1129 gratitudinis
449 1067 649 1130 praecavere,
675 1067 719 1114 ne
740 1052 819 1113 aliis
842 1050 999 1128 injuriam
1055 1053 1170 1113 contra
1191 1053 1223 1113 te
1238 1066 1299 1114 nos
1313 1053 1462 1113 severius
1477 1067 1579 1128 agere
1598 1052 1850 1129 compellamur.

189 1150 331 1213 ‘inferas
346 1154 379 1213 et
386 1151 570 1228 praesertim
594 1150 716 1221 viduis,
734 1165 816 1226 quas
840 1148 1000 1210 Dominus
1054 1150 1124 1211 Nos
1147 1149 1235 1210 enim
1252 1150 1554 1227 quantumcumque
1567 1162 1747 1227 personam
1763 1150 1853 1210 tuam

205 1262 287 1310 voce
299 1248 493 1327 prophetica
507 1246 658 1326 praecipit
668 1246 848 1318 defensari,
861 1260 1000 1322 quarum
1053 1247 1089 1308 in
1101 1247 1241 1309 Domino
1255 1246 1443 1323 diligamus,
1460 1247 1494 1309 et
1511 1246 1631 1309 honori
1646 1251 1707 1309 tuo
1721 1246 1853 1309 deferre

206 1346 385 1409 clamorem
405 1362 452 1417 se,
469 1362 545 1406 cum
570 1345 613 1407 ad
632 1360 708 1406 eum
731 1342 998 1413 vociferaverint,
1053 1344 1206 1413 velimus,
1219 1343 1367 1422 praefatae
1377 1344 1489 1407 umen
1502 1344 1629 1420 reginae
1642 1346 1679 1407 in
1702 1360 1765 1407 suo
1775 1347 1850 1421 jure

204 1443 366 1505 exaudire
378 1444 549 1522 promittit,
566 1445 600 1507 et
619 1444 735 1504 contra
757 1440 845 1513 illos,
870 1441 926 1518 qui
942 1454 999 1501 eas
1054 1442 1171 1504 deesse
1183 1458 1251 1503 non
1265 1442 1532 1520 possimus,quin
1545 1442 1654 1504 eidem
1664 1445 1766 1519 Juxta
1777 1441 1850 1503 offi-

205 1540 366 1614 laeserint,
381 1541 593 1614 commoveri,
611 1554 741 1617 semper
761 1538 914 1601 habendo
931 1553 1000 1615 prae
1054 1539 1098 1601 cii
1119 1540 1225 1602 nostri
1251 1539 1396 1602 debitum
1424 1539 1633 1608 assistamus,
1657 1540 1717 1616 gui
1739 1550 1851 1600 sumus

204 1638 309 1699 oculis
324 1637 410 1715 quod
423 1638 539 1715 potens
556 1637 607 1698 est
630 1635 842 1706 Dominus,et
864 1633 940 1695 illas
960 1632 1000 1694 de
1054 1637 1088 1699 io
1099 1637 1231 1715 iustitia
1244 1637 1356 1699 viduis
1369 1636 1561 1713 specialiter
1578 1636 1760 1699 debitores.
1783 1639 1851 1698 Da·

203 1735 244 1796 iis
253 1735 309 1812 qui
319 1735 534 1813 eisiojuriam
543 1734 704 1805 inferunt,
715 1732 1000 1794 vindicare.Sane
1053 1736 1122 1797 tum
1145 1737 1259 1800 Romae
1284 1734 1372 1812 apud
1397 1736 1555 1798 Sancbrm
1577 1736 1715 1797 Petrum
1745 1734 1851 1795 idibus

206 1832 246 1894 ad
256 1833 458 1894 audientiam
470 1834 617 1894 nostram
634 1832 808 1892 carissima
820 1830 855 1891 in
869 1828 999 1890 Christo
1054 1832 1145 1904 maii,
1158 1830 1411 1893 annoseeundo.

207 1930 277 1991 fllia
290 1928 673 2006 Berengariaquoudam
686 1927 868 2003 Anglorum
882 1926 1000 2001 regina
1093 1952 1137 2009 [η
1171 1950 1329 2010 eumaem
1360 1951 1502 2009 mogum,
1528 1948 1689 2024 mptum
1724 1948 1778 2010 pgr
1811 1950 1849 2008 g,

204 2026 327 2088 illustri
357 2026 580 2103 conquerente
610 2024 779 2102 pervenit,
807 2022 894 2102 quod
925 2038 999 2083 cum
1054 2044 1143 2107 figuli
1168 2044 1281 2107 sancti
1304 2045 1440 2107 Marum
1466 2044 1659 2123 presbytero
1688 2044 1852 2106 cardinali

136 2199 139 2205 Ι
203 2125 302 2185 clarae
317 2123 486 2185 memoriae
509 2122 691 2193 lohannes,
719 2122 919 2200 paterinus,
939 2135 999 2197 pro
1054 2143 1254 2220 Apospopssae
1269 2143 1363 2204 θοαῖς
1378 2143 1500 2219 rogaro,

203 2237 239 2282 se
253 2237 293 2282 ac
308 2220 495 2283 haeredibus
515 2220 585 2282 suis
609 2235 709 2298 super
734 2218 896 2288 dotalitia,
913 2217 999 2294 quod

204 2319 291 2382 dicta
316 2318 432 2395 regina
456 2317 626 2395 repetebat
651 2317 692 2378 ab
713 2333 764 2389 eo,
789 2315 999 2379 amicabilem

205 2417 477 2494 compositionem
498 2414 613 2478 inierit
631 2422 705 2477 cum
718 2414 845 2485 eodem,
862 2428 1000 2474 conces-

205 2515 252 2576 sis
267 2514 328 2575 sibi
350 2529 409 2591 pro
433 2512 583 2574 dotalitio
609 2512 700 2573 mille
724 2510 819 2572 libris
837 2511 1000 2572 bonorum

207 2612 240 2675 et
271 2611 428 2687 legalium
467 2609 717 2686 sterlingorum,
745 2608 846 2671 certis
878 2608 998 2669 termi-

207 2710 262 2770 nis
279 2709 386 2770 eidem
405 2708 441 2768 in
459 2707 555 2768 domo
570 2707 696 2784 Templi
710 2705 795 2783 apud
810 2705 999 2767 Londonias

205 2808 303 2868 annis
336 2805 476 2882 singulis
504 2802 753 2882 persolvendis,
778 2803 826 2865 ita
859 2802 999 2881 quodsi
1372 2834 1536 2923 CCXLV

203 2904 289 2965 forte
317 2903 399 2980 ipse,
425 2902 480 2964 vel
507 2902 628 2980 aliquis
663 2916 892 2965 successorum
920 2915 1000 2962 suo-

202 3018 278 3063 rum
311 3000 460 3062 eamdem
488 2999 761 3076 compositionem
789 2988 997 3075 infringeret,
1123 2981 1175 3041 Ad
1188 2978 1440 3040 immitium
1457 2980 1492 3040 S·
1514 2978 1619 3040 Pauli
1634 2980 1676 3039 αθ
1694 2980 1794 3039 Urbe·

201 3102 234 3160 et
248 3097 335 3159 infra
350 3097 469 3174 viginti
481 3097 552 3157 dies
568 3096 715 3157 monitus
730 3095 801 3172 ipse
816 3095 871 3156 vel
892 3094 998 3172 justi·
1354 3091 1388 3149 15
1399 3091 1467 3148 maii
1484 3091 1565 3149 lala.

201 3195 322 3256 ilarius
353 3196 440 3270 ejus,
473 3193 502 3252 si
531 3192 619 3253 esset
645 3188 703 3252 iile
734 3190 875 3252 forsitan
904 3190 1000 3252 extra
1158 3198 1469 3264 [demonstiationem
1483 3198 1756 3263 nummatior]

206 3307 355 3367 regnum,
376 3290 408 3350 id
424 3289 609 3364 negligeret
630 3288 819 3360 emendare,
836 3284 899 3348 sib'i
911 3284 1001 3350 dota·
1054 3295 1339 3356 llludmcnasteriam
1353 3295 1560 3370 protegendum
1579 3296 1711 3369 suscipit,
1724 3297 1850 3354 ordinem

203 3386 313 3449 litium
331 3402 428 3446 suum
443 3386 572 3460 integre
587 3384 777 3457 restituere,
793 3385 883 3446 omni
898 3401 999 3446 occa·
1090 3388 1280 3444 monadicum
1291 3384 1344 3443 sub
1358 3386 1457 3459 regula
1477 3385 1569 3443 sauci
1583 3384 1732 3443 &radiosi
1743 3386 1846 3442 mosa·-

204 3486 298 3547 sione
323 3497 363 3546 ao
389 3483 548 3545 dilatione
579 3483 782 3560 postpositis,
811 3482 998 3558 teneretur3
1088 3475 1209 3546 ῑυθῦᾶοῐ
1229 3489 1331 3533 ⁰ffl⁰⁰⁸
1344 3473 1408 3547 ⁹1⁰⁸
1428 3476 1636 3546 l0⁸⁸ffl³i⁰ss0⁸2
1658 3473 1747 3543 bonis
1767 3473 1849 3547 privi

1093 2263 1137 2322 lo
1151 2262 1307 2321 cumdem
1321 2258 1460 2321 modum
1471 2259 1627 2337 episcopo
1642 2256 1848 2321 wintonien.

1054 2356 1087 2420 et
1099 2354 1204 2419 nobili
1217 2356 1291 2418 viro
1304 2358 1357 2417 W.
1374 2354 1583 2418 marescallo.
1724 2360 1728 2368 '

1054 2584 1126 2632 ram
1147 2569 1273 2646 reginae
1289 2566 1412 2630 illustri
1434 2568 1532 2630 matri
1548 2568 1733 2647 supradicti
1748 2568 1848 2646 regis,

1053 2664 1165 2729 uerbis
1177 2666 1403 2744 competenter
1417 2666 1563 2729 mutatis.

77 3654 84 3673 κ
204 3582 284 3645 licet
298 3582 385 3643 idem
405 3584 500 3659 pater
520 3580 597 3642 tuus
618 3580 862 3642 Lanfredanum
877 3580 999 3642 Literel
1088 3563 1175 3637 legia,
1191 3563 1335 3621 libertates
1349 3563 1639 3635 atqueimmuoitates
1651 3563 1813 3620 confirmat.

202 3682 342 3743 militem
355 3692 451 3740 suum
463 3682 579 3756 jurare
593 3678 629 3739 in
645 3678 790 3739 animam
802 3687 895 3739 suam
911 3672 1001 3739 fece-
1094 3682 1260 3743 Honorius
1268 3679 1677 3758 episcopus,etc.,dilectis
1687 3680 1778 3752 filiis,
1788 3682 1848 3743 etc.

204 3780 250 3842 rit
268 3778 354 3855 quod
373 3776 538 3838 illibatam
560 3775 830 3852 compositionem
852 3770 1001 3837 servaret
1095 3777 1853 3856 Cumaliquatibi,beatissimePaule,vaselec·

203 3876 364 3947 eamdem,
381 3876 413 3936 et
427 3870 470 3937 ad
480 3872 752 3950 supplicationem
770 3873 876 3949 ipsius
895 3873 1000 3950 patris
1053 3877 1165 3949 tionis,
1183 3877 1217 3937 et
1234 3876 1352 3952 gratiae
1373 3874 1582 3953 praedicator,
1599 3890 1660 3952 per
1684 3876 1852 3953 privilegii

201 3973 251 4037 tui
278 3966 388 4034 felicis
409 3970 651 4032 recordationis
672 3970 886 4031 innocentius
914 3986 999 4047 papa
1055 3974 1211 4053 paginam
1226 3972 1378 4035 conferre
1391 3972 1553 4045 videmur,
1566 3985 1627 4035 nos
1641 3976 1759 4036 nostra
1773 3989 1852 4035 oon-

202 4070 550 4150 praedecessornoster
566 4068 670 4144 ipsam
686 4067 1000 4145 auctoritatellpos-
1055 4071 1215 4143 cedimus,
1230 4070 1288 4131 sed
1302 4071 1360 4132 tua
1374 4070 1484 4147 potius
1508 4069 1762 4145 confirmamus;
1776 4071 1852 4148 qnia

204 4168 304 4231 tolica
325 4164 541 4233 confirmarit,
557 4165 591 4227 et
613 4162 860 4225 venerabilibus
881 4162 999 4226 fratri·
1054 4169 1140 4230 bona
1153 4168 1276 4240 omnia,
1289 4184 1362 4245 quae
1375 4166 1853 4240 habemustuisioterrenien-

202 4267 263 4328 bus
292 4263 452 4325 nostris...
487 4262 691 4323 Londonlen.
719 4265 789 4353 et„
817 4260 999 4325 cicestren.
1054 4266 1143 4328 tibus
1157 4266 1296 4337 meritis,
1312 4264 1620 4342 apatreluminum,
1634 4278 1655 4327 a
1670 4283 1738 4344 quo
1758 4278 1852 4329 omne

204 4361 368 4440 episcopis
380 4358 508 4420 dederit
530 4359 567 4418 in
591 4358 756 4420 mandatis
780 4360 817 4420 ut
840 4359 999 4421 facientes
1055 4364 1167 4427 datum
1181 4363 1351 4440 optimum,
1367 4365 1400 4424 et
1412 4374 1509 4424 omne
1521 4362 1643 4424 donum
1657 4364 1852 4441 perfectum,

205 4462 311 4538 ipsam
337 4456 476 4517 firmiter
499 4454 681 4527 observari,
705 4470 778 4527 eos,
802 4455 858 4532 qui
884 4457 1000 4518 contra
1054 4477 1116 4524 nos
1130 4460 1301 4538 accepisse
1321 4459 1480 4536 fatemur3
1502 4460 1644 4537 ideoque
1664 4463 1777 4538 magis
1796 4463 1852 4524 tua

203 4557 318 4621 venire
337 4548 586 4632 praesumerent,
604 4569 662 4630 per
687 4568 862 4614 censuram
888 4554 999 4615 eccle·
1054 4560 1247 4636 reputamus
1260 4570 1345 4630 esse,
1362 4573 1460 4634 quam
1476 4558 1607 4631 noeua3
1619 4558 1653 4619 et
1666 4558 1851 4620 utinmita

204 4655 385 4725 siasticam,
405 4651 627 4729 appellatione
650 4652 788 4722 remota,
810 4666 1001 4728 compesce·
1054 4659 1169 4716 nostra
1181 4654 1249 4715 sint
1270 4654 1339 4725 tua,
1357 4654 1393 4714 ut
1409 4669 1541 4731 quoque
1559 4654 1619 4715 tua
1643 4654 1710 4717 sint
1724 4656 1851 4725 nostru

204 4755 288 4814 rent.
305 4752 345 4812 Et
360 4766 419 4810 nos
435 4748 643 4825 postmodum
657 4746 805 4825 praedicti
821 4748 1001 4825 praedeces·
1054 4753 1216 4828 quatenus
1230 4751 1288 4828 qui
1309 4752 1401 4812 tuum
1432 4749 1578 4811 officium
1602 4752 1850 4829 exsequendum

204 4851 290 4911 soris
302 4847 407 4908 nostrl
421 4846 571 4922 vestigiis
590 4845 804 4918 indurantes,
822 4844 999 4907 fecerimus
1054 4848 1271 4925 suscepimus,
1282 4846 1324 4908 ad
1333 4847 1427 4908 tuum
1437 4847 1772 4925 etlamsusoipiamur
1779 4866 1851 4911 con-

1093 2475 1137 2534 In
1153 2474 1311 2534 cumdem
1335 2474 1511 2533 mum...
1538 2470 1704 2549 quondam
1728 2466 1852 2548 Anglo-
1968 2488 1969 2491 ¹

202 4946 285 5008 illud
311 4945 410 5014 idem,
440 4944 481 5004 de
506 4943 664 5019 praedicta
685 4945 797 5005 tamen
818 4943 999 5019 pecuniae
1054 4945 1192 5007 sortium
1207 4943 1431 5006 obtinendum.
1450 4944 1721 5007 sacratissimum
1740 4947 1851 5025 itaque
1968 5002 1969 5019 ἶ

203 5043 330 5107 duobus
354 5041 463 5111 annis,
483 5043 517 5101 et
539 5040 684 5117 amplius
706 5039 767 5102 tibi
795 5056 865 5101 non
891 5041 1001 5104 extitit
1054 5041 1302 5113 monasterium,
1318 5040 1354 5102 in
1369 5053 1434 5119 quo
1449 5041 1543 5103 tuum
1556 5041 1750 5104 venerabile
1772 5059 1848 5105 cor·
1968 5044 1969 5087 ἒ

202 5140 418 5203 satisfactum.
434 5138 515 5197 Cum
529 5138 710 5213 igiturtuae
725 5138 883 5208 salatiel
898 5138 999 5199 etiam
1054 5156 1115 5218 pus
1140 5138 1264 5201 celebri
1279 5135 1439 5200 memoria
1459 5139 1649 5216 requiescit,
1665 5139 1708 5200 ad
1726 5144 1794 5217 jus,
1819 5141 1850 5201 et
1968 5132 1969 5197 l

203 5238 338 5301 utilitati
350 5250 558 5313 nequaquam
574 5234 739 5312 expediat,
752 5235 789 5298 ut
803 5236 918 5298 contra
929 5236 1000 5297 fac·
1054 5236 1288 5314 proprletatem
1303 5235 1502 5312 Apostollcae
1526 5234 1621 5297 sadis
1642 5237 1722 5312 jure
1747 5235 1852 5313 perti-
1968 5264 1969 5291 l

201 5339 271 5398 tum
292 5334 394 5413 patris
418 5332 467 5394 tui
489 5333 613 5393 temere
636 5331 763 5402 venias,
787 5332 1000 5394 serenitatem
1054 5349 1136 5396 nens
1151 5332 1300 5410 speciali,
1317 5333 1359 5395 od
1372 5332 1543 5409 exemplar
1563 5331 1670 5395 felicis
1689 5334 1849 5397 recorda-

201 5436 292 5497 tuam
307 5430 489 5507 rogandam
504 5424 659 5489 duximus
678 5430 711 5490 et
730 5418 927 5490 monendam
940 5446 999 5507 per
1053 5431 1155 5492 tionis
1169 5431 1355 5493 innocentii
1369 5445 1464 5508 papae
1486 5432 1542 5501 ΙΙΙ,
1559 5429 1621 5491 suh
1641 5429 1731 5492 beati
1747 5432 1845 5502 Petri,
1968 5462 1969 5517 l

201 5529 392 5606 Apostolica
407 5527 466 5588 tibi
482 5526 605 5602 scripta
617 5525 998 5603 mandantes,quatauus
1053 5529 1212 5590 einostra
1234 5528 1440 5604 protectione
1464 5526 1677 5604 suscipimus,
1704 5530 1739 5591 et
1761 5545 1846 5607 pra-

203 5625 474 5698 compositionem
486 5625 592 5700 ipsam
609 5623 772 5686 illibatum
796 5624 996 5697 custodiens,
1054 5625 1157 5688 sentis
1165 5625 1280 5703 scripti
1288 5625 1465 5705 privilegio
1473 5624 1725 5688 communimus.
1740 5627 1847 5704 Inpri·
1968 5648 1969 5663 ,
