3900 6202
842 322 1017 385 HONORll
1036 261 1083 386 ΙΙΙ
1106 326 1254 389 OPERA.

554 485 693 572 oxxn
1391 492 1553 583 annm
1599 470 1621 491 ”

1142 671 1194 730 Act
1204 671 1363 745 priorem
1377 670 1411 731 et
1425 673 1631 734 manentum
1644 675 1681 736 S.
1696 677 1795 737 lusti.

279 717 332 777 Ao
351 726 546 789 episcopum
565 718 751 789 Boottttum
770 720 804 780 et
825 720 963 781 dilectos
1374 782 1463 857 “jann
1482 784 1560 843 lm

527 814 709 875 Sertenses.

559 952 565 965 ·
1075 903 1258 968 [ltondininns
1279 905 1424 955 idonesterii
1446 906 1471 957 S.
1491 906 1575 957 Mariae
1593 912 1619 958 et
1634 907 1676 960 SS.
1695 909 1821 960 iohannis
1843 918 1871 961 et

526 950 616 1025 '¹1⁸⁰-
638 954 717 1012 ΗΠ·
1165 983 1445 1035 evanesceremus
1458 986 1542 1037 seve
1555 986 1773 1052 astoensem.

396 1119 487 1183 [Petet
500 1119 584 1172 Storia
597 1120 623 1171 di
639 1120 723 1179 siena,
734 1137 761 1187 p.
778 1122 848 1188 ¹⁹7]
1073 1126 1169 1183 ilonet
1179 1131 1295 1196 attente,
1308 1131 1339 1182 ut
1355 1127 1527 1184 monasterio
1542 1129 1707 1187 casaemarii
1721 1128 1757 1186 de
1770 1138 1870 1189 cetero

1106 1213 1185 1285 juxta
1209 1213 1406 1272 cisterciensis
1432 1213 1540 1273 ordinis
1566 1217 1695 1275 instituta
1723 1216 1872 1277 humiliter

224 1313 373 1389 Significat
392 1331 423 1373 se
443 1331 533 1388 nuper
552 1317 581 1373 in
604 1316 719 1375 basilica
740 1318 876 1392 principis
895 1320 1016 1393 Aposto-
1108 1300 1267 1359 intendim-

257 1406 362 1551 22:⁰¹⁰?
376 1405 878 1553 p'aeffbnssfflegffi'afl⁰mffl⁰rtum
893 1423 1019 1555 nupera}
1112 1445 1258 1507 Dilectus
1271 1446 1360 1508 lilius
1374 1447 1476 1509 abbas
1491 1448 1532 1509 de
1545 1448 1703 1510 Columba
1711 1452 1869 1526 exposuit

258 1508 601 1656 ws’iffim'imzeffi
620 1510 750 1640 &affl
769 1512 921 1642 p‘gsoeffl
933 1512 1016 1642 03ξὲ
1074 1558 1185 1604 coram
1199 1543 1305 1617 nobis,
1320 1545 1418 1621 qnod,
1429 1547 1507 1622 qnia
1519 1545 1621 1607 abbas
1635 1546 1669 1608 et
1682 1548 1869 1608 conventus

258 1669 334 1726 defi,
363 1672 628 1728 emmunim
658 1627 766 1729 ὦ
788 1671 939 1731 mm
953 1675 1020 1730 um,
1073 1642 1267 1704 monasterii
1290 1645 1406 1705 Fontis
1421 1644 1496 1707 vivi
1518 1644 1661 1707 debitam
1681 1661 1748 1706 non
1772 1646 1871 1723 pote·

258 1772 349 1829 nsque
364 1773 459 1815 sem,
472 1759 895 1834 pand2105,‚mpwipum
905 1770 1020 1820 mn.
1073 1738 1149 1800 rant
1176 1739 1382 1816 diligentiam
1411 1741 1585 1813 adhibere,
1620 1742 1727 1818 ipsam
1758 1742 1870 1803 eidem

258 1846 326 1902 tiam
340 1860 389 1917 per
401 1845 548 1903 dioecesim
561 1855 588 1904 et
601 1847 744 1904 civitatem
757 1864 839 1907 suam
853 1850 1020 1909 solemniter
1073 1834 1184 1896 abbati
1197 1836 1356 1914 mnquam
1367 1838 1455 1914 Patri
1469 1837 1604 1915 ΡῙὋΡΓῙΟ
1617 1837 1868 1911 commiserunt,

258 1932 395 2006 publicari
412 1931 526 1991 faciant.
1074 1933 1132 1994 alii
1145 1934 1358 2006 monasterio,
1373 1934 1427 1996 cui
1439 1935 1558 1996 molius
1567 1934 1727 2011 expedire
1739 1935 1872 2012 conspi-

237 2028 241 2037 ‘
837 2042 840 2047 ⁴
1073 2032 1173 2104 caret,
1190 2031 1468 2092 committendam.

262 2111 429 2171 Honorius
441 2112 624 2189 episcopua,
636 2130 752 2175 servus
763 2131 935 2178 servorum
945 2118 1015 2190 Dei,
1114 2127 1206 2189 Unde
1218 2129 1290 2204 ipse
1311 2128 1413 2189 abbas
1432 2143 1572 2205 sperans
1593 2129 1700 2191 eidem
1717 2128 1871 2191 ecelesiae

221 2206 406 2268 venerabili
428 2207 523 2271 tratri
547 2211 713 2288 episcopo,
730 2213 762 2275 et
784 2212 913 2275 dilectis
938 2214 1018 2278 filiis
1072 2240 1132 2302 per
1155 2226 1294 2286 dilectos
1323 2225 1409 2287 lilios
1436 2227 1581 2302 priorem
1610 2226 1643 2289 et
1668 2226 1872 2287 conventum

223 2306 372 2377 senens,
386 2305 527 2368 salutem
541 2308 800 2385 adapostolicam
814 2309 1019 2376 benedictio·
1073 2322 1264 2384 Casaemarii
1295 2321 1421 2385 utiliter
1451 2322 1634 2399 provideri,
1679 2338 1755 2383 eam
1786 2323 1872 2399 ipsis

221 2417 308 2463 nem·
1072 2422 1229 2497 munnam
1242 2420 1345 2480 tiliam
1358 2419 1495 2496 provida
1516 2419 1756 2481 deliberatione
1770 2435 1869 2481 oom—
1943 2484 1944 2503 ἶ

262 2499 401 2560 Noverit
436 2500 635 2562 universitas
669 2502 798 2576 vestra,
835 2505 921 2582 quod
956 2522 1016 2569 nos
1072 2516 1172 2578 misit.
1190 2518 1370 2593 sperantes
1391 2516 1494 2592 igitur
1512 2515 1635 2577 exinde
1655 2516 1751 2591 grata
1772 2515 1871 2577 vobis
1943 2528 1944 2573 f

221 2611 328 2672 nuper
357 2596 392 2656 in
425 2595 565 2657 basilica
592 2598 752 2677 principis
772 2603 1015 2677 Apostolorum,
1072 2613 1241 2674 commoda
1254 2616 1466 2689 proventura,
1476 2612 1707 2674 discretionem
1719 2614 1871 2675 vestram
1943 2662 1944 2669 ,

221 2693 386 2768 praesente
405 2693 579 2756 carissimo
605 2696 640 2756 in
662 2696 792 2759 Christo
814 2698 883 2761 tilio
904 2700 1016 2764 nostro
1071 2707 1871 2786 monemusattente‚parapostolicavobisscripta

221 2791 258 2850 F.
274 2789 397 2851 illustri
413 2793 637 2854 Romanorum
656 2794 855 2871 imperatore
869 2797 903 2859 et
924 2813 1015 2860 sem·
1071 2806 1278 2875 mandantes,
1298 2806 1460 2883 quatenus
1479 2805 1679 2867 monasterio
1698 2807 1872 2867 Casaema-
1943 2826 1944 2859 1

221 2903 281 2963 per
315 2888 471 2963 angusto,
507 2888 542 2949 in
582 2889 802 2953 celebratione
827 2894 1014 2968 missarum,
1070 2904 1114 2965 rii
1133 2905 1173 2964 de
1188 2903 1308 2965 caetero
1322 2904 1479 2979 tanquam
1494 2902 1555 2961 dlii
1566 2901 1738 2981 humiliter
1751 2902 1870 2965 intan-
1943 2940 1944 2943 =

221 2984 396 3060 postquam
427 2984 528 3060 capiti
554 3001 614 3047 suo
639 2986 858 3063 imposuimus
885 2990 1017 3068 imperii
1071 3000 1157 3062 uatis
1176 3000 1275 3077 juxta
1298 2998 1528 3065 nistereienois
1551 2998 1678 3060 ordinis
1699 2998 1868 3071 insutum,

221 3074 384 3151 diadema,
401 3080 441 3140 de
457 3081 596 3143 oonsilio
609 3082 748 3144 fratrum
764 3088 952 3148 nostrorum
965 3104 1018 3149 ae·
1071 3099 1107 3159 ut
1119 3098 1177 3169 sio,
1192 3097 1327 3158 auctore
1338 3096 1489 3168 Domino,
1502 3095 1624 3157 exinde
1634 3096 1768 3172 sperato
1783 3112 1869 3172 pro·

221 3178 329 3237 censis
340 3176 488 3237 candelis
499 3181 859 3245 excommunicavimus
871 3188 1016 3262 exparte
1071 3194 1159 3256 lectu
1184 3193 1376 3270 gaudentes,
1403 3192 1490 3270 apud
1519 3195 1624 3254 Deum
1649 3192 1683 3255 et
1712 3191 1869 3254 homines

219 3273 279 3334 Dei
306 3273 540 3349 omnipotentis
566 3277 827 3357 auctoritateque
845 3279 1016 3343 beatorum
1071 3292 1267 3353 mereamini
1293 3288 1527 3352 commendari.
1555 3289 1675 3351 Datum
1695 3289 1867 3359 Laterani,

219 3369 451 3445 Apostolorum
466 3371 556 3432 Petri
565 3374 597 3434 et
608 3373 714 3447 Pauli,
725 3376 758 3438 et
767 3378 891 3451 nostra,
902 3394 1016 3443 omnes
1071 3390 1168 3449 nonis
1196 3387 1360 3466 januarii,
1396 3385 1605 3465 pontificatus
1634 3385 1742 3448 nostri
1777 3401 1869 3448 anno

220 3466 398 3528 haereticos
412 3468 584 3547 ritriusque
597 3486 708 3545 sexus,
723 3489 929 3553 quocumque
947 3493 1013 3539 no·
1070 3486 1188 3564 primo.

219 3563 309 3625 mine
324 3566 534 3638 censeantur,
551 3566 583 3628 et
600 3566 756 3643 fautores,
765 3571 966 3646 defensores,
982 3574 1016 3638 et

219 3662 407 3738 receptores
428 3678 554 3737 eorum,
569 3680 697 3728 necnon
715 3669 820 3745 etqui
842 3669 1014 3734 decaetero
1099 3671 1101 3675 ’
1389 3616 1546 3703 CXXIV

220 3760 347 3819 servari
367 3758 517 3822 iecerunt
531 3762 652 3824 statuta
674 3764 773 3837 edita,
788 3769 821 3827 et
836 3771 1015 3831 consuetu·
1110 3796 1162 3855 Ad
1174 3794 1329 3855 abbatem
1343 3794 1378 3855 et
1390 3792 1595 3855 conventum
1605 3794 1828 3855 casaemarii.

218 3855 325 3929 dines,
339 3856 392 3921 vel
404 3859 514 3934 potins
528 3858 706 3922 abusiones
721 3862 925 3928 introductas
940 3881 1015 3929 con·
1369 3903 1459 3978 ψῃ,
1477 3905 1556 3963 titi.

217 3956 269 4015 tra
284 3954 434 4017 ecclesiae
458 3954 654 4029 libertatem,
671 3960 704 4020 et
717 3960 783 4020 nisi
797 3975 837 4021 ea
860 3961 901 4023 de
922 3964 1015 4042 oapi·
1159 4027 1191 4039 ,,
1394 4027 1410 4038 ,,
1605 4026 1611 4037 ,
1709 4025 1716 4036 .
1770 4025 1776 4037 .
1835 4025 1841 4037 .

217 4050 382 4112 tularibus
422 4052 492 4112 suis
533 4052 620 4115 infra
656 4053 738 4115 duos
773 4072 914 4129 menses,
941 4061 1016 4136 post
1071 4026 1456 4094 [Rondmrnusiionasterude
1477 4027 1629 4079 Casamano
1645 4024 1731 4076 brevrs
1747 4026 1865 4083 bistone,

219 4146 409 4225 hujusmodi
423 4148 680 4224 publicationem
693 4152 865 4216 sententiae
876 4153 1017 4222 iecerint
1414 4121 1441 4171 μ
1458 4105 1509 4171 3η

217 4244 376 4304 amoveri.
1069 4239 1194 4309 blandat,
1214 4246 1245 4297 nt
1256 4240 1408 4297 ecelesiam
1423 4239 1452 4296 S.
1467 4238 1540 4297 lusti
1553 4238 1583 4294 in
1602 4235 1768 4309 adoptionis
1779 4236 1866 4294 tiliam

256 4341 339 4401 Item
365 4343 725 4406 excommunicavimus
754 4348 956 4423 statutam&
982 4352 1015 4417 ot
1104 4328 1275 4401 recipientes
1294 4342 1364 4400 erga
1380 4326 1472 4400 ipsam
1493 4326 1649 4384 maximum
1674 4322 1815 4383 allectum
1833 4323 1866 4381 de

217 4437 396 4513 scriptores
418 4438 615 4501 statutorum
634 4441 794 4518 ipsorum,
810 4460 938 4508 necnon
953 4463 1015 4526 po·
1103 4423 1199 4473 00‘9‘0
1213 4424 1326 4489 gemm·

216 4534 363 4607 testatos,
385 4535 549 4608 consules,
570 4539 731 4613 rectores,
752 4543 784 4602 et
803 4544 1013 4606 consiliarios
1107 4541 1252 4603 Dilectus
1268 4539 1356 4600 iilius
1369 4539 1470 4601 abbas
1483 4540 1523 4601 de
1538 4536 1695 4600 Columba
1710 4536 1867 4615 exposuit

216 4631 376 4705 locorum,
392 4632 450 4694 ubi
473 4633 513 4695 de
533 4636 652 4697 caetero
667 4636 856 4715 hujusmodi
878 4642 1010 4716 statuta,
1068 4655 1180 4701 coram
1194 4637 1299 4710 nobis,
1314 4637 1400 4715 quod
1415 4636 1515 4698 abbas
1537 4634 1732 4697 monasterii
1750 4634 1867 4696 Fontis

216 4731 269 4793 vel
295 4730 551 4795 consuetudines
577 4732 673 4794 editae
697 4734 830 4809 suerint,
858 4738 912 4799 vel
938 4754 1012 4801 ser·
1067 4737 1142 4797 Vivi
1155 4736 1291 4813 provide
1304 4732 1667 4810 attendens‚quoderga
1686 4731 1866 4793 ecclesiam

215 4830 312 4899 vatae,
328 4843 457 4891 necnon
473 4829 505 4915 et
518 4829 606 4903 illos,
622 4831 678 4907 qui
693 4832 757 4893 sibi
772 4850 811 4895 ea
823 4851 1012 4915 praesump-
1068 4834 1180 4895 Sancti
1193 4836 1213 4896 J
1216 4833 1291 4902 usti,
1309 4848 1382 4909 quae
1397 4831 1557 4893 hactenns
1571 4828 1714 4893 luitfllia
1724 4843 1865 4891 monas·

217 4925 322 4986 serint
344 4925 512 5001 judicare,
540 4928 593 4987 vel
619 4928 654 4989 in
680 4929 844 5006 publicam
872 4931 1012 4997 termam
1066 4931 1144 4992 terii
1164 4930 1356 5007 supradicti,
1380 4927 1523 4989 debitam
1546 4942 1612 4987 non
1634 4925 1767 5002 poterat
1789 4923 1867 4986 dili-

215 5021 528 5100 scriherejudicata.
539 5024 681 5103 Ideoque
692 5027 1011 5098 discretionivestrae
1066 5028 1212 5104 gentiam
1226 5025 1396 5097 adbibere,
1414 5025 1519 5102 ipsam
1540 5022 1648 5085 eidem
1660 5021 1777 5084 abbati
1790 5023 1866 5083 tan·

215 5134 275 5197 per
290 5120 471 5196 apostolica
495 5121 618 5199 scripta
634 5125 856 5200 praecipiendo
869 5129 1010 5192 manda·
1067 5141 1165 5202 quam
1183 5124 1269 5201 patri
1284 5122 1418 5201 proprio
1442 5119 1690 5191 commiserunt,
1713 5118 1776 5179 alii
1791 5134 1864 5179 mo-

215 5232 299 5290 mus,
314 5218 476 5296 quatenus
491 5220 719 5296 praescriptam
739 5222 938 5287 sententiam
952 5242 1013 5305 per
1066 5221 1225 5290 mosterio,
1248 5219 1440 5308 cuimelius
1459 5217 1615 5295 expedire
1640 5214 1862 5293 conspiceret,

214 5315 382 5377 civitatem
397 5314 430 5376 et
444 5314 1012 5388 dioecesimvestramsolemniteret
1067 5317 1344 5381 committendam.
1371 5315 1464 5378 Unde
1486 5315 1575 5376 idem
1597 5312 1700 5374 abbas
1723 5326 1863 5389 sperans

214 5412 405 5491 frequenter
425 5411 589 5490 publicari
614 5413 755 5488 faciatis,
780 5419 813 5479 et
834 5418 1013 5485 inviolabi-
1065 5416 1173 5479 eidem
1197 5414 1347 5477 ecclesiae
1371 5429 1431 5491 per
1449 5428 1508 5474 vos
1530 5410 1655 5472 utiliter
1677 5406 1860 5485 provideri,

214 5507 291 5569 liter
316 5507 496 5570 observari.
529 5509 647 5572 Datum
678 5512 846 5583 Laterani,
874 5517 904 5577 ll
931 5532 1009 5580 non.
1065 5531 1138 5576 eam
1153 5513 1246 5574 vobis
1265 5514 1423 5589 tanquam
1445 5509 1547 5569 tiliam
1570 5505 1709 5583 provida
1731 5504 1861 5567 delibe-

210 5603 370 5678 Jannarii,
384 5604 594 5680 pontificatus
607 5608 712 5672 nostri
727 5624 816 5673 anno
829 5612 948 5689 primo,
1065 5609 1377 5673 rationeoommisit.
1387 5602 1861 5685 Ideoquediscretionivestrae
