3958 6204
118 281 177 345 toi
518 340 522 346 ,
557 278 675 339 xxiii.
691 308 733 323 -·
747 276 791 339 IN
814 279 1093 341 habitatione
1114 278 1338 341 ECCLESIAE.
1714 287 1775 349 262

160 439 261 503 Scala
288 438 512 518 spiritualiter
538 438 689 501 Christus
714 439 776 511 est,
803 437 860 515 qui
879 452 924 500 ex
976 436 1128 515 ripiendo
1142 437 1233 514 vicit,
1249 440 1283 503 et
1296 441 1658 520 suaviterper'suavem
1669 447 1775 508 Even-

119 537 249 603 duabus
263 538 407 609 naturis,
424 536 522 615 quasi
538 552 581 599 θιι
604 535 733 601 duabus
749 535 850 613 liguis
864 551 921 596 su·
976 535 1055 613 geiii
1070 534 1254 599 doctrinam
1267 537 1445 602 liberatum
1468 539 1637 602 hominem
1661 543 1775 620 dispo-

119 636 318 714 perterram
335 634 465 711 positus
484 634 536 696 est
562 633 761 705 staremus,
791 634 922 710 qnando
976 633 1108 696 snitbb
1117 634 1247 697 inierno
1257 635 1476 715 fortiterquos
1484 639 1602 711 voluit,
1613 642 1771 715 extraxit,

119 732 298 795 inclinavit
317 732 420 794 coelos
442 731 476 794 et
494 731 673 803 deseendit,
689 730 821 808 quando
838 733 923 792 Ver-
976 731 1009 791 et
1023 731 1173 793 suaviter
1185 748 1242 794 eoa
1257 733 1292 795 in
1303 735 1428 796 aeterna
1440 734 1645 799 heatitudine
1660 737 1775 816 dispo·

118 830 195 892 bum
207 845 291 893 caro
312 829 438 892 iactum
454 830 517 901 est,
532 830 566 891 et
576 828 740 891 habitavit
755 828 792 889 in
813 827 918 891 nobis.
978 827 1055 890 suit.
1073 829 1168 891 Unde
1181 830 1336 893 Salomon
1351 832 1387 893 in
1403 833 1594 895 Proverbiis
1610 856 1618 895 ε
1634 839 1777 911 Sapien-

117 930 202 991 Nam
219 929 416 1005 ''anmqnam
437 926 582 990 Verbum
606 942 684 989 earo
704 926 816 999 tieret,
839 941 921 1002 pro·
977 925 1026 987 tta
1038 927 1091 987 est
1103 929 1236 1003 itpaam
1250 930 1333 991 aaa
1345 932 1470 1004 bunut
1482 935 1776 1007 apprehenderant

120 1026 172 1091 cul
192 1025 373 1087 habitabat
395 1040 416 1087 a
446 1024 553 1087 nobis.
580 1023 644 1087 Ubi
669 1039 749 1087 vcro
777 1023 921 1086 Verbum
977 1037 1064 1095 cum,
1079 1024 1114 1086 ct
1128 1028 1187 1098 cai
1201 1027 1470 1091 tenuetiatccm
1491 1030 1580 1091 beati
1593 1027 1707 1108 (Prov.
1722 1047 1773 1103 ιιι,

119 1139 196 1187 caro
210 1122 340 1187 aetum
354 1124 418 1195 est,
435 1122 598 1185 habitavit
613 1123 649 1185 in
670 1122 766 1185 nobis
785 1136 852 1184 non
867 1137 924 1183 so-
978 1118 1041 1198 18).
1059 1122 1145 1183 Nam
1160 1122 1325 1200 sapientia
1343 1124 1470 1201 lignum
1486 1126 1564 1189 vitae
1579 1128 1630 1189 est
1648 1143 1773 1206 appre-

120 1223 186 1283 lum
202 1237 266 1299 per
287 1220 447 1298 gratiam
470 1221 649 1285 sedetiam
672 1237 732 1298 per
754 1222 919 1284 naturam.
980 1217 1201 1282 tendentibus
1216 1236 1301 1283 eam.

120 1322 165 1381 De
178 1320 247 1383 isto
261 1318 347 1382 dicit
364 1319 496 1383 Baruch
513 1341 520 1379 ι
536 1323 604 1382 Hie
631 1320 685 1381 est
712 1321 806 1383 cutm
829 1323 923 1381 Deus
1016 1316 1157 1392 Lignum
1178 1317 1257 1380 vitae
1273 1319 1425 1381 Christus
1439 1321 1499 1383 ast.
1517 1322 1640 1385 Exhao
1655 1323 1777 1386 arbore

120 1418 249 1489 aostcr,
277 1418 541 1491 cursitare
560 1421 657 1479 visan
685 1417 747 1489 cst,
785 1417 923 1481 etcum
976 1414 1102 1489 septem
1117 1414 1204 1477 rami
1223 1416 1398 1493 prodeunt,
1415 1418 1581 1498 habetque
1595 1421 1777 1499 unusquis-

120 1515 617 1577 bomtnihusconversutusest
636 1512 783 1593 (baruch
794 1529 844 1587 ιιι,
854 1512 920 1593 38).
977 1526 1041 1588 que
1055 1527 1169 1573 ramus
1179 1512 1440 1578 iruotnmsuum.
1456 1518 1589 1579 Primus
1599 1534 1713 1580 ramus
1724 1524 1777 1581 est

120 1614 156 1675 at
168 1612 205 1673 in
218 1611 347 1674 Genesi
364 1634 372 1672 :
388 1613 434 1675 Os
447 1626 494 1675 ccc
516 1614 648 1675 mathias
661 1615 761 1685 amis,
784 1612 818 1674 et
838 1626 925 1674 coro
977 1608 1163 1672 incarnatio
1178 1611 1312 1685 Christi,
1330 1616 1364 1675 et
1374 1614 1425 1676 est
1439 1615 1602 1678 mirabilis
1616 1632 1730 1678 ramus
1743 1618 1776 1679 et

118 1714 279 1773 decumae
290 1724 373 1773 mcc
386 1707 484 1788 (Cen.
499 1726 535 1782 n,
546 1707 614 1789 23).
629 1709 821 1773 Exduobus
833 1709 923 1771 enim
953 1754 954 1759 ,
977 1708 1199 1770 necessarius.
1207 1711 1362 1781 Quianisi
1373 1712 1774 1786 Christusincarnaretur,

118 1808 217 1885 lignis
243 1808 322 1870 haec
357 1808 450 1870 scala
475 1808 658 1885 composita
686 1809 747 1881 est,
774 1808 853 1886 quia
880 1822 923 1869 ex
954 1804 1166 1881 'angelicum
1190 1822 1257 1869 non
1276 1807 1564 1885 remutegraretur
1582 1810 1775 1887 collegium

117 1904 245 1967 duabus
271 1904 417 1977 naturis,
445 1904 583 1979 scilieet,
614 1921 658 1968 ex
683 1906 862 1968 divinitate
888 1904 924 1968 et
978 1901 1778 1979 etnonrestitutosoeiaiinumero,tntinsmundt
1811 1940 1828 1953 .

120 2002 344 2065 humanitate.
361 2004 455 2065 Unus
467 2003 610 2065 etverus
627 2004 678 2065 est
690 2006 787 2067 iesus
803 2003 922 2065 Chris-
978 1999 1133 2062 maehina
1144 2001 1181 2063 in
1193 2016 1317 2063 vanum
1332 2004 1486 2066 constare
1500 2004 1681 2067 videretur.
1699 2005 1775 2079 Sed,

119 2100 296 2172 insideat,
312 2103 402 2163 Deus
423 2101 457 2163 et
479 2101 589 2163 bomo.
605 2102 692 2163 Nam
706 2100 797 2164 sieut
810 2102 924 2163 anima
978 2097 1056 2172 quia
1068 2097 1219 2160 diabolus
1234 2101 1330 2177 quasi
1341 2102 1432 2176 juste
1446 2100 1615 2163 hominem
1631 2103 1778 2179 posside-

118 2198 301 2261 rationaiis
338 2198 372 2261 ot
408 2213 486 2261 caru
516 2214 604 2260 unns
636 2199 687 2261 est
717 2198 842 2272 homo,
874 2198 923 2261 ita
977 2193 1045 2266 bat,
1060 2210 1141 2257 usus
1155 2196 1206 2258 est
1219 2198 1307 2258 Deus
1322 2197 1451 2274 jndicio
1466 2214 1538 2268 suo,
1558 2201 1594 2260 θῖ
1608 2201 1777 2276 sapienter

119 2299 206 2361 Deus
221 2296 259 2358 et
288 2295 392 2358 homo
416 2312 503 2358 unns
526 2297 577 2358 ost
598 2296 760 2359 Christm.
777 2296 873 2359 Unde
889 2296 924 2357 in
977 2290 1172 2355 incarnatus
1191 2294 1364 2371 antiquum
1384 2293 1514 2356 hostem
1528 2294 1701 2358 humiliter
1718 2313 1778 2357 sn·

3 2446 4 2479 3
120 2392 305 2470 Evangelio
331 2414 340 2452 ι
366 2397 442 2470 Epo
469 2394 503 2457 ct
527 2394 640 2456 Pater
667 2409 778 2457 caum
802 2409 924 2457 sumus
978 2389 1118 2465 paravit.
1136 2390 1193 2453 Est
1206 2404 1286 2465 ergo
1308 2390 1435 2467 primus
1449 2406 1563 2453 ramus
1586 2393 1776 2456 incarnatio

121 2490 232 2569 (ioan.
247 2507 285 2562 1,
296 2488 364 2570 30).
395 2493 469 2568 ipse
481 2506 623 2568 namque
638 2491 688 2552 est
700 2490 852 2553 Christus
867 2492 925 2553 Sa·
978 2485 1101 2549 Christi
1115 2485 1243 2551 fruetus
1255 2488 1389 2563 ejusast
1398 2489 1536 2565 spiritus
1551 2489 1735 2566 sapientia.

102 2575 249 2665 'menda
263 2589 327 2649 Dei
338 2589 421 2650 'ante
443 2588 566 2650 saeeula
583 2588 707 2665 genita,
728 2588 824 2661 idest,
845 2588 923 2651 nata
1018 2583 1190 2647 Secundus
1218 2600 1332 2647 ramus
1362 2584 1547 2664 baptismus
1575 2587 1714 2659 Christi,
1743 2589 1777 2650 et

122 2685 274 2749 dePatre
285 2684 468 2749 seeundum
478 2686 687 2749 divinitatem
697 2686 774 2749 ante
785 2686 921 2758 saeeula,
979 2680 1210 2745 istamirabiils
1218 2682 1312 2744 estet
1322 2683 1543 2745 necessarius.
1554 2685 1776 2762 intelligimus

120 2783 219 2854 idest,
236 2783 318 2844 ante
333 2783 604 2847 constitutionem
623 2783 923 2860 mundi,quonia1n
978 2778 1067 2841 enim
1081 2778 1117 2841 ln
1131 2778 1297 2856 baptismo
1310 2780 1423 2841 omnia
1438 2781 1575 2858 peccata
1592 2781 1725 2850 dimitti,
1743 2784 1777 2844 et

3 2930 4 2935 ,
120 2879 181 2942 iiia
208 2880 384 2956 generatio
410 2881 535 2943 aeterra
558 2896 625 2943 non
651 2878 753 2943 habet
777 2880 922 2954 initium,
978 2875 1141 2951 originale
1164 2876 1337 2953 peceatum
1362 2876 1478 2939 deleri.
1509 2879 1701 2955 Baptizatus
1724 2881 1776 2943 eat

3 2990 5 3067 g
121 2993 183 3039 nec
196 2976 302 3041 nabet
316 2977 427 3039 amm.
440 2978 778 3054 aequaraaraitaa
789 2978 920 3043 Filium:
978 2972 1141 3046 christus,
1155 2989 1223 3036 nou
1236 2973 1272 3035 ut
1286 2989 1306 3034 a
1320 2976 1456 3051 peccato
1473 2976 1700 3048 mundaretur,
1717 2976 1775 3038 sed

3 3074 5 3159 ξ
117 3076 209 3140 aaa
223 3076 429 3148 Ltwtserum
441 3078 546 3151 aeaut
561 3074 594 3137 te
607 3072 677 3154 (Ps.
692 3076 761 3148 109,
776 3073 823 3155 3).
839 3076 924 3141 Ante
979 3072 1014 3134 ut
1027 3086 1131 3149 aquas
1146 3070 1380 3144 sanctificaret,
1396 3073 1430 3134 et
1443 3074 1480 3135 ut
1498 3073 1594 3136 nobis
1614 3074 1708 3137 daret
1722 3074 1778 3136 in·

3 3166 5 3251 {
121 3171 326 3245 Luciferum,
347 3170 444 3243 idest,
460 3170 502 3235 ab
516 3171 713 3245 aternitate,
736 3188 780 3236 ex
794 3173 923 3237 occulta
965 3168 1083 3245 leiiigi
1098 3184 1175 3233 eum
1187 3184 1248 3246 pro
1262 3171 1377 3232 nostra
1395 3170 1540 3233 utilitate
1561 3170 1773 3249 baptizatum.

122 3269 156 3331 et
168 3270 299 3331 εθθιθῖθ
325 3267 510 3333 substantia
536 3269 637 3345 genui
657 3270 692 3332 te
710 3271 872 3347 aequaiem
890 3271 924 3334 et
978 3267 1036 3329 bist
1048 3283 1127 3344 ergo
1136 3267 1304 3329 secundus
1315 3283 1430 3329 ramus
1440 3268 1627 3347 baptismus
1636 3270 1777 3347 Christi3

122 3366 442 3429 consubstantialem
451 3366 545 3429 mihi.
555 3367 615 3429 Vei
626 3368 720 3431 :ante
733 3367 923 3431 Luciferum
977 3363 1105 3428 tructus
1120 3369 1193 3443 ejus
1203 3366 1340 3443 spiritus
1353 3366 1554 3430 intellectus.

3 3456 5 3555 ζ
123 3465 224 3540 genui
232 3466 277 3537 te,
293 3463 391 3537 idest,
406 3464 507 3541 genui
521 3463 555 3527 te
570 3465 648 3529 ante
660 3466 811 3543 tempora
826 3481 923 3543 quem
1018 3464 1151 3526 Tertius
1171 3478 1286 3525 ramus
1301 3464 1351 3525 est
1372 3465 1483 3540 passio
1507 3465 1642 3539 Christi,
1665 3467 1698 3529 et
1720 3466 1776 3528 hic

3 3568 5 3577 ’
124 3577 167 3625 er
179 3561 322 3639 Virgine
336 3562 371 3624 et
387 3563 481 3624 nasei
495 3563 537 3625 et
552 3563 646 3640 gigni
660 3563 752 3625 volni
773 3563 810 3625 in
833 3564 923 3627 tem-
978 3560 1141 3623 mirahilis
1155 3561 1189 3623 et
1211 3560 1434 3623 necessarius.
1460 3564 1497 3623 in
1516 3563 1672 3639 passione
1685 3564 1776 3626 enim

3 3666 4 3715 t
124 3675 215 3738 pore.
230 3662 280 3722 De
299 3674 366 3736 qna
386 3660 603 3735 generatione
620 3660 748 3723 isaias:
764 3664 922 3725 Genera·
978 3675 1039 3721 sua
1049 3658 1329 3723 emsiiiumnohis
1340 3659 1431 3721 dedit
1441 3658 1640 3738 Redemptor
1650 3662 1773 3735 noster,

123 3759 299 3820 rationem
315 3761 391 3831 ejus
406 3761 484 3830 cais
497 3759 699 3821 enarrabit?
720 3756 778 3837 (Is.
793 3774 865 3831 mn,
876 3757 922 3839 8.)
978 3756 1110 3834 quando
1125 3756 1162 3817 in
1178 3772 1277 3818 cruce
1297 3772 1416 3818 manus
1430 3758 1624 3827 extendens,
1640 3759 1776 3836 peccata

3 3904 4 3931 ,
125 3853 787 3931 UnigenitusitaqueFilinsbeiVerbum
800 3855 920 3928 Patris,
977 3856 1091 3915 nostra
1110 3868 1181 3915 suaa
1204 3853 1296 3915 cruci
1319 3853 1437 3915 aibxit.
1454 3855 1548 3915 Nihil
1569 3856 1657 3916 enim
1679 3855 1775 3918 nobis

3 3954 5 4025 l
124 3950 337 4013 msaecula
350 3951 527 4027 sapientia,
542 3950 710 4023 videlicet,
724 3952 785 4014 bei
800 3952 920 4025 Patris,
977 3951 1071 4012 nasci
1092 3949 1228 4027 profuit,
1257 3949 1324 4010 nisi
1344 3949 1465 4011 redimi
1488 3950 1677 4027 profuisset.
1702 3955 1775 4016 Hoc

3 4038 4 4075 ;
125 4064 195 4125 qua
207 4046 342 4126 quando
358 4048 393 4108 in
405 4047 569 4125 principio
580 4049 707 4112 creavit
723 4051 811 4113 Deus
824 4050 924 4112 Pater
977 4050 1050 4111 erat
1063 4047 1172 4110 solum
1190 4048 1223 4109 et
1238 4047 1373 4108 unicum
1385 4047 1562 4109 consilium
1577 4065 1641 4126 qno
1654 4049 1774 4115 redimi

3 4158 5 4215 i
124 4145 243 4209 eoelnm
265 4146 300 4208 et
315 4147 449 4218 terram,
471 4161 547 4208 enm
564 4162 615 4218 eo,
632 4146 718 4209 idest
734 4163 809 4209 oum
824 4147 923 4210 Patre
977 4150 1178 4223 poteramus,
1194 4144 1273 4223 quia
1294 4160 1361 4206 non
1380 4144 1444 4208 tuit
1456 4146 1543 4208 alius
1557 4147 1775 4210 excellentior

3 4246 5 4331 j
126 4245 196 4305 erat
208 4244 330 4305 cuncta
345 4258 557 4320 componens.
573 4244 662 4307 bitin
678 4243 763 4305 libro
780 4245 923 4321 sapien-
977 4244 1093 4306 modus
1115 4243 1150 4304 in
1173 4259 1237 4321 qno
1261 4242 1458 4305 salvationis
1481 4244 1604 4306 nostrae
1626 4244 1772 4322 dignitas

3 4356 5 4423 g
125 4340 180 4404 aa
196 4361 204 4400 ε
219 4344 295 4417 Epo
323 4355 371 4402 coc
396 4355 457 4402 ore
477 4342 646 4404 Alianmt
655 4344 774 4415 proca
787 4345 924 4417 primo-
978 4342 1164 4418 appareret.
1185 4340 1316 4402 'bertius
1346 4355 1426 4417 ergo
1448 4357 1562 4403 ramim
1585 4344 1637 4404 est
1658 4344 1771 4420 passio

125 4439 241 4514 amau
250 4438 333 4499 aare
343 4452 483 4501 manem
491 4437 817 4518 mactaremfflceii.
828 4454 920 4511 xxiv,
977 4439 1117 4514 Christi3
1133 4436 1261 4500 hactus
1275 4439 1348 4515 ejus
1363 4438 1500 4515 spiritus
1513 4440 1657 4503 consilii.

124 4532 169 4613 5).
192 4535 289 4597 Unde
313 4534 518 4611 Augustinus
543 4535 579 4597 in
606 4534 705 4599 Libro
725 4536 867 4613 septimo
882 4539 923 4599 dc
1017 4536 1160 4608 Quartus
1182 4549 1297 4596 ramus
1317 4536 1370 4596 est
1391 4534 1563 4598 descensio
1585 4535 1706 4599 Christi
1730 4538 1772 4600 ad

127 4634 295 4695 Trinitate
309 4653 317 4691 ε
333 4649 354 4692 e
374 4634 475 4695 Pater
488 4635 539 4696 est
567 4632 749 4710 Sapientia,
771 4634 804 4696 et
818 4634 923 4695 Filius
977 4633 1115 4696 interos.
1144 4634 1210 4694 iste
1232 4647 1348 4693 ramus
1373 4632 1473 4694 fortis
1494 4633 1527 4694 et
1549 4633 1771 4706 necessarius,

127 4728 247 4792 dietam
261 4729 434 4807 Sapientia
461 4730 582 4803 Patris,
608 4731 716 4794 iilius
730 4732 842 4795 lernen
857 4734 924 4793 Pa·
978 4730 1110 4809 quando
1125 4728 1275 4791 Christus
1295 4728 1412 4791 tortior
1423 4729 1571 4790 armatus
1586 4729 1724 4792 intravit
1736 4732 1773 4792 in

126 4827 184 4889 tris
198 4829 260 4899 est,
279 4827 393 4889 lumen
416 4827 456 4891 de
469 4827 609 4901 lumine,
624 4829 763 4906 uterque
783 4829 835 4893 est
856 4844 924 4891 una
977 4830 1111 4890 domum
1129 4826 1236 4896 tortis,
1253 4825 1383 4887 sedicet
1396 4826 1433 4886 in
1452 4825 1629 4899 internum,
1647 4828 1773 4890 etvasa

127 4926 412 5003 sapientiaetnna
428 4926 620 4988 essentia.»
978 4929 1050 5004 ejus
1072 4923 1222 5001 diripuit,
1244 4924 1279 4985 et
1301 4923 1458 4984 contrivit
1472 4926 1587 5000 portas
1600 4938 1717 4999 areas,
1741 4928 1775 4989 et

152 5023 249 5085 ·Nam
280 5022 446 5101 sapientia
476 5022 581 5085 vincit
613 5024 796 5099 maiitiam3
827 5039 922 5101 quae,
977 5024 1088 5086 vectes
1100 5020 1230 5083 terreas
1239 5020 1412 5096 confregit.
1427 5020 1669 5084 mionitueine
1678 5040 1775 5087 nam-

130 5118 303 5181 Salomone
316 5120 414 5191 ῖθεῖθ,
435 5119 603 5197 attingite
620 5120 687 5182 bne
701 5136 806 5199 usque
822 5120 865 5182 ad
884 5121 925 5181 ti-
979 5137 1043 5200 que
1061 5118 1231 5183 descendit
1257 5118 1300 5181 ad
1322 5118 1449 5181 interos
1468 5120 1637 5197 tamqnam
1657 5124 1773 5200 potens

129 5231 201 5279 nem
215 5216 358 5290 fortiter,
383 5218 416 5279 et
437 5217 584 5295 disponit
604 5219 716 5281 omnia
741 5217 924 5281 θιιειίῖθιθ
979 5217 1206 5296 crapulatnsa
1227 5217 1318 5279 vino.
1345 5218 1431 5294 iirgo
1446 5219 1583 5295 quartus
1598 5233 1710 5279 ramus
1725 5221 1776 5281 est

130 5328 254 5377 summo
280 5315 377 5387 eoeio,
404 5314 502 5387 idest,
532 5314 575 5378 ab
607 5331 764 5393 empyreo
794 5315 926 5379 fortiter
979 5316 1158 5378 descensus
1179 5314 1222 5376 ad
1241 5315 1389 5391 inieros;
1404 5314 1620 5393 aneasojus
1637 5316 1775 5392 spiritns

129 5412 244 5491 dejecit
258 5413 506 5492 superbientem
525 5413 707 5483 diabolum,
726 5416 760 5479 et
777 5415 927 5476 suaviter
979 5412 1194 5499 tortitudinis

130 5510 289 5589 disposuit
307 5512 343 5573 in
359 5509 505 5593 [sonum]
522 5511 749 5575 confirmando
767 5512 927 5575 obedien·
1021 5507 1160 5584 Quintus
1174 5524 1288 5574 ramus
1300 5512 1352 5573 est
1365 5507 1577 5581 resurreetio,
1592 5508 1626 5572 et
1637 5509 1693 5571 hie
1703 5526 1776 5588 pre·

131 5608 193 5670 lam
204 5609 371 5687 angeium
389 5611 528 5673 interra
540 5608 863 5673 tortitervasaidius
874 5610 927 5671 di·
980 5609 1087 5672 tiosus
1099 5608 1133 5671 at
1146 5608 1368 5681 necessarius,
1384 5607 1463 5690 v(pria
1482 5606 1518 5667 in
1532 5608 1777 5672 resurrectione
