<?xml version="1.0" encoding="UTF-8"?>
<!DOCTYPE html PUBLIC "-//W3C//DTD XHTML 1.0 Transitional//EN"
    "http://www.w3.org/TR/xhtml1/DTD/xhtml1-transitional.dtd">
<html xmlns="http://www.w3.org/1999/xhtml" xml:lang="en" lang="en">
 <head>
  <title>
</title>
<meta http-equiv="Content-Type" content="text/html;charset=utf-8" />
  <meta name='ocr-system' content='tesseract 3.04.00' />
  <meta name='ocr-capabilities' content='ocr_page ocr_carea ocr_par ocr_line ocrx_word'/>
</head>
<body>
  <div class='ocr_page' id='page_1' title='image "./mediiaevibiblio00bottgoog_0382.png"; bbox 0 0 3900 6202; ppageno 0'>
   <div class='ocr_carea' id='block_1_1' title="bbox 70 280 1084 351">
    <p class='ocr_par' dir='ltr' id='par_1_1' title="bbox 70 280 1084 351">
     <span class='ocr_line' id='line_1_1' title="bbox 70 280 1084 351; baseline -0.009 -3"><span class='ocrx_word' id='word_1_1' title='bbox 70 285 122 348; x_wconf 77' lang='lat' dir='ltr'>att</span> <span class='ocrx_word' id='word_1_2' title='bbox 702 280 933 351; x_wconf 79' lang='lat' dir='ltr'><strong>EPISTOLAE.</strong></span> <span class='ocrx_word' id='word_1_3' title='bbox 956 280 1034 343; x_wconf 73' lang='lat' dir='ltr'>Lis.</span> <span class='ocrx_word' id='word_1_4' title='bbox 1058 280 1084 339; x_wconf 91' lang='lat'>1.</span> 
     </span>
    </p>
   </div>
   <div class='ocr_carea' id='block_1_2' title="bbox 75 436 1721 1701">
    <p class='ocr_par' dir='ltr' id='par_1_2' title="bbox 75 436 1721 1701">
     <span class='ocr_line' id='line_1_2' title="bbox 75 436 1716 523; baseline -0.001 -16"><span class='ocrx_word' id='word_1_5' title='bbox 75 459 128 507; x_wconf 92' lang='lat' dir='ltr'>nos</span> <span class='ocrx_word' id='word_1_6' title='bbox 147 439 280 505; x_wconf 78' lang='lat' dir='ltr'><strong>facilem</strong></span> <span class='ocrx_word' id='word_1_7' title='bbox 309 436 459 523; x_wconf 90' lang='lat' dir='ltr'>praebere</span> <span class='ocrx_word' id='word_1_8' title='bbox 487 452 697 512; x_wconf 88' lang='lat' dir='ltr'>consensum,</span> <span class='ocrx_word' id='word_1_9' title='bbox 725 440 759 502; x_wconf 92' lang='lat' dir='ltr'>et</span> <span class='ocrx_word' id='word_1_10' title='bbox 784 439 863 502; x_wconf 84' lang='lat' dir='ltr'>rota</span> <span class='ocrx_word' id='word_1_11' title='bbox 917 439 1048 502; x_wconf 82' lang='lat' dir='ltr'>litteras</span> <span class='ocrx_word' id='word_1_12' title='bbox 1061 438 1223 505; x_wconf 83' lang='lat' dir='ltr'>iacientes</span> <span class='ocrx_word' id='word_1_13' title='bbox 1249 438 1471 519; x_wconf 76' lang='lat' dir='ltr'>presentibus</span> <span class='ocrx_word' id='word_1_14' title='bbox 1489 441 1531 504; x_wconf 90' lang='lat' dir='ltr'>de</span> <span class='ocrx_word' id='word_1_15' title='bbox 1550 443 1652 506; x_wconf 86' lang='lat' dir='ltr'>uerbo</span> <span class='ocrx_word' id='word_1_16' title='bbox 1674 444 1716 505; x_wconf 90' lang='lat' dir='ltr'>ad</span> 
     </span>
     <span class='ocr_line' id='line_1_3' title="bbox 77 537 1719 622; baseline 0.002 -20"><span class='ocrx_word' id='word_1_17' title='bbox 77 556 140 622; x_wconf 82' lang='lat' dir='ltr'>qua</span> <span class='ocrx_word' id='word_1_18' title='bbox 166 555 185 600; x_wconf 91' lang='lat' dir='ltr'>a</span> <span class='ocrx_word' id='word_1_19' title='bbox 213 537 356 600; x_wconf 89' lang='lat' dir='ltr'>rationis</span> <span class='ocrx_word' id='word_1_20' title='bbox 390 537 524 599; x_wconf 75' lang='lat' dir='ltr'>tramite</span> <span class='ocrx_word' id='word_1_21' title='bbox 559 553 626 598; x_wconf 90' lang='lat' dir='ltr'>non</span> <span class='ocrx_word' id='word_1_22' title='bbox 657 537 860 611; x_wconf 82' lang='lat' dir='ltr'>discordant,</span> <span class='ocrx_word' id='word_1_23' title='bbox 917 538 1054 600; x_wconf 84' lang='lat' dir='ltr'>verbum</span> <span class='ocrx_word' id='word_1_24' title='bbox 1075 538 1180 601; x_wconf 90' lang='lat' dir='ltr'>inseri</span> <span class='ocrx_word' id='word_1_25' title='bbox 1200 539 1242 600; x_wconf 91' lang='lat' dir='ltr'>ad</span> <span class='ocrx_word' id='word_1_26' title='bbox 1266 539 1445 613; x_wconf 78' lang='lat' dir='ltr'>cautelam,</span> <span class='ocrx_word' id='word_1_27' title='bbox 1466 556 1606 618; x_wconf 89' lang='lat' dir='ltr'>quarum</span> <span class='ocrx_word' id='word_1_28' title='bbox 1621 543 1719 605; x_wconf 91' lang='lat' dir='ltr'>tenor</span> 
     </span>
     <span class='ocr_line' id='line_1_4' title="bbox 78 635 1715 718; baseline -0.001 -15"><span class='ocrx_word' id='word_1_29' title='bbox 78 639 184 703; x_wconf 80' lang='lat' dir='ltr'>erecta</span> <span class='ocrx_word' id='word_1_30' title='bbox 193 635 415 714; x_wconf 88' lang='lat' dir='ltr'>prosequente</span> <span class='ocrx_word' id='word_1_31' title='bbox 423 635 601 713; x_wconf 89' lang='lat' dir='ltr'>complere.</span> <span class='ocrx_word' id='word_1_32' title='bbox 612 637 692 697; x_wconf 85' lang='lat' dir='ltr'>Cum</span> <span class='ocrx_word' id='word_1_33' title='bbox 702 636 805 712; x_wconf 90' lang='lat' dir='ltr'>igitur</span> <span class='ocrx_word' id='word_1_34' title='bbox 814 637 864 697; x_wconf 91' lang='lat' dir='ltr'>in·</span> <span class='ocrx_word' id='word_1_35' title='bbox 918 639 968 698; x_wconf 91' lang='lat' dir='ltr'>est</span> <span class='ocrx_word' id='word_1_36' title='bbox 978 637 1055 699; x_wconf 88' lang='lat' dir='ltr'>talis</span> <span class='ocrx_word' id='word_1_37' title='bbox 1072 658 1080 697; x_wconf 83' lang='lat' dir='ltr'>t</span> <span class='ocrx_word' id='word_1_38' title='bbox 1096 640 1114 700; x_wconf 91' lang='lat' dir='ltr'><strong>J</strong></span> <span class='ocrx_word' id='word_1_39' title='bbox 1117 638 1266 699; x_wconf 88' lang='lat' dir='ltr'>ohannes</span> <span class='ocrx_word' id='word_1_40' title='bbox 1286 639 1345 700; x_wconf 85' lang='lat' dir='ltr'>Dei</span> <span class='ocrx_word' id='word_1_41' title='bbox 1359 639 1467 714; x_wconf 89' lang='lat' dir='ltr'>gratia</span> <span class='ocrx_word' id='word_1_42' title='bbox 1484 641 1557 701; x_wconf 84' lang='lat' dir='ltr'>Rex</span> <span class='ocrx_word' id='word_1_43' title='bbox 1573 641 1715 718; x_wconf 70' lang='lat' dir='ltr'>angliae,</span> 
     </span>
     <span class='ocr_line' id='line_1_5' title="bbox 80 731 1720 817; baseline 0.001 -17"><span class='ocrx_word' id='word_1_44' title='bbox 80 738 154 801; x_wconf 83' lang='lat' dir='ltr'>clitae</span> <span class='ocrx_word' id='word_1_45' title='bbox 167 733 413 797; x_wconf 90' lang='lat' dir='ltr'>recordationis</span> <span class='ocrx_word' id='word_1_46' title='bbox 429 736 575 796; x_wconf 75' lang='lat' dir='ltr'>ioannes</span> <span class='ocrx_word' id='word_1_47' title='bbox 594 749 656 796; x_wconf 81' lang='lat' dir='ltr'>rex</span> <span class='ocrx_word' id='word_1_48' title='bbox 669 734 798 811; x_wconf 78' lang='lat' dir='ltr'>angliae</span> <span class='ocrx_word' id='word_1_49' title='bbox 811 731 862 814; x_wconf 83' lang='lat' dir='ltr'>(o)</span> <span class='ocrx_word' id='word_1_50' title='bbox 918 734 1071 797; x_wconf 90' lang='lat' dir='ltr'>dominus</span> <span class='ocrx_word' id='word_1_51' title='bbox 1090 735 1271 810; x_wconf 74' lang='lat' dir='ltr'>Hibernia,</span> <span class='ocrx_word' id='word_1_52' title='bbox 1291 736 1360 798; x_wconf 85' lang='lat' dir='ltr'>dux</span> <span class='ocrx_word' id='word_1_53' title='bbox 1370 737 1597 811; x_wconf 89' lang='lat' dir='ltr'>Normanniae,</span> <span class='ocrx_word' id='word_1_54' title='bbox 1612 740 1720 817; x_wconf 85' lang='lat' dir='ltr'>Aqui-</span> 
     </span>
     <span class='ocr_line' id='line_1_6' title="bbox 80 832 1716 916; baseline 0.001 -18"><span class='ocrx_word' id='word_1_55' title='bbox 80 837 109 898; x_wconf 94' lang='lat' dir='ltr'>in</span> <span class='ocrx_word' id='word_1_56' title='bbox 128 833 265 897; x_wconf 89' lang='lat' dir='ltr'>ecclesia</span> <span class='ocrx_word' id='word_1_57' title='bbox 288 833 329 894; x_wconf 92' lang='lat' dir='ltr'>de</span> <span class='ocrx_word' id='word_1_58' title='bbox 348 832 522 900; x_wconf 89' lang='lat' dir='ltr'>Holcbam,</span> <span class='ocrx_word' id='word_1_59' title='bbox 538 832 692 894; x_wconf 84' lang='lat' dir='ltr'>dioecesis</span> <span class='ocrx_word' id='word_1_60' title='bbox 705 833 865 895; x_wconf 85' lang='lat' dir='ltr'>Norwin-</span> <span class='ocrx_word' id='word_1_61' title='bbox 917 833 1029 904; x_wconf 86' lang='lat' dir='ltr'>taniae,</span> <span class='ocrx_word' id='word_1_62' title='bbox 1044 835 1076 896; x_wconf 87' lang='lat' dir='ltr'>et</span> <span class='ocrx_word' id='word_1_63' title='bbox 1096 850 1207 896; x_wconf 91' lang='lat' dir='ltr'>comes</span> <span class='ocrx_word' id='word_1_64' title='bbox 1217 835 1428 912; x_wconf 73' lang='lat' dir='ltr'>andegaviae,</span> <span class='ocrx_word' id='word_1_65' title='bbox 1443 836 1716 916; x_wconf 83' lang='lat' dir='ltr'>archiepiscopis,</span> 
     </span>
     <span class='ocr_line' id='line_1_7' title="bbox 80 930 1715 1010; baseline 0.001 -14"><span class='ocrx_word' id='word_1_66' title='bbox 80 950 155 1005; x_wconf 76' lang='lat' dir='ltr'>cen,</span> <span class='ocrx_word' id='word_1_67' title='bbox 174 932 209 993; x_wconf 90' lang='lat' dir='ltr'>in</span> <span class='ocrx_word' id='word_1_68' title='bbox 232 946 299 1008; x_wconf 90' lang='lat' dir='ltr'>qua</span> <span class='ocrx_word' id='word_1_69' title='bbox 321 930 409 991; x_wconf 89' lang='lat' dir='ltr'>idem</span> <span class='ocrx_word' id='word_1_70' title='bbox 429 945 492 993; x_wconf 83' lang='lat' dir='ltr'>rex</span> <span class='ocrx_word' id='word_1_71' title='bbox 518 946 580 1007; x_wconf 94' lang='lat' dir='ltr'>pro</span> <span class='ocrx_word' id='word_1_72' title='bbox 601 931 777 994; x_wconf 88' lang='lat' dir='ltr'>medietate</span> <span class='ocrx_word' id='word_1_73' title='bbox 805 934 862 1009; x_wconf 87' lang='lat' dir='ltr'>jus</span> <span class='ocrx_word' id='word_1_74' title='bbox 918 932 1094 1010; x_wconf 88' lang='lat' dir='ltr'>episcopis,</span> <span class='ocrx_word' id='word_1_75' title='bbox 1107 932 1291 1005; x_wconf 91' lang='lat' dir='ltr'>abbatibus,</span> <span class='ocrx_word' id='word_1_76' title='bbox 1312 933 1500 1006; x_wconf 85' lang='lat' dir='ltr'>comitibus,</span> <span class='ocrx_word' id='word_1_77' title='bbox 1521 933 1715 1010; x_wconf 84' lang='lat' dir='ltr'>baronibus,</span> 
     </span>
     <span class='ocr_line' id='line_1_8' title="bbox 78 1028 1718 1111; baseline 0.002 -18"><span class='ocrx_word' id='word_1_78' title='bbox 78 1032 260 1111; x_wconf 89' lang='lat' dir='ltr'>patronatus</span> <span class='ocrx_word' id='word_1_79' title='bbox 281 1028 415 1101; x_wconf 89' lang='lat' dir='ltr'>habeat,</span> <span class='ocrx_word' id='word_1_80' title='bbox 448 1028 675 1091; x_wconf 86' lang='lat' dir='ltr'>consentiente</span> <span class='ocrx_word' id='word_1_81' title='bbox 704 1031 863 1107; x_wconf 90' lang='lat' dir='ltr'>magistro</span> <span class='ocrx_word' id='word_1_82' title='bbox 914 1031 1130 1108; x_wconf 88' lang='lat' dir='ltr'>justiciariis,</span> <span class='ocrx_word' id='word_1_83' title='bbox 1157 1030 1418 1105; x_wconf 83' lang='lat' dir='ltr'>vicecomitibus,</span> <span class='ocrx_word' id='word_1_84' title='bbox 1455 1032 1644 1109; x_wconf 88' lang='lat' dir='ltr'>praepositis</span> <span class='ocrx_word' id='word_1_85' title='bbox 1684 1036 1718 1096; x_wconf 94' lang='lat' dir='ltr'>et</span> 
     </span>
     <span class='ocr_line' id='line_1_9' title="bbox 80 1127 1715 1207; baseline 0 -14"><span class='ocrx_word' id='word_1_86' title='bbox 80 1130 211 1193; x_wconf 79' lang='lat' dir='ltr'>lieberto</span> <span class='ocrx_word' id='word_1_87' title='bbox 230 1127 435 1200; x_wconf 82' lang='lat' dir='ltr'>Glocestriae,</span> <span class='ocrx_word' id='word_1_88' title='bbox 455 1127 656 1189; x_wconf 88' lang='lat' dir='ltr'>cancellario</span> <span class='ocrx_word' id='word_1_89' title='bbox 669 1129 861 1202; x_wconf 75' lang='lat' dir='ltr'>cicestren,</span> <span class='ocrx_word' id='word_1_90' title='bbox 919 1129 1071 1191; x_wconf 91' lang='lat' dir='ltr'>omnibus</span> <span class='ocrx_word' id='word_1_91' title='bbox 1093 1129 1227 1207; x_wconf 87' lang='lat' dir='ltr'>bajulis,</span> <span class='ocrx_word' id='word_1_92' title='bbox 1249 1130 1282 1191; x_wconf 90' lang='lat' dir='ltr'>et</span> <span class='ocrx_word' id='word_1_93' title='bbox 1302 1129 1455 1191; x_wconf 85' lang='lat' dir='ltr'>fidelibus</span> <span class='ocrx_word' id='word_1_94' title='bbox 1475 1131 1548 1192; x_wconf 91' lang='lat' dir='ltr'>suis</span> <span class='ocrx_word' id='word_1_95' title='bbox 1563 1132 1715 1195; x_wconf 80' lang='lat' dir='ltr'>satutem.</span> 
     </span>
     <span class='ocr_line' id='line_1_10' title="bbox 78 1224 1717 1306; baseline 0.001 -16"><span class='ocrx_word' id='word_1_96' title='bbox 78 1231 148 1290; x_wconf 89' lang='lat' dir='ltr'>tuuc</span> <span class='ocrx_word' id='word_1_97' title='bbox 160 1226 370 1288; x_wconf 90' lang='lat' dir='ltr'>medietatem</span> <span class='ocrx_word' id='word_1_98' title='bbox 381 1224 537 1287; x_wconf 82' lang='lat' dir='ltr'>beneficii</span> <span class='ocrx_word' id='word_1_99' title='bbox 551 1226 699 1303; x_wconf 90' lang='lat' dir='ltr'>ejusdem</span> <span class='ocrx_word' id='word_1_100' title='bbox 713 1226 863 1288; x_wconf 89' lang='lat' dir='ltr'>ecclesiae</span> <span class='ocrx_word' id='word_1_101' title='bbox 919 1228 1040 1289; x_wconf 88' lang='lat' dir='ltr'>Sciatis</span> <span class='ocrx_word' id='word_1_102' title='bbox 1056 1244 1115 1288; x_wconf 91' lang='lat' dir='ltr'>nos</span> <span class='ocrx_word' id='word_1_103' title='bbox 1129 1227 1252 1290; x_wconf 90' lang='lat' dir='ltr'>intuitu</span> <span class='ocrx_word' id='word_1_104' title='bbox 1266 1228 1337 1300; x_wconf 89' lang='lat' dir='ltr'>Dei,</span> <span class='ocrx_word' id='word_1_105' title='bbox 1355 1228 1387 1290; x_wconf 87' lang='lat' dir='ltr'>et</span> <span class='ocrx_word' id='word_1_106' title='bbox 1400 1245 1458 1306; x_wconf 96' lang='lat' dir='ltr'>pro</span> <span class='ocrx_word' id='word_1_107' title='bbox 1474 1229 1582 1291; x_wconf 89' lang='lat' dir='ltr'>salute</span> <span class='ocrx_word' id='word_1_108' title='bbox 1595 1230 1717 1292; x_wconf 87' lang='lat' dir='ltr'>animae</span> 
     </span>
     <span class='ocr_line' id='line_1_11' title="bbox 80 1323 1719 1404; baseline 0.002 -18"><span class='ocrx_word' id='word_1_109' title='bbox 80 1325 267 1404; x_wconf 84' lang='lat' dir='ltr'>possidente,</span> <span class='ocrx_word' id='word_1_110' title='bbox 301 1339 449 1385; x_wconf 90' lang='lat' dir='ltr'>annuum</span> <span class='ocrx_word' id='word_1_111' title='bbox 491 1323 688 1386; x_wconf 80' lang='lat' dir='ltr'>beneficium</span> <span class='ocrx_word' id='word_1_112' title='bbox 728 1325 864 1402; x_wconf 89' lang='lat' dir='ltr'>triginta</span> <span class='ocrx_word' id='word_1_113' title='bbox 919 1327 1057 1400; x_wconf 90' lang='lat' dir='ltr'>nostrae,</span> <span class='ocrx_word' id='word_1_114' title='bbox 1083 1327 1116 1388; x_wconf 88' lang='lat' dir='ltr'>et</span> <span class='ocrx_word' id='word_1_115' title='bbox 1141 1327 1328 1387; x_wconf 89' lang='lat' dir='ltr'>animarum</span> <span class='ocrx_word' id='word_1_116' title='bbox 1357 1328 1616 1400; x_wconf 88' lang='lat' dir='ltr'>antecessorum,</span> <span class='ocrx_word' id='word_1_117' title='bbox 1642 1345 1719 1389; x_wconf 92' lang='lat' dir='ltr'>om-</span> 
     </span>
     <span class='ocr_line' id='line_1_12' title="bbox 77 1420 1717 1502; baseline 0 -15"><span class='ocrx_word' id='word_1_118' title='bbox 77 1424 279 1487; x_wconf 86' lang='lat' dir='ltr'>mareharum</span> <span class='ocrx_word' id='word_1_119' title='bbox 295 1420 343 1502; x_wconf 86' lang='lat' dir='ltr'>(b)</span> <span class='ocrx_word' id='word_1_120' title='bbox 353 1423 388 1483; x_wconf 91' lang='lat' dir='ltr'>in</span> <span class='ocrx_word' id='word_1_121' title='bbox 405 1423 648 1501; x_wconf 89' lang='lat' dir='ltr'>eleemosynam</span> <span class='ocrx_word' id='word_1_122' title='bbox 661 1424 864 1485; x_wconf 88' lang='lat' dir='ltr'>monasterio</span> <span class='ocrx_word' id='word_1_123' title='bbox 918 1424 1075 1501; x_wconf 90' lang='lat' dir='ltr'>niumque</span> <span class='ocrx_word' id='word_1_124' title='bbox 1085 1426 1351 1486; x_wconf 90' lang='lat' dir='ltr'>etsuccessorum</span> <span class='ocrx_word' id='word_1_125' title='bbox 1362 1426 1562 1497; x_wconf 91' lang='lat' dir='ltr'>nostrorum,</span> <span class='ocrx_word' id='word_1_126' title='bbox 1572 1425 1717 1497; x_wconf 86' lang='lat' dir='ltr'>dedisse,</span> 
     </span>
     <span class='ocr_line' id='line_1_13' title="bbox 78 1520 1719 1600; baseline 0 -15"><span class='ocrx_word' id='word_1_127' title='bbox 78 1526 178 1586; x_wconf 80' lang='lat' dir='ltr'>restro</span> <span class='ocrx_word' id='word_1_128' title='bbox 210 1521 416 1583; x_wconf 88' lang='lat' dir='ltr'>concesserit</span> <span class='ocrx_word' id='word_1_129' title='bbox 449 1520 571 1583; x_wconf 92' lang='lat' dir='ltr'>intuitu</span> <span class='ocrx_word' id='word_1_130' title='bbox 601 1521 746 1598; x_wconf 88' lang='lat' dir='ltr'>pietatis,</span> <span class='ocrx_word' id='word_1_131' title='bbox 777 1521 863 1600; x_wconf 93' lang='lat' dir='ltr'>quod</span> <span class='ocrx_word' id='word_1_132' title='bbox 919 1522 1134 1594; x_wconf 87' lang='lat' dir='ltr'>concessisse,</span> <span class='ocrx_word' id='word_1_133' title='bbox 1154 1521 1259 1584; x_wconf 85' lang='lat' dir='ltr'>etheo</span> <span class='ocrx_word' id='word_1_134' title='bbox 1270 1525 1490 1586; x_wconf 89' lang='lat' dir='ltr'>cartanostra</span> <span class='ocrx_word' id='word_1_135' title='bbox 1501 1523 1719 1586; x_wconf 82' lang='lat' dir='ltr'>confirmasse</span> 
     </span>
     <span class='ocr_line' id='line_1_14' title="bbox 78 1617 1721 1701; baseline 0.001 -18"><span class='ocrx_word' id='word_1_136' title='bbox 78 1620 274 1701; x_wconf 88' lang='lat' dir='ltr'>postmodum</span> <span class='ocrx_word' id='word_1_137' title='bbox 297 1617 500 1680; x_wconf 84' lang='lat' dir='ltr'>venerabilis</span> <span class='ocrx_word' id='word_1_138' title='bbox 519 1619 623 1681; x_wconf 86' lang='lat' dir='ltr'>irater</span> <span class='ocrx_word' id='word_1_139' title='bbox 644 1622 759 1682; x_wconf 91' lang='lat' dir='ltr'>noster</span> <span class='ocrx_word' id='word_1_140' title='bbox 780 1623 866 1681; x_wconf 86' lang='lat' dir='ltr'>Tus·</span> <span class='ocrx_word' id='word_1_141' title='bbox 920 1623 987 1681; x_wconf 87' lang='lat' dir='ltr'>Deo</span> <span class='ocrx_word' id='word_1_142' title='bbox 1009 1621 1042 1682; x_wconf 90' lang='lat' dir='ltr'>et</span> <span class='ocrx_word' id='word_1_143' title='bbox 1073 1620 1183 1682; x_wconf 90' lang='lat' dir='ltr'>Beatae</span> <span class='ocrx_word' id='word_1_144' title='bbox 1206 1620 1337 1697; x_wconf 81' lang='lat' dir='ltr'>Virgini</span> <span class='ocrx_word' id='word_1_145' title='bbox 1356 1622 1487 1694; x_wconf 80' lang='lat' dir='ltr'>Mariae,</span> <span class='ocrx_word' id='word_1_146' title='bbox 1509 1623 1542 1684; x_wconf 91' lang='lat' dir='ltr'>et</span> <span class='ocrx_word' id='word_1_147' title='bbox 1560 1622 1672 1684; x_wconf 90' lang='lat' dir='ltr'>abbati</span> <span class='ocrx_word' id='word_1_148' title='bbox 1686 1622 1721 1684; x_wconf 90' lang='lat' dir='ltr'>et</span> 
     </span>
    </p>
   </div>
   <div class='ocr_carea' id='block_1_3' title="bbox 1655 284 1815 385">
    <p class='ocr_par' dir='ltr' id='par_1_3' title="bbox 1655 284 1815 385">
     <span class='ocr_line' id='line_1_15' title="bbox 1655 284 1815 385; baseline 0 0"><span class='ocrx_word' id='word_1_149' title='bbox 1655 284 1717 346; x_wconf 69' lang='lat'>282</span> <span class='ocrx_word' id='word_1_150' title='bbox 1812 380 1815 385; x_wconf 93' lang='lat'>.</span> 
     </span>
    </p>
   </div>
   <div class='ocr_carea' id='block_1_4' title="bbox 9 1718 867 4054">
    <p class='ocr_par' dir='ltr' id='par_1_4' title="bbox 9 1718 867 4054">
     <span class='ocr_line' id='line_1_16' title="bbox 78 1718 866 1796; baseline -0.004 -14"><span class='ocrx_word' id='word_1_151' title='bbox 78 1719 206 1782; x_wconf 87' lang='lat' dir='ltr'>colanus</span> <span class='ocrx_word' id='word_1_152' title='bbox 225 1718 402 1796; x_wconf 89' lang='lat' dir='ltr'>episcopus</span> <span class='ocrx_word' id='word_1_153' title='bbox 426 1718 625 1796; x_wconf 74' lang='lat' dir='ltr'>apostolicae</span> <span class='ocrx_word' id='word_1_154' title='bbox 641 1718 736 1780; x_wconf 91' lang='lat' dir='ltr'>Sedis</span> <span class='ocrx_word' id='word_1_155' title='bbox 749 1719 783 1780; x_wconf 91' lang='lat' dir='ltr'>in</span> <span class='ocrx_word' id='word_1_156' title='bbox 796 1721 866 1780; x_wconf 83' lang='lat' dir='ltr'>An-</span> 
     </span>
     <span class='ocr_line' id='line_1_17' title="bbox 75 1812 863 1896; baseline 0.001 -18"><span class='ocrx_word' id='word_1_157' title='bbox 75 1817 138 1894; x_wconf 88' lang='lat' dir='ltr'>glia</span> <span class='ocrx_word' id='word_1_158' title='bbox 159 1818 237 1880; x_wconf 90' lang='lat' dir='ltr'>tunc</span> <span class='ocrx_word' id='word_1_159' title='bbox 259 1815 389 1892; x_wconf 88' lang='lat' dir='ltr'>legatus</span> <span class='ocrx_word' id='word_1_160' title='bbox 403 1812 460 1896; x_wconf 69' lang='lat'>(²),</span> <span class='ocrx_word' id='word_1_161' title='bbox 477 1816 691 1878; x_wconf 88' lang='lat' dir='ltr'>Norwincen.</span> <span class='ocrx_word' id='word_1_162' title='bbox 707 1818 785 1879; x_wconf 88' lang='lat' dir='ltr'>sede</span> <span class='ocrx_word' id='word_1_163' title='bbox 799 1832 863 1879; x_wconf 83' lang='lat' dir='ltr'>va-</span> 
     </span>
     <span class='ocr_line' id='line_1_18' title="bbox 76 1914 865 1993; baseline 0.001 -16"><span class='ocrx_word' id='word_1_164' title='bbox 76 1916 173 1989; x_wconf 88' lang='lat' dir='ltr'>cante,</span> <span class='ocrx_word' id='word_1_165' title='bbox 194 1915 260 1993; x_wconf 92' lang='lat' dir='ltr'>ipsi</span> <span class='ocrx_word' id='word_1_166' title='bbox 284 1914 487 1976; x_wconf 90' lang='lat' dir='ltr'>monasterio</span> <span class='ocrx_word' id='word_1_167' title='bbox 507 1915 726 1987; x_wconf 76' lang='lat' dir='ltr'>confirmarit,</span> <span class='ocrx_word' id='word_1_168' title='bbox 751 1918 795 1988; x_wconf 91' lang='lat' dir='ltr'>te,</span> <span class='ocrx_word' id='word_1_169' title='bbox 817 1915 865 1978; x_wconf 87' lang='lat' dir='ltr'>iili</span> 
     </span>
     <span class='ocr_line' id='line_1_19' title="bbox 76 2012 862 2091; baseline 0.001 -17"><span class='ocrx_word' id='word_1_170' title='bbox 76 2013 179 2087; x_wconf 88' lang='lat' dir='ltr'>abbas,</span> <span class='ocrx_word' id='word_1_171' title='bbox 201 2029 305 2073; x_wconf 89' lang='lat' dir='ltr'>manu</span> <span class='ocrx_word' id='word_1_172' title='bbox 320 2013 456 2089; x_wconf 90' lang='lat' dir='ltr'>propria</span> <span class='ocrx_word' id='word_1_173' title='bbox 476 2012 660 2075; x_wconf 82' lang='lat' dir='ltr'>investiens</span> <span class='ocrx_word' id='word_1_174' title='bbox 676 2013 717 2075; x_wconf 91' lang='lat' dir='ltr'>de</span> <span class='ocrx_word' id='word_1_175' title='bbox 729 2014 862 2091; x_wconf 75' lang='lat' dir='ltr'>eodem,</span> 
     </span>
     <span class='ocr_line' id='line_1_20' title="bbox 76 2110 866 2174; baseline 0.001 -1"><span class='ocrx_word' id='word_1_176' title='bbox 76 2127 130 2173; x_wconf 86' lang='lat' dir='ltr'>noc</span> <span class='ocrx_word' id='word_1_177' title='bbox 141 2127 205 2173; x_wconf 92' lang='lat' dir='ltr'>non</span> <span class='ocrx_word' id='word_1_178' title='bbox 216 2113 249 2173; x_wconf 89' lang='lat' dir='ltr'>et</span> <span class='ocrx_word' id='word_1_179' title='bbox 261 2110 463 2172; x_wconf 85' lang='lat' dir='ltr'>venerabilis</span> <span class='ocrx_word' id='word_1_180' title='bbox 477 2110 580 2173; x_wconf 85' lang='lat' dir='ltr'>irater</span> <span class='ocrx_word' id='word_1_181' title='bbox 592 2112 706 2174; x_wconf 91' lang='lat' dir='ltr'>noster</span> <span class='ocrx_word' id='word_1_182' title='bbox 720 2113 866 2174; x_wconf 87' lang='lat' dir='ltr'>Gantua-</span> 
     </span>
     <span class='ocr_line' id='line_1_21' title="bbox 76 2207 864 2286; baseline 0.003 -16"><span class='ocrx_word' id='word_1_183' title='bbox 76 2210 187 2271; x_wconf 78' lang='lat' dir='ltr'>nensis</span> <span class='ocrx_word' id='word_1_184' title='bbox 221 2207 509 2286; x_wconf 88' lang='lat' dir='ltr'>archiepiscopus,</span> <span class='ocrx_word' id='word_1_185' title='bbox 545 2210 670 2272; x_wconf 89' lang='lat' dir='ltr'>sanctae</span> <span class='ocrx_word' id='word_1_186' title='bbox 706 2213 864 2272; x_wconf 89' lang='lat' dir='ltr'>Romanae</span> 
     </span>
     <span class='ocr_line' id='line_1_22' title="bbox 76 2305 866 2388; baseline 0.001 -19"><span class='ocrx_word' id='word_1_187' title='bbox 76 2307 223 2370; x_wconf 75' lang='lat' dir='ltr'>Ecclesiae</span> <span class='ocrx_word' id='word_1_188' title='bbox 263 2306 445 2368; x_wconf 89' lang='lat' dir='ltr'>cardinalis</span> <span class='ocrx_word' id='word_1_189' title='bbox 485 2305 547 2388; x_wconf 85' lang='lat' dir='ltr'>(d),</span> <span class='ocrx_word' id='word_1_190' title='bbox 591 2309 866 2386; x_wconf 88' lang='lat' dir='ltr'>metropolitanus</span> 
     </span>
     <span class='ocr_line' id='line_1_23' title="bbox 74 2406 865 2485; baseline 0.005 -20"><span class='ocrx_word' id='word_1_191' title='bbox 74 2406 223 2467; x_wconf 78' lang='lat' dir='ltr'>Ecclesia</span> <span class='ocrx_word' id='word_1_192' title='bbox 243 2409 447 2478; x_wconf 89' lang='lat' dir='ltr'>memoratae,</span> <span class='ocrx_word' id='word_1_193' title='bbox 471 2406 713 2469; x_wconf 86' lang='lat' dir='ltr'>institutionem</span> <span class='ocrx_word' id='word_1_194' title='bbox 734 2406 865 2485; x_wconf 74' lang='lat' dir='ltr'>praefati</span> 
     </span>
     <span class='ocr_line' id='line_1_24' title="bbox 10 2503 865 2583; baseline 0.006 -20"><span class='ocrx_word' id='word_1_195' title='bbox 10 2506 11 2509; x_wconf 76' lang='grc'>’</span> <span class='ocrx_word' id='word_1_196' title='bbox 74 2503 169 2581; x_wconf 90' lang='lat' dir='ltr'>legati</span> <span class='ocrx_word' id='word_1_197' title='bbox 202 2505 377 2580; x_wconf 80' lang='lat' dir='ltr'>gratanter</span> <span class='ocrx_word' id='word_1_198' title='bbox 408 2505 601 2582; x_wconf 90' lang='lat' dir='ltr'>acceptans,</span> <span class='ocrx_word' id='word_1_199' title='bbox 636 2507 865 2583; x_wconf 86' lang='lat' dir='ltr'>praescriptam</span> 
     </span>
     <span class='ocr_line' id='line_1_25' title="bbox 75 2602 866 2681; baseline 0.003 -18"><span class='ocrx_word' id='word_1_200' title='bbox 75 2603 317 2664; x_wconf 85' lang='lat' dir='ltr'>concessionem</span> <span class='ocrx_word' id='word_1_201' title='bbox 346 2602 473 2679; x_wconf 86' lang='lat' dir='ltr'>regiam</span> <span class='ocrx_word' id='word_1_202' title='bbox 502 2604 722 2674; x_wconf 79' lang='lat' dir='ltr'>confirmavit,</span> <span class='ocrx_word' id='word_1_203' title='bbox 764 2620 866 2681; x_wconf 91' lang='lat' dir='ltr'>super</span> 
     </span>
     <span class='ocr_line' id='line_1_26' title="bbox 72 2700 867 2779; baseline 0.001 -17"><span class='ocrx_word' id='word_1_204' title='bbox 72 2716 132 2777; x_wconf 87' lang='lat' dir='ltr'>quo</span> <span class='ocrx_word' id='word_1_205' title='bbox 144 2700 257 2762; x_wconf 89' lang='lat' dir='ltr'>dilecti</span> <span class='ocrx_word' id='word_1_206' title='bbox 272 2700 334 2761; x_wconf 88' lang='lat' dir='ltr'>tilii</span> <span class='ocrx_word' id='word_1_207' title='bbox 349 2701 442 2778; x_wconf 92' lang='lat' dir='ltr'>prior</span> <span class='ocrx_word' id='word_1_208' title='bbox 464 2703 497 2763; x_wconf 92' lang='lat' dir='ltr'>et</span> <span class='ocrx_word' id='word_1_209' title='bbox 510 2701 692 2779; x_wconf 88' lang='lat' dir='ltr'>capitulum</span> <span class='ocrx_word' id='word_1_210' title='bbox 706 2702 867 2763; x_wconf 84' lang='lat' dir='ltr'>Norwin·</span> 
     </span>
     <span class='ocr_line' id='line_1_27' title="bbox 74 2798 865 2876; baseline 0.003 -17"><span class='ocrx_word' id='word_1_211' title='bbox 74 2810 140 2860; x_wconf 87' lang='lat' dir='ltr'>cen.</span> <span class='ocrx_word' id='word_1_212' title='bbox 174 2815 271 2859; x_wconf 90' lang='lat' dir='ltr'>suum</span> <span class='ocrx_word' id='word_1_213' title='bbox 304 2798 400 2860; x_wconf 82' lang='lat' dir='ltr'>vobis</span> <span class='ocrx_word' id='word_1_214' title='bbox 435 2800 652 2876; x_wconf 84' lang='lat' dir='ltr'>praestiterint</span> <span class='ocrx_word' id='word_1_215' title='bbox 688 2815 865 2861; x_wconf 88' lang='lat' dir='ltr'>assensum</span> 
     </span>
     <span class='ocr_line' id='line_1_28' title="bbox 74 2895 866 2976; baseline 0.005 -19"><span class='ocrx_word' id='word_1_216' title='bbox 74 2895 250 2959; x_wconf 87' lang='lat' dir='ltr'>liberaliter</span> <span class='ocrx_word' id='word_1_217' title='bbox 264 2896 297 2958; x_wconf 89' lang='lat' dir='ltr'>et</span> <span class='ocrx_word' id='word_1_218' title='bbox 311 2896 464 2971; x_wconf 88' lang='lat' dir='ltr'>libenter,</span> <span class='ocrx_word' id='word_1_219' title='bbox 482 2897 569 2960; x_wconf 89' lang='lat' dir='ltr'>sicut</span> <span class='ocrx_word' id='word_1_220' title='bbox 592 2898 628 2959; x_wconf 94' lang='lat' dir='ltr'>in</span> <span class='ocrx_word' id='word_1_221' title='bbox 651 2898 866 2976; x_wconf 89' lang='lat' dir='ltr'>praescripto-</span> 
     </span>
     <span class='ocr_line' id='line_1_29' title="bbox 9 2994 863 3074; baseline 0.002 -19"><span class='ocrx_word' id='word_1_222' title='bbox 9 3000 11 3063; x_wconf 64' lang='grc' dir='ltr'>ἕ</span> <span class='ocrx_word' id='word_1_223' title='bbox 73 3010 139 3056; x_wconf 92' lang='lat' dir='ltr'>rum</span> <span class='ocrx_word' id='word_1_224' title='bbox 162 2996 267 3072; x_wconf 87' lang='lat' dir='ltr'>regis,</span> <span class='ocrx_word' id='word_1_225' title='bbox 301 2994 414 3071; x_wconf 88' lang='lat' dir='ltr'>legati,</span> <span class='ocrx_word' id='word_1_226' title='bbox 442 2996 708 3073; x_wconf 88' lang='lat' dir='ltr'>archiepiscopi,</span> <span class='ocrx_word' id='word_1_227' title='bbox 730 2996 863 3074; x_wconf 90' lang='lat' dir='ltr'>prioris,</span> 
     </span>
     <span class='ocr_line' id='line_1_30' title="bbox 74 3093 865 3171; baseline 0.005 -17"><span class='ocrx_word' id='word_1_228' title='bbox 74 3094 202 3171; x_wconf 89' lang='lat' dir='ltr'>capituli</span> <span class='ocrx_word' id='word_1_229' title='bbox 217 3096 251 3155; x_wconf 90' lang='lat' dir='ltr'>et</span> <span class='ocrx_word' id='word_1_230' title='bbox 265 3093 460 3155; x_wconf 88' lang='lat' dir='ltr'>cancellarii</span> <span class='ocrx_word' id='word_1_231' title='bbox 484 3093 606 3156; x_wconf 89' lang='lat' dir='ltr'>litteris</span> <span class='ocrx_word' id='word_1_232' title='bbox 622 3093 730 3156; x_wconf 78' lang='lat' dir='ltr'>felicis</span> <span class='ocrx_word' id='word_1_233' title='bbox 745 3111 865 3158; x_wconf 88' lang='lat' dir='ltr'>recor·</span> 
     </span>
     <span class='ocr_line' id='line_1_31' title="bbox 9 3190 867 3270; baseline 0.003 -18"><span class='ocrx_word' id='word_1_234' title='bbox 9 3208 11 3235; x_wconf 53' lang='grc' dir='ltr'><strong><em>ῑ</em></strong></span> <span class='ocrx_word' id='word_1_235' title='bbox 72 3190 210 3254; x_wconf 88' lang='lat' dir='ltr'>dationis</span> <span class='ocrx_word' id='word_1_236' title='bbox 245 3192 462 3253; x_wconf 90' lang='lat' dir='ltr'>Innocentius</span> <span class='ocrx_word' id='word_1_237' title='bbox 505 3194 596 3269; x_wconf 91' lang='lat' dir='ltr'>Papa</span> <span class='ocrx_word' id='word_1_238' title='bbox 636 3193 867 3270; x_wconf 87' lang='lat' dir='ltr'>praedecessor</span> 
     </span>
     <span class='ocr_line' id='line_1_32' title="bbox 9 3288 864 3373; baseline 0.002 -24"><span class='ocrx_word' id='word_1_239' title='bbox 9 3352 10 3373; x_wconf 16' lang='grc' dir='ltr'>ἶ</span> <span class='ocrx_word' id='word_1_240' title='bbox 72 3294 179 3351; x_wconf 88' lang='lat' dir='ltr'>noster</span> <span class='ocrx_word' id='word_1_241' title='bbox 191 3288 363 3367; x_wconf 80' lang='lat' dir='ltr'>perspexit</span> <span class='ocrx_word' id='word_1_242' title='bbox 378 3289 510 3366; x_wconf 90' lang='lat' dir='ltr'>plenius</span> <span class='ocrx_word' id='word_1_243' title='bbox 525 3291 688 3352; x_wconf 87' lang='lat' dir='ltr'>contineri</span> <span class='ocrx_word' id='word_1_244' title='bbox 703 3312 711 3351; x_wconf 90' lang='lat'>:</span> <span class='ocrx_word' id='word_1_245' title='bbox 733 3291 802 3352; x_wconf 93' lang='lat' dir='ltr'>Nos</span> <span class='ocrx_word' id='word_1_246' title='bbox 824 3291 864 3352; x_wconf 93' lang='lat' dir='ltr'>ad</span> 
     </span>
     <span class='ocr_line' id='line_1_33' title="bbox 9 3386 865 3473; baseline 0.002 -25"><span class='ocrx_word' id='word_1_247' title='bbox 9 3386 11 3473; x_wconf 68' lang='grc' dir='ltr'><em>ξ</em></span> <span class='ocrx_word' id='word_1_248' title='bbox 71 3388 236 3465; x_wconf 84' lang='lat' dir='ltr'>exemplar</span> <span class='ocrx_word' id='word_1_249' title='bbox 267 3387 417 3465; x_wconf 73' lang='lat' dir='ltr'>eiusdem</span> <span class='ocrx_word' id='word_1_250' title='bbox 455 3387 711 3464; x_wconf 85' lang='lat' dir='ltr'>praedecessoris</span> <span class='ocrx_word' id='word_1_251' title='bbox 745 3389 865 3462; x_wconf 89' lang='lat' dir='ltr'>nostri,</span> 
     </span>
     <span class='ocr_line' id='line_1_34' title="bbox 9 3484 866 3567; baseline 0.004 -20"><span class='ocrx_word' id='word_1_252' title='bbox 9 3548 11 3567; x_wconf 60' lang='lat'>,</span> <span class='ocrx_word' id='word_1_253' title='bbox 70 3485 237 3561; x_wconf 79' lang='lat' dir='ltr'>praefatam</span> <span class='ocrx_word' id='word_1_254' title='bbox 252 3486 502 3547; x_wconf 90' lang='lat' dir='ltr'>concessionem</span> <span class='ocrx_word' id='word_1_255' title='bbox 525 3484 654 3562; x_wconf 86' lang='lat' dir='ltr'>regiam</span> <span class='ocrx_word' id='word_1_256' title='bbox 673 3488 813 3563; x_wconf 90' lang='lat' dir='ltr'>gratam,</span> <span class='ocrx_word' id='word_1_257' title='bbox 833 3487 866 3550; x_wconf 90' lang='lat' dir='ltr'>et</span> 
     </span>
     <span class='ocr_line' id='line_1_35' title="bbox 71 3582 867 3657; baseline 0 -12"><span class='ocrx_word' id='word_1_258' title='bbox 71 3586 171 3645; x_wconf 90' lang='lat' dir='ltr'>ratam</span> <span class='ocrx_word' id='word_1_259' title='bbox 190 3583 368 3656; x_wconf 89' lang='lat' dir='ltr'>babentes,</span> <span class='ocrx_word' id='word_1_260' title='bbox 394 3584 518 3645; x_wconf 87' lang='lat' dir='ltr'>dictum</span> <span class='ocrx_word' id='word_1_261' title='bbox 543 3582 752 3657; x_wconf 82' lang='lat' dir='ltr'>beneficium,</span> <span class='ocrx_word' id='word_1_262' title='bbox 780 3585 867 3647; x_wconf 91' lang='lat' dir='ltr'>sicut</span> 
     </span>
     <span class='ocr_line' id='line_1_36' title="bbox 72 3680 866 3761; baseline 0.005 -20"><span class='ocrx_word' id='word_1_263' title='bbox 72 3680 146 3742; x_wconf 91' lang='lat' dir='ltr'>illud</span> <span class='ocrx_word' id='word_1_264' title='bbox 168 3683 261 3761; x_wconf 88' lang='lat' dir='ltr'>juste</span> <span class='ocrx_word' id='word_1_265' title='bbox 282 3697 322 3742; x_wconf 91' lang='lat' dir='ltr'>ac</span> <span class='ocrx_word' id='word_1_266' title='bbox 344 3681 481 3759; x_wconf 87' lang='lat' dir='ltr'>pacitice</span> <span class='ocrx_word' id='word_1_267' title='bbox 502 3682 691 3759; x_wconf 90' lang='lat' dir='ltr'>possidetis,</span> <span class='ocrx_word' id='word_1_268' title='bbox 716 3682 811 3745; x_wconf 82' lang='lat' dir='ltr'>vobis</span> <span class='ocrx_word' id='word_1_269' title='bbox 832 3686 866 3745; x_wconf 89' lang='lat' dir='ltr'>et</span> 
     </span>
     <span class='ocr_line' id='line_1_37' title="bbox 72 3779 866 3859; baseline 0.001 -18"><span class='ocrx_word' id='word_1_270' title='bbox 72 3794 195 3855; x_wconf 81' lang='lat' dir='ltr'>perros</span> <span class='ocrx_word' id='word_1_271' title='bbox 211 3779 415 3841; x_wconf 89' lang='lat' dir='ltr'>monasterio</span> <span class='ocrx_word' id='word_1_272' title='bbox 430 3781 542 3841; x_wconf 80' lang='lat' dir='ltr'>uestro</span> <span class='ocrx_word' id='word_1_273' title='bbox 552 3781 750 3843; x_wconf 90' lang='lat' dir='ltr'>auctoritate</span> <span class='ocrx_word' id='word_1_274' title='bbox 765 3784 866 3859; x_wconf 79' lang='lat' dir='ltr'>Apos-</span> 
     </span>
     <span class='ocr_line' id='line_1_38' title="bbox 72 3877 866 3957; baseline 0.003 -19"><span class='ocrx_word' id='word_1_275' title='bbox 72 3877 166 3940; x_wconf 89' lang='lat' dir='ltr'>tolica</span> <span class='ocrx_word' id='word_1_276' title='bbox 194 3877 443 3946; x_wconf 83' lang='lat' dir='ltr'>confirmamus,</span> <span class='ocrx_word' id='word_1_277' title='bbox 479 3879 513 3941; x_wconf 85' lang='lat' dir='ltr'>et</span> <span class='ocrx_word' id='word_1_278' title='bbox 546 3879 721 3955; x_wconf 87' lang='lat' dir='ltr'>praesentis</span> <span class='ocrx_word' id='word_1_279' title='bbox 751 3880 866 3957; x_wconf 89' lang='lat' dir='ltr'>scripti</span> 
     </span>
     <span class='ocr_line' id='line_1_39' title="bbox 70 3975 866 4054; baseline 0.004 -18"><span class='ocrx_word' id='word_1_280' title='bbox 70 3976 254 4050; x_wconf 87' lang='lat' dir='ltr'>patrocinio</span> <span class='ocrx_word' id='word_1_281' title='bbox 299 3976 562 4050; x_wconf 84' lang='lat' dir='ltr'>communimus,</span> <span class='ocrx_word' id='word_1_282' title='bbox 600 3975 751 4054; x_wconf 80' lang='lat' dir='ltr'>saepefati</span> <span class='ocrx_word' id='word_1_283' title='bbox 775 3978 866 4054; x_wconf 89' lang='lat' dir='ltr'>regis</span> 
     </span>
    </p>
   </div>
   <div class='ocr_carea' id='block_1_5' title="bbox 9 4159 867 5728">
    <p class='ocr_par' dir='ltr' id='par_1_5' title="bbox 67 4159 867 4717">
     <span class='ocr_line' id='line_1_40' title="bbox 102 4159 867 4234; baseline 0.007 -18"><span class='ocrx_word' id='word_1_284' title='bbox 102 4159 142 4234; x_wconf 85' lang='lat' dir='ltr'>(a)</span> <span class='ocrx_word' id='word_1_285' title='bbox 165 4161 242 4221; x_wconf 71' lang='lat' dir='ltr'>vixit</span> <span class='ocrx_word' id='word_1_286' title='bbox 256 4176 371 4219; x_wconf 77' lang='lat' dir='ltr'>coeatis</span> <span class='ocrx_word' id='word_1_287' title='bbox 391 4161 550 4220; x_wconf 90' lang='lat' dir='ltr'>innocentii</span> <span class='ocrx_word' id='word_1_288' title='bbox 565 4163 622 4233; x_wconf 84' lang='lat'>1113</span> <span class='ocrx_word' id='word_1_289' title='bbox 637 4162 777 4233; x_wconf 88' lang='lat' dir='ltr'>siquidem</span> <span class='ocrx_word' id='word_1_290' title='bbox 793 4170 867 4221; x_wconf 88' lang='lat' dir='ltr'>teste</span> 
     </span>
     <span class='ocr_line' id='line_1_41' title="bbox 69 4232 863 4307; baseline 0.005 -19"><span class='ocrx_word' id='word_1_291' title='bbox 69 4232 190 4306; x_wconf 78' lang='lat' dir='ltr'>lingerio</span> <span class='ocrx_word' id='word_1_292' title='bbox 211 4233 369 4293; x_wconf 84' lang='lat' dir='ltr'>liovedeuo</span> <span class='ocrx_word' id='word_1_293' title='bbox 389 4232 508 4305; x_wconf 72' lang='lat' dir='ltr'>huiusce</span> <span class='ocrx_word' id='word_1_294' title='bbox 520 4234 614 4291; x_wconf 79' lang='lat' dir='ltr'>aeleth</span> <span class='ocrx_word' id='word_1_295' title='bbox 629 4235 767 4307; x_wconf 88' lang='lat' dir='ltr'>scriptore</span> <span class='ocrx_word' id='word_1_296' title='bbox 788 4235 863 4292; x_wconf 87' lang='lat' dir='ltr'>cele-</span> 
     </span>
     <span class='ocr_line' id='line_1_42' title="bbox 68 4300 865 4378; baseline 0.005 -19"><span class='ocrx_word' id='word_1_297' title='bbox 68 4300 201 4373; x_wconf 72' lang='lat' dir='ltr'>herimo,</span> <span class='ocrx_word' id='word_1_298' title='bbox 216 4304 264 4361; x_wconf 90' lang='lat' dir='ltr'>die</span> <span class='ocrx_word' id='word_1_299' title='bbox 278 4305 312 4363; x_wconf 75' lang='lat'>27</span> <span class='ocrx_word' id='word_1_300' title='bbox 327 4304 396 4361; x_wconf 90' lang='lat' dir='ltr'>maii</span> <span class='ocrx_word' id='word_1_301' title='bbox 416 4319 463 4361; x_wconf 90' lang='lat' dir='ltr'>an.</span> <span class='ocrx_word' id='word_1_302' title='bbox 485 4304 565 4373; x_wconf 73' lang='lat'>1199,</span> <span class='ocrx_word' id='word_1_303' title='bbox 582 4305 612 4362; x_wconf 90' lang='lat' dir='ltr'>in</span> <span class='ocrx_word' id='word_1_304' title='bbox 626 4304 740 4377; x_wconf 81' lang='lat' dir='ltr'>hngliae</span> <span class='ocrx_word' id='word_1_305' title='bbox 756 4306 865 4378; x_wconf 86' lang='lat' dir='ltr'>Regem</span> 
     </span>
     <span class='ocr_line' id='line_1_43' title="bbox 69 4373 863 4448; baseline 0.004 -17"><span class='ocrx_word' id='word_1_306' title='bbox 69 4373 199 4434; x_wconf 84' lang='lat' dir='ltr'>hunctus</span> <span class='ocrx_word' id='word_1_307' title='bbox 212 4382 266 4433; x_wconf 85' lang='lat' dir='ltr'>est.</span> <span class='ocrx_word' id='word_1_308' title='bbox 282 4375 451 4434; x_wconf 80' lang='lat' dir='ltr'>consulatur</span> <span class='ocrx_word' id='word_1_309' title='bbox 470 4383 613 4448; x_wconf 89' lang='lat' dir='ltr'>postrema</span> <span class='ocrx_word' id='word_1_310' title='bbox 630 4377 784 4434; x_wconf 81' lang='lat' dir='ltr'>Annalium</span> <span class='ocrx_word' id='word_1_311' title='bbox 808 4379 863 4434; x_wconf 84' lang='lat' dir='ltr'>flo-</span> 
     </span>
     <span class='ocr_line' id='line_1_44' title="bbox 68 4445 866 4574; baseline 0.006 -73"><span class='ocrx_word' id='word_1_312' title='bbox 68 4446 135 4573; x_wconf 51' lang='lat' dir='ltr'>{erii</span> <span class='ocrx_word' id='word_1_313' title='bbox 156 4460 238 4574; x_wconf 54' lang='lat' dir='ltr'>pars(³</span> <span class='ocrx_word' id='word_1_314' title='bbox 259 4461 324 4519; x_wconf 79' lang='lat' dir='ltr'>qius</span> <span class='ocrx_word' id='word_1_315' title='bbox 343 4445 379 4504; x_wconf 88' lang='lat' dir='ltr'>ad</span> <span class='ocrx_word' id='word_1_316' title='bbox 400 4447 591 4520; x_wconf 76' lang='lat' dir='ltr'>inhiansque</span> <span class='ocrx_word' id='word_1_317' title='bbox 611 4449 731 4506; x_wconf 84' lang='lat' dir='ltr'>loannis</span> <span class='ocrx_word' id='word_1_318' title='bbox 751 4448 866 4522; x_wconf 76' lang='lat' dir='ltr'>Augilas</span> 
     </span>
     <span class='ocr_line' id='line_1_45' title="bbox 127 4520 341 4575; baseline 0.005 -1"><span class='ocrx_word' id='word_1_319' title='bbox 127 4534 151 4574; x_wconf 85' lang='lat' dir='ltr'>rs</span> <span class='ocrx_word' id='word_1_320' title='bbox 188 4532 219 4574; x_wconf 91' lang='lat' dir='ltr'>ro</span> <span class='ocrx_word' id='word_1_321' title='bbox 241 4520 341 4575; x_wconf 90' lang='lat' dir='ltr'>ucitur.</span> 
     </span>
     <span class='ocr_line' id='line_1_46' title="bbox 67 4587 864 4717; baseline 0.003 -72"><span class='ocrx_word' id='word_1_322' title='bbox 67 4592 143 4717; x_wconf 40' lang='lat' dir='ltr'>mm</span> <span class='ocrx_word' id='word_1_323' title='bbox 185 4590 262 4646; x_wconf 87' lang='lat' dir='ltr'>arius</span> <span class='ocrx_word' id='word_1_324' title='bbox 273 4588 469 4656; x_wconf 81' lang='lat' dir='ltr'>marcharum,</span> <span class='ocrx_word' id='word_1_325' title='bbox 485 4603 536 4661; x_wconf 92' lang='lat' dir='ltr'>pro</span> <span class='ocrx_word' id='word_1_326' title='bbox 546 4587 673 4646; x_wconf 90' lang='lat' dir='ltr'>locorum</span> <span class='ocrx_word' id='word_1_327' title='bbox 689 4587 864 4658; x_wconf 85' lang='lat' dir='ltr'>diversitate,</span> 
     </span>
    </p>

    <p class='ocr_par' dir='ltr' id='par_1_6' title="bbox 9 4660 866 5728">
     <span class='ocr_line' id='line_1_47' title="bbox 146 4660 866 4733; baseline 0.003 -17"><span class='ocrx_word' id='word_1_328' title='bbox 146 4661 258 4728; x_wconf 69' lang='lat' dir='ltr'>avaria</span> <span class='ocrx_word' id='word_1_329' title='bbox 283 4660 353 4717; x_wconf 86' lang='lat' dir='ltr'>item</span> <span class='ocrx_word' id='word_1_330' title='bbox 369 4660 508 4732; x_wconf 87' lang='lat' dir='ltr'>acceptio.</span> <span class='ocrx_word' id='word_1_331' title='bbox 530 4661 572 4717; x_wconf 86' lang='lat' dir='ltr'>De</span> <span class='ocrx_word' id='word_1_332' title='bbox 593 4660 720 4718; x_wconf 87' lang='lat' dir='ltr'>marchis</span> <span class='ocrx_word' id='word_1_333' title='bbox 743 4662 866 4733; x_wconf 79' lang='lat' dir='ltr'>anglicis</span> 
     </span>
     <span class='ocr_line' id='line_1_48' title="bbox 66 4728 863 4804; baseline 0.001 -16"><span class='ocrx_word' id='word_1_334' title='bbox 66 4728 167 4788; x_wconf 87' lang='lat' dir='ltr'>bullam</span> <span class='ocrx_word' id='word_1_335' title='bbox 187 4729 237 4789; x_wconf 89' lang='lat' dir='ltr'>hic</span> <span class='ocrx_word' id='word_1_336' title='bbox 250 4732 339 4803; x_wconf 91' lang='lat' dir='ltr'>ioqui,</span> <span class='ocrx_word' id='word_1_337' title='bbox 352 4745 438 4787; x_wconf 89' lang='lat' dir='ltr'>nemo</span> <span class='ocrx_word' id='word_1_338' title='bbox 456 4729 637 4799; x_wconf 85' lang='lat' dir='ltr'>dubitaverit,</span> <span class='ocrx_word' id='word_1_339' title='bbox 662 4734 711 4804; x_wconf 92' lang='lat' dir='ltr'>qui</span> <span class='ocrx_word' id='word_1_340' title='bbox 726 4733 802 4789; x_wconf 88' lang='lat' dir='ltr'>norit</span> <span class='ocrx_word' id='word_1_341' title='bbox 815 4733 863 4789; x_wconf 91' lang='lat' dir='ltr'>tri·</span> 
     </span>
     <span class='ocr_line' id='line_1_49' title="bbox 68 4800 864 4876; baseline 0.001 -18"><span class='ocrx_word' id='word_1_342' title='bbox 68 4801 143 4873; x_wconf 86' lang='lat' dir='ltr'>ginta</span> <span class='ocrx_word' id='word_1_343' title='bbox 155 4800 343 4859; x_wconf 89' lang='lat' dir='ltr'>marcharum</span> <span class='ocrx_word' id='word_1_344' title='bbox 364 4802 596 4876; x_wconf 88' lang='lat' dir='ltr'>supputationem</span> <span class='ocrx_word' id='word_1_345' title='bbox 610 4817 666 4859; x_wconf 90' lang='lat' dir='ltr'>uon</span> <span class='ocrx_word' id='word_1_346' title='bbox 683 4817 699 4860; x_wconf 92' lang='lat' dir='ltr'>a</span> <span class='ocrx_word' id='word_1_347' title='bbox 715 4802 864 4875; x_wconf 87' lang='lat' dir='ltr'>Poutitice‚</span> 
     </span>
     <span class='ocr_line' id='line_1_50' title="bbox 66 4873 865 4947; baseline 0.003 -18"><span class='ocrx_word' id='word_1_348' title='bbox 66 4873 113 4929; x_wconf 86' lang='lat' dir='ltr'>sed</span> <span class='ocrx_word' id='word_1_349' title='bbox 140 4873 178 4930; x_wconf 86' lang='lat' dir='ltr'>ab</span> <span class='ocrx_word' id='word_1_350' title='bbox 205 4874 322 4947; x_wconf 79' lang='lat' dir='ltr'>Augila</span> <span class='ocrx_word' id='word_1_351' title='bbox 345 4887 415 4946; x_wconf 86' lang='lat' dir='ltr'>rege</span> <span class='ocrx_word' id='word_1_352' title='bbox 438 4873 561 4946; x_wconf 91' lang='lat' dir='ltr'>primum</span> <span class='ocrx_word' id='word_1_353' title='bbox 585 4873 703 4931; x_wconf 90' lang='lat' dir='ltr'>institui.</span> <span class='ocrx_word' id='word_1_354' title='bbox 730 4874 865 4932; x_wconf 78' lang='lat' dir='ltr'>Marcios</span> 
     </span>
     <span class='ocr_line' id='line_1_51' title="bbox 65 4943 866 5017; baseline 0.005 -18"><span class='ocrx_word' id='word_1_355' title='bbox 65 4944 216 5016; x_wconf 66' lang='lat' dir='ltr'>depthca,</span> <span class='ocrx_word' id='word_1_356' title='bbox 229 4952 260 5002; x_wconf 88' lang='lat' dir='ltr'>et</span> <span class='ocrx_word' id='word_1_357' title='bbox 272 4944 475 5015; x_wconf 68' lang='lat' dir='ltr'>maritimorum</span> <span class='ocrx_word' id='word_1_358' title='bbox 492 4943 609 5017; x_wconf 88' lang='lat' dir='ltr'>perinde</span> <span class='ocrx_word' id='word_1_359' title='bbox 623 4945 719 5002; x_wconf 81' lang='lat' dir='ltr'>valere</span> <span class='ocrx_word' id='word_1_360' title='bbox 747 4952 866 5003; x_wconf 86' lang='lat' dir='ltr'>testatur</span> 
     </span>
     <span class='ocr_line' id='line_1_52' title="bbox 65 4989 866 5096; baseline 0.001 -23"><span class='ocrx_word' id='word_1_361' title='bbox 65 5016 198 5091; x_wconf 62' lang='lat' dir='ltr'>magius,</span> <span class='ocrx_word' id='word_1_362' title='bbox 227 5015 321 5089; x_wconf 90' lang='lat' dir='ltr'>quiin</span> <span class='ocrx_word' id='word_1_363' title='bbox 340 5014 637 5096; x_wconf 28' lang='lat' dir='ltr'>singulusnmarcbas,</span> <span class='ocrx_word' id='word_1_364' title='bbox 657 4989 813 5074; x_wconf 75' lang='lat' dir='ltr'>solidorum</span> <span class='ocrx_word' id='word_1_365' title='bbox 838 5024 866 5074; x_wconf 90' lang='lat' dir='ltr'>et</span> 
     </span>
     <span class='ocr_line' id='line_1_53' title="bbox 9 5086 865 5159; baseline -0.001 -14"><span class='ocrx_word' id='word_1_366' title='bbox 9 5150 10 5153; x_wconf 48' lang='lat'>,</span> <span class='ocrx_word' id='word_1_367' title='bbox 65 5097 184 5158; x_wconf 74' lang='lat' dir='ltr'>metuar</span> <span class='ocrx_word' id='word_1_368' title='bbox 205 5087 390 5159; x_wconf 87' lang='lat' dir='ltr'>denariorum</span> <span class='ocrx_word' id='word_1_369' title='bbox 413 5093 535 5158; x_wconf 79' lang='lat' dir='ltr'>pretium</span> <span class='ocrx_word' id='word_1_370' title='bbox 560 5086 679 5144; x_wconf 81' lang='lat' dir='ltr'>confert.</span> <span class='ocrx_word' id='word_1_371' title='bbox 693 5088 811 5146; x_wconf 54' lang='lat' dir='ltr'>‘Verum</span> <span class='ocrx_word' id='word_1_372' title='bbox 837 5094 865 5144; x_wconf 87' lang='lat' dir='ltr'>et</span> 
     </span>
     <span class='ocr_line' id='line_1_54' title="bbox 65 5155 865 5230; baseline 0.003 -16"><span class='ocrx_word' id='word_1_373' title='bbox 65 5155 119 5228; x_wconf 88' lang='lat' dir='ltr'>bic,</span> <span class='ocrx_word' id='word_1_374' title='bbox 132 5160 162 5216; x_wconf 94' lang='lat' dir='ltr'>iu</span> <span class='ocrx_word' id='word_1_375' title='bbox 175 5166 283 5217; x_wconf 85' lang='lat' dir='ltr'>statuto</span> <span class='ocrx_word' id='word_1_376' title='bbox 296 5157 453 5214; x_wconf 89' lang='lat' dir='ltr'>solidorum</span> <span class='ocrx_word' id='word_1_377' title='bbox 474 5157 570 5214; x_wconf 87' lang='lat' dir='ltr'>valore</span> <span class='ocrx_word' id='word_1_378' title='bbox 586 5156 865 5230; x_wconf 82' lang='lat' dir='ltr'>taxando‚anrbages</span> 
     </span>
     <span class='ocr_line' id='line_1_55' title="bbox 64 5226 862 5312; baseline 0 -25"><span class='ocrx_word' id='word_1_379' title='bbox 64 5236 224 5288; x_wconf 76' lang='lat' dir='ltr'>decumum.</span> <span class='ocrx_word' id='word_1_380' title='bbox 240 5231 276 5288; x_wconf 87' lang='lat' dir='ltr'>Ut</span> <span class='ocrx_word' id='word_1_381' title='bbox 292 5228 328 5312; x_wconf 78' lang='lat' dir='ltr'>ab</span> <span class='ocrx_word' id='word_1_382' title='bbox 343 5228 421 5284; x_wconf 87' lang='lat' dir='ltr'>hisee</span> <span class='ocrx_word' id='word_1_383' title='bbox 433 5226 646 5312; x_wconf 82' lang='lat' dir='ltr'>difficultatibus</span> <span class='ocrx_word' id='word_1_384' title='bbox 661 5243 713 5285; x_wconf 86' lang='lat' dir='ltr'>nos</span> <span class='ocrx_word' id='word_1_385' title='bbox 728 5230 862 5302; x_wconf 85' lang='lat' dir='ltr'>expedia-</span> 
     </span>
     <span class='ocr_line' id='line_1_56' title="bbox 63 5297 864 5454; baseline -0.012 -26"><span class='ocrx_word' id='word_1_386' title='bbox 63 5297 758 5453; x_wconf 59' lang='lat' dir='ltr'>austrebatinse?attiuh</span> <span class='ocrx_word' id='word_1_387' title='bbox 773 5302 864 5454; x_wconf 69' lang='lat' dir='ltr'>itti:</span> 
     </span>
     <span class='ocr_line' id='line_1_57' title="bbox 64 5440 866 5571; baseline 0.002 -74"><span class='ocrx_word' id='word_1_388' title='bbox 64 5444 114 5513; x_wconf 82' lang='lat' dir='ltr'>dit,</span> <span class='ocrx_word' id='word_1_389' title='bbox 124 5444 164 5500; x_wconf 88' lang='lat' dir='ltr'>ita</span> <span class='ocrx_word' id='word_1_390' title='bbox 175 5442 213 5500; x_wconf 88' lang='lat' dir='ltr'>de</span> <span class='ocrx_word' id='word_1_391' title='bbox 227 5442 347 5523; x_wconf 80' lang='lat' dir='ltr'>Nicolao</span> <span class='ocrx_word' id='word_1_392' title='bbox 357 5443 398 5499; x_wconf 86' lang='lat'>111</span> <span class='ocrx_word' id='word_1_393' title='bbox 412 5440 575 5499; x_wconf 83' lang='lat' dir='ltr'>Grrmaldus</span> <span class='ocrx_word' id='word_1_394' title='bbox 589 5442 723 5514; x_wconf 82' lang='lat' dir='ltr'>loquitur,</span> <span class='ocrx_word' id='word_1_395' title='bbox 733 5458 866 5571; x_wconf 58' lang='lat' dir='ltr'>quingen·</span> 
     </span>
     <span class='ocr_line' id='line_1_58' title="bbox 64 5512 863 5583; baseline 0.003 -14"><span class='ocrx_word' id='word_1_396' title='bbox 64 5512 795 5583; x_wconf 76' lang='lat' dir='ltr'>tasmurctassterhnyorum;saetacutamonetoei</span> <span class='ocrx_word' id='word_1_397' title='bbox 818 5514 863 5571; x_wconf 80' lang='lat'>50.</span> 
     </span>
     <span class='ocr_line' id='line_1_59' title="bbox 64 5582 865 5657; baseline 0.001 -16"><span class='ocrx_word' id='word_1_398' title='bbox 64 5584 218 5653; x_wconf 86' lang='lat' dir='ltr'>h&#39;imirum,</span> <span class='ocrx_word' id='word_1_399' title='bbox 239 5590 272 5641; x_wconf 88' lang='lat' dir='ltr'>ut</span> <span class='ocrx_word' id='word_1_400' title='bbox 290 5583 320 5639; x_wconf 94' lang='lat' dir='ltr'>in</span> <span class='ocrx_word' id='word_1_401' title='bbox 337 5597 401 5639; x_wconf 90' lang='lat' dir='ltr'>mar</span> <span class='ocrx_word' id='word_1_402' title='bbox 424 5583 470 5639; x_wconf 88' lang='lat' dir='ltr'>ine</span> <span class='ocrx_word' id='word_1_403' title='bbox 495 5582 638 5657; x_wconf 88' lang='lat' dir='ltr'>observat,</span> <span class='ocrx_word' id='word_1_404' title='bbox 662 5584 865 5656; x_wconf 80' lang='lat' dir='ltr'>sterlingorum</span> 
     </span>
     <span class='ocr_line' id='line_1_60' title="bbox 64 5651 863 5728; baseline 0 -15"><span class='ocrx_word' id='word_1_405' title='bbox 64 5657 183 5714; x_wconf 68' lang='lat' dir='ltr'>morem</span> <span class='ocrx_word' id='word_1_406' title='bbox 196 5654 272 5714; x_wconf 81' lang='lat' dir='ltr'>valet</span> <span class='ocrx_word' id='word_1_407' title='bbox 289 5652 376 5726; x_wconf 82' lang='lat' dir='ltr'>julias</span> <span class='ocrx_word' id='word_1_408' title='bbox 446 5653 509 5715; x_wconf 81' lang='lat' dir='ltr'>til.</span> <span class='ocrx_word' id='word_1_409' title='bbox 529 5653 557 5712; x_wconf 86' lang='lat' dir='ltr'>Si</span> <span class='ocrx_word' id='word_1_410' title='bbox 580 5651 643 5712; x_wconf 82' lang='lat' dir='ltr'>baec</span> <span class='ocrx_word' id='word_1_411' title='bbox 656 5653 710 5713; x_wconf 86' lang='lat' dir='ltr'>sibi</span> <span class='ocrx_word' id='word_1_412' title='bbox 722 5663 863 5728; x_wconf 86' lang='lat' dir='ltr'>constent,</span> 
     </span>
    </p>
   </div>
   <div class='ocr_carea' id='block_1_6' title="bbox 919 1718 1723 4053">
    <p class='ocr_par' dir='ltr' id='par_1_7' title="bbox 919 1718 1723 4053">
     <span class='ocr_line' id='line_1_61' title="bbox 919 1718 1720 1787; baseline 0.004 -8"><span class='ocrx_word' id='word_1_413' title='bbox 919 1718 1092 1780; x_wconf 90' lang='lat' dir='ltr'>monachis</span> <span class='ocrx_word' id='word_1_414' title='bbox 1127 1719 1322 1780; x_wconf 89' lang='lat' dir='ltr'>monasterii</span> <span class='ocrx_word' id='word_1_415' title='bbox 1361 1719 1468 1781; x_wconf 87' lang='lat' dir='ltr'>sancti</span> <span class='ocrx_word' id='word_1_416' title='bbox 1507 1721 1643 1787; x_wconf 88' lang='lat' dir='ltr'>Martini</span> <span class='ocrx_word' id='word_1_417' title='bbox 1678 1721 1720 1782; x_wconf 88' lang='lat' dir='ltr'>de</span> 
     </span>
     <span class='ocr_line' id='line_1_62' title="bbox 919 1804 1720 1894; baseline 0.002 -16"><span class='ocrx_word' id='word_1_418' title='bbox 919 1819 1031 1879; x_wconf 87' lang='lat' dir='ltr'>Monte</span> <span class='ocrx_word' id='word_1_419' title='bbox 1048 1815 1233 1880; x_wconf 78' lang='lat' dir='ltr'>viterbien.</span> <span class='ocrx_word' id='word_1_420' title='bbox 1248 1817 1285 1878; x_wconf 94' lang='lat' dir='ltr'>in</span> <span class='ocrx_word' id='word_1_421' title='bbox 1304 1818 1434 1890; x_wconf 84' lang='lat' dir='ltr'>Tuscia,</span> <span class='ocrx_word' id='word_1_422' title='bbox 1461 1817 1502 1878; x_wconf 91' lang='lat' dir='ltr'>ad</span> <span class='ocrx_word' id='word_1_423' title='bbox 1526 1804 1720 1894; x_wconf 77' lang='lat' dir='ltr'>petitionem</span> 
     </span>
     <span class='ocr_line' id='line_1_63' title="bbox 919 1913 1721 1993; baseline 0.001 -17"><span class='ocrx_word' id='word_1_424' title='bbox 919 1913 1122 1977; x_wconf 83' lang='lat' dir='ltr'>venerabilis</span> <span class='ocrx_word' id='word_1_425' title='bbox 1148 1916 1214 1977; x_wconf 81' lang='lat' dir='ltr'>viri</span> <span class='ocrx_word' id='word_1_426' title='bbox 1238 1915 1378 1978; x_wconf 77' lang='lat' dir='ltr'>ioannis</span> <span class='ocrx_word' id='word_1_427' title='bbox 1395 1916 1542 1993; x_wconf 85' lang='lat' dir='ltr'>ejusdem</span> <span class='ocrx_word' id='word_1_428' title='bbox 1571 1915 1637 1977; x_wconf 92' lang='lat' dir='ltr'>loci</span> <span class='ocrx_word' id='word_1_429' title='bbox 1655 1915 1721 1977; x_wconf 92' lang='lat' dir='ltr'>ab·</span> 
     </span>
     <span class='ocr_line' id='line_1_64' title="bbox 919 2012 1720 2091; baseline 0.001 -17"><span class='ocrx_word' id='word_1_430' title='bbox 919 2012 1018 2085; x_wconf 88' lang='lat' dir='ltr'>batis,</span> <span class='ocrx_word' id='word_1_431' title='bbox 1044 2013 1102 2091; x_wconf 91' lang='lat' dir='ltr'>qui</span> <span class='ocrx_word' id='word_1_432' title='bbox 1122 2029 1197 2075; x_wconf 89' lang='lat' dir='ltr'>cum</span> <span class='ocrx_word' id='word_1_433' title='bbox 1216 2014 1401 2075; x_wconf 84' lang='lat' dir='ltr'>venerabili</span> <span class='ocrx_word' id='word_1_434' title='bbox 1415 2016 1509 2091; x_wconf 88' lang='lat' dir='ltr'>patre</span> <span class='ocrx_word' id='word_1_435' title='bbox 1524 2016 1638 2076; x_wconf 90' lang='lat' dir='ltr'>nostro</span> <span class='ocrx_word' id='word_1_436' title='bbox 1655 2014 1720 2075; x_wconf 91' lang='lat' dir='ltr'>do-</span> 
     </span>
     <span class='ocr_line' id='line_1_65' title="bbox 920 2111 1721 2191; baseline 0 -19"><span class='ocrx_word' id='word_1_437' title='bbox 920 2112 1010 2173; x_wconf 92' lang='lat' dir='ltr'>mino</span> <span class='ocrx_word' id='word_1_438' title='bbox 1035 2111 1175 2173; x_wconf 89' lang='lat' dir='ltr'>Nicolao</span> <span class='ocrx_word' id='word_1_439' title='bbox 1199 2112 1388 2174; x_wconf 84' lang='lat' dir='ltr'>Tusculano</span> <span class='ocrx_word' id='word_1_440' title='bbox 1412 2112 1578 2191; x_wconf 77' lang='lat' dir='ltr'>episcopo,</span> <span class='ocrx_word' id='word_1_441' title='bbox 1611 2115 1721 2190; x_wconf 79' lang='lat' dir='ltr'>Apos-</span> 
     </span>
     <span class='ocr_line' id='line_1_66' title="bbox 919 2208 1720 2286; baseline 0.002 -15"><span class='ocrx_word' id='word_1_442' title='bbox 919 2210 1028 2271; x_wconf 85' lang='lat' dir='ltr'>tolicae</span> <span class='ocrx_word' id='word_1_443' title='bbox 1069 2208 1165 2271; x_wconf 88' lang='lat' dir='ltr'>Sedis</span> <span class='ocrx_word' id='word_1_444' title='bbox 1204 2211 1340 2286; x_wconf 85' lang='lat' dir='ltr'>Legato,</span> <span class='ocrx_word' id='word_1_445' title='bbox 1381 2209 1423 2270; x_wconf 89' lang='lat' dir='ltr'>ad</span> <span class='ocrx_word' id='word_1_446' title='bbox 1458 2225 1519 2271; x_wconf 90' lang='lat' dir='ltr'>nos</span> <span class='ocrx_word' id='word_1_447' title='bbox 1552 2210 1643 2273; x_wconf 81' lang='lat' dir='ltr'>venit</span> <span class='ocrx_word' id='word_1_448' title='bbox 1683 2211 1720 2273; x_wconf 90' lang='lat' dir='ltr'>in</span> 
     </span>
     <span class='ocr_line' id='line_1_67' title="bbox 919 2307 1723 2386; baseline 0 -15"><span class='ocrx_word' id='word_1_449' title='bbox 919 2308 1085 2384; x_wconf 73' lang='lat' dir='ltr'>angliam,</span> <span class='ocrx_word' id='word_1_450' title='bbox 1111 2307 1146 2368; x_wconf 92' lang='lat' dir='ltr'>in</span> <span class='ocrx_word' id='word_1_451' title='bbox 1170 2324 1288 2385; x_wconf 90' lang='lat' dir='ltr'>puram</span> <span class='ocrx_word' id='word_1_452' title='bbox 1309 2310 1342 2370; x_wconf 91' lang='lat' dir='ltr'>et</span> <span class='ocrx_word' id='word_1_453' title='bbox 1361 2309 1554 2386; x_wconf 90' lang='lat' dir='ltr'>perpetuam</span> <span class='ocrx_word' id='word_1_454' title='bbox 1573 2309 1723 2371; x_wconf 91' lang='lat' dir='ltr'>eleemo-</span> 
     </span>
     <span class='ocr_line' id='line_1_68' title="bbox 920 2405 1720 2484; baseline 0.001 -17"><span class='ocrx_word' id='word_1_455' title='bbox 920 2422 1060 2484; x_wconf 91' lang='lat' dir='ltr'>synam,</span> <span class='ocrx_word' id='word_1_456' title='bbox 1090 2405 1289 2467; x_wconf 86' lang='lat' dir='ltr'>benedoium</span> <span class='ocrx_word' id='word_1_457' title='bbox 1327 2406 1466 2483; x_wconf 90' lang='lat' dir='ltr'>triginta</span> <span class='ocrx_word' id='word_1_458' title='bbox 1507 2407 1720 2468; x_wconf 88' lang='lat' dir='ltr'>marcharum</span> 
     </span>
     <span class='ocr_line' id='line_1_69' title="bbox 920 2504 1720 2583; baseline 0.004 -18"><span class='ocrx_word' id='word_1_459' title='bbox 920 2505 1061 2581; x_wconf 90' lang='lat' dir='ltr'>singulis</span> <span class='ocrx_word' id='word_1_460' title='bbox 1074 2504 1172 2566; x_wconf 85' lang='lat' dir='ltr'>annis</span> <span class='ocrx_word' id='word_1_461' title='bbox 1183 2505 1470 2583; x_wconf 88' lang='lat' dir='ltr'>percipiendarum</span> <span class='ocrx_word' id='word_1_462' title='bbox 1487 2504 1528 2566; x_wconf 92' lang='lat' dir='ltr'>de</span> <span class='ocrx_word' id='word_1_463' title='bbox 1542 2505 1720 2568; x_wconf 84' lang='lat' dir='ltr'>medietate</span> 
     </span>
     <span class='ocr_line' id='line_1_70' title="bbox 919 2601 1717 2680; baseline 0.001 -16"><span class='ocrx_word' id='word_1_464' title='bbox 919 2603 1077 2664; x_wconf 85' lang='lat' dir='ltr'>Ecclesiae</span> <span class='ocrx_word' id='word_1_465' title='bbox 1097 2601 1138 2663; x_wconf 90' lang='lat' dir='ltr'>de</span> <span class='ocrx_word' id='word_1_466' title='bbox 1159 2601 1322 2663; x_wconf 88' lang='lat' dir='ltr'>Holcbam</span> <span class='ocrx_word' id='word_1_467' title='bbox 1344 2602 1379 2663; x_wconf 91' lang='lat' dir='ltr'>in</span> <span class='ocrx_word' id='word_1_468' title='bbox 1407 2603 1600 2680; x_wconf 89' lang='lat' dir='ltr'>episcopatu</span> <span class='ocrx_word' id='word_1_469' title='bbox 1622 2605 1717 2665; x_wconf 92' lang='lat' dir='ltr'>Nor-</span> 
     </span>
     <span class='ocr_line' id='line_1_71' title="bbox 919 2700 1718 2778; baseline 0.001 -16"><span class='ocrx_word' id='word_1_470' title='bbox 919 2701 1076 2772; x_wconf 71' lang='lat' dir='ltr'>wincen„</span> <span class='ocrx_word' id='word_1_471' title='bbox 1104 2716 1178 2778; x_wconf 89' lang='lat' dir='ltr'>quae</span> <span class='ocrx_word' id='word_1_472' title='bbox 1206 2700 1248 2761; x_wconf 92' lang='lat' dir='ltr'>de</span> <span class='ocrx_word' id='word_1_473' title='bbox 1275 2702 1389 2762; x_wconf 91' lang='lat' dir='ltr'>nostra</span> <span class='ocrx_word' id='word_1_474' title='bbox 1413 2702 1465 2761; x_wconf 91' lang='lat' dir='ltr'>est</span> <span class='ocrx_word' id='word_1_475' title='bbox 1488 2701 1718 2775; x_wconf 88' lang='lat' dir='ltr'>advocatione,</span> 
     </span>
     <span class='ocr_line' id='line_1_72' title="bbox 920 2798 1720 2876; baseline 0.001 -17"><span class='ocrx_word' id='word_1_476' title='bbox 920 2814 980 2876; x_wconf 89' lang='lat' dir='ltr'>per</span> <span class='ocrx_word' id='word_1_477' title='bbox 1001 2814 1137 2860; x_wconf 91' lang='lat' dir='ltr'>manum</span> <span class='ocrx_word' id='word_1_478' title='bbox 1165 2798 1392 2874; x_wconf 91' lang='lat' dir='ltr'>procuratoris</span> <span class='ocrx_word' id='word_1_479' title='bbox 1428 2799 1620 2861; x_wconf 91' lang='lat' dir='ltr'>eorumdem</span> <span class='ocrx_word' id='word_1_480' title='bbox 1655 2798 1720 2860; x_wconf 90' lang='lat' dir='ltr'>ab·</span> 
     </span>
     <span class='ocr_line' id='line_1_73' title="bbox 919 2895 1721 2974; baseline -0.001 -16"><span class='ocrx_word' id='word_1_481' title='bbox 919 2895 1006 2958; x_wconf 91' lang='lat' dir='ltr'>batis</span> <span class='ocrx_word' id='word_1_482' title='bbox 1023 2898 1056 2958; x_wconf 92' lang='lat' dir='ltr'>et</span> <span class='ocrx_word' id='word_1_483' title='bbox 1083 2896 1340 2970; x_wconf 88' lang='lat' dir='ltr'>monachorum,</span> <span class='ocrx_word' id='word_1_484' title='bbox 1362 2897 1521 2974; x_wconf 89' lang='lat' dir='ltr'>quemad</span> <span class='ocrx_word' id='word_1_485' title='bbox 1543 2897 1607 2959; x_wconf 90' lang='lat' dir='ltr'>hoo</span> <span class='ocrx_word' id='word_1_486' title='bbox 1633 2898 1721 2959; x_wconf 90' lang='lat' dir='ltr'>assi-</span> 
     </span>
     <span class='ocr_line' id='line_1_74' title="bbox 919 2994 1722 3073; baseline 0.002 -18"><span class='ocrx_word' id='word_1_487' title='bbox 919 2995 1116 3071; x_wconf 86' lang='lat' dir='ltr'>gnaverint;</span> <span class='ocrx_word' id='word_1_488' title='bbox 1152 2995 1200 3056; x_wconf 91' lang='lat' dir='ltr'>ita</span> <span class='ocrx_word' id='word_1_489' title='bbox 1239 2994 1326 3072; x_wconf 90' lang='lat' dir='ltr'>quod</span> <span class='ocrx_word' id='word_1_490' title='bbox 1360 2994 1559 3073; x_wconf 88' lang='lat' dir='ltr'>quicumque</span> <span class='ocrx_word' id='word_1_491' title='bbox 1593 2994 1722 3057; x_wconf 88' lang='lat' dir='ltr'>medie-</span> 
     </span>
     <span class='ocr_line' id='line_1_75' title="bbox 919 3090 1720 3164; baseline -0.002 -9"><span class='ocrx_word' id='word_1_492' title='bbox 919 3094 1022 3155; x_wconf 88' lang='lat' dir='ltr'>tatem</span> <span class='ocrx_word' id='word_1_493' title='bbox 1042 3091 1137 3153; x_wconf 90' lang='lat' dir='ltr'>illam</span> <span class='ocrx_word' id='word_1_494' title='bbox 1158 3092 1321 3164; x_wconf 88' lang='lat' dir='ltr'>tenuerit,</span> <span class='ocrx_word' id='word_1_495' title='bbox 1346 3090 1458 3154; x_wconf 91' lang='lat' dir='ltr'>abbati</span> <span class='ocrx_word' id='word_1_496' title='bbox 1487 3093 1521 3154; x_wconf 90' lang='lat' dir='ltr'>et</span> <span class='ocrx_word' id='word_1_497' title='bbox 1545 3091 1720 3154; x_wconf 88' lang='lat' dir='ltr'>monachis</span> 
     </span>
     <span class='ocr_line' id='line_1_76' title="bbox 920 3189 1721 3269; baseline 0 -17"><span class='ocrx_word' id='word_1_498' title='bbox 920 3190 1071 3269; x_wconf 86' lang='lat' dir='ltr'>praedicti</span> <span class='ocrx_word' id='word_1_499' title='bbox 1090 3189 1285 3252; x_wconf 88' lang='lat' dir='ltr'>monasterii</span> <span class='ocrx_word' id='word_1_500' title='bbox 1308 3189 1445 3266; x_wconf 88' lang='lat' dir='ltr'>triginta</span> <span class='ocrx_word' id='word_1_501' title='bbox 1462 3192 1628 3263; x_wconf 85' lang='lat' dir='ltr'>marchas,</span> <span class='ocrx_word' id='word_1_502' title='bbox 1646 3191 1721 3252; x_wconf 92' lang='lat' dir='ltr'>sin-</span> 
     </span>
     <span class='ocr_line' id='line_1_77' title="bbox 920 3289 1719 3366; baseline 0.004 -18"><span class='ocrx_word' id='word_1_503' title='bbox 920 3289 1008 3366; x_wconf 90' lang='lat' dir='ltr'>gulis</span> <span class='ocrx_word' id='word_1_504' title='bbox 1020 3289 1129 3361; x_wconf 90' lang='lat' dir='ltr'>annis,</span> <span class='ocrx_word' id='word_1_505' title='bbox 1142 3304 1203 3365; x_wconf 88' lang='lat' dir='ltr'>per</span> <span class='ocrx_word' id='word_1_506' title='bbox 1211 3303 1347 3348; x_wconf 91' lang='lat' dir='ltr'>manum</span> <span class='ocrx_word' id='word_1_507' title='bbox 1352 3289 1580 3364; x_wconf 90' lang='lat' dir='ltr'>procuratoris</span> <span class='ocrx_word' id='word_1_508' title='bbox 1588 3304 1719 3362; x_wconf 92' lang='lat' dir='ltr'>eorum,</span> 
     </span>
     <span class='ocr_line' id='line_1_78' title="bbox 920 3385 1719 3457; baseline 0 -9"><span class='ocrx_word' id='word_1_509' title='bbox 920 3389 994 3448; x_wconf 90' lang='lat' dir='ltr'>sine</span> <span class='ocrx_word' id='word_1_510' title='bbox 1008 3387 1097 3448; x_wconf 93' lang='lat' dir='ltr'>omni</span> <span class='ocrx_word' id='word_1_511' title='bbox 1115 3385 1309 3448; x_wconf 74' lang='lat' dir='ltr'>difficultate</span> <span class='ocrx_word' id='word_1_512' title='bbox 1327 3389 1361 3448; x_wconf 87' lang='lat' dir='ltr'>et</span> <span class='ocrx_word' id='word_1_513' title='bbox 1385 3387 1572 3457; x_wconf 89' lang='lat' dir='ltr'>occasione,</span> <span class='ocrx_word' id='word_1_514' title='bbox 1589 3387 1631 3449; x_wconf 92' lang='lat' dir='ltr'>ad</span> <span class='ocrx_word' id='word_1_515' title='bbox 1645 3389 1719 3450; x_wconf 89' lang='lat' dir='ltr'>ter-</span> 
     </span>
     <span class='ocr_line' id='line_1_79' title="bbox 920 3483 1722 3563; baseline 0 -17"><span class='ocrx_word' id='word_1_516' title='bbox 920 3485 1046 3546; x_wconf 90' lang='lat' dir='ltr'>minum</span> <span class='ocrx_word' id='word_1_517' title='bbox 1062 3483 1181 3562; x_wconf 86' lang='lat' dir='ltr'>synodi</span> <span class='ocrx_word' id='word_1_518' title='bbox 1207 3483 1381 3545; x_wconf 91' lang='lat' dir='ltr'>Paschalis</span> <span class='ocrx_word' id='word_1_519' title='bbox 1406 3485 1620 3547; x_wconf 84' lang='lat' dir='ltr'>Norwincen.</span> <span class='ocrx_word' id='word_1_520' title='bbox 1641 3501 1722 3563; x_wconf 91' lang='lat' dir='ltr'>per·</span> 
     </span>
     <span class='ocr_line' id='line_1_80' title="bbox 921 3580 1716 3662; baseline 0.001 -19"><span class='ocrx_word' id='word_1_521' title='bbox 921 3582 1037 3645; x_wconf 78' lang='lat' dir='ltr'>solvat.</span> <span class='ocrx_word' id='word_1_522' title='bbox 1055 3584 1164 3654; x_wconf 88' lang='lat' dir='ltr'>Quare</span> <span class='ocrx_word' id='word_1_523' title='bbox 1178 3580 1332 3643; x_wconf 79' lang='lat' dir='ltr'>volumus</span> <span class='ocrx_word' id='word_1_524' title='bbox 1355 3582 1389 3643; x_wconf 90' lang='lat' dir='ltr'>et</span> <span class='ocrx_word' id='word_1_525' title='bbox 1402 3580 1542 3644; x_wconf 86' lang='lat' dir='ltr'>firmiter</span> <span class='ocrx_word' id='word_1_526' title='bbox 1556 3583 1716 3662; x_wconf 84' lang='lat' dir='ltr'>praecipi-</span> 
     </span>
     <span class='ocr_line' id='line_1_81' title="bbox 921 3678 1720 3757; baseline 0.001 -16"><span class='ocrx_word' id='word_1_527' title='bbox 921 3697 1005 3753; x_wconf 93' lang='lat' dir='ltr'>mus,</span> <span class='ocrx_word' id='word_1_528' title='bbox 1049 3679 1135 3757; x_wconf 91' lang='lat' dir='ltr'>quod</span> <span class='ocrx_word' id='word_1_529' title='bbox 1171 3678 1273 3739; x_wconf 91' lang='lat' dir='ltr'>abbas</span> <span class='ocrx_word' id='word_1_530' title='bbox 1304 3678 1337 3740; x_wconf 91' lang='lat' dir='ltr'>et</span> <span class='ocrx_word' id='word_1_531' title='bbox 1375 3679 1531 3740; x_wconf 88' lang='lat' dir='ltr'>monachi</span> <span class='ocrx_word' id='word_1_532' title='bbox 1569 3680 1720 3757; x_wconf 88' lang='lat' dir='ltr'>praedicti</span> 
     </span>
     <span class='ocr_line' id='line_1_82' title="bbox 920 3775 1721 3853; baseline -0.001 -14"><span class='ocrx_word' id='word_1_533' title='bbox 920 3776 1114 3839; x_wconf 91' lang='lat' dir='ltr'>monasterii</span> <span class='ocrx_word' id='word_1_534' title='bbox 1135 3775 1281 3838; x_wconf 90' lang='lat' dir='ltr'>habeant</span> <span class='ocrx_word' id='word_1_535' title='bbox 1301 3776 1552 3853; x_wconf 90' lang='lat' dir='ltr'>inperpetuum</span> <span class='ocrx_word' id='word_1_536' title='bbox 1574 3777 1721 3853; x_wconf 89' lang='lat' dir='ltr'>praedic-</span> 
     </span>
     <span class='ocr_line' id='line_1_83' title="bbox 919 3871 1719 3948; baseline -0.001 -11"><span class='ocrx_word' id='word_1_537' title='bbox 919 3878 990 3938; x_wconf 92' lang='lat' dir='ltr'>tum</span> <span class='ocrx_word' id='word_1_538' title='bbox 1018 3873 1216 3935; x_wconf 84' lang='lat' dir='ltr'>beneficium</span> <span class='ocrx_word' id='word_1_539' title='bbox 1255 3871 1393 3948; x_wconf 89' lang='lat' dir='ltr'>triginta</span> <span class='ocrx_word' id='word_1_540' title='bbox 1429 3872 1643 3935; x_wconf 87' lang='lat' dir='ltr'>marcharum</span> <span class='ocrx_word' id='word_1_541' title='bbox 1678 3874 1719 3936; x_wconf 90' lang='lat' dir='ltr'>ds</span> 
     </span>
     <span class='ocr_line' id='line_1_84' title="bbox 920 3969 1720 4053; baseline -0.001 -18"><span class='ocrx_word' id='word_1_542' title='bbox 920 3972 1079 4053; x_wconf 89' lang='lat' dir='ltr'>praedicta</span> <span class='ocrx_word' id='word_1_543' title='bbox 1094 3970 1270 4033; x_wconf 87' lang='lat' dir='ltr'>medietate</span> <span class='ocrx_word' id='word_1_544' title='bbox 1291 3970 1384 4032; x_wconf 88' lang='lat' dir='ltr'>iilius</span> <span class='ocrx_word' id='word_1_545' title='bbox 1397 3969 1560 4041; x_wconf 85' lang='lat' dir='ltr'>ecclesiae,</span> <span class='ocrx_word' id='word_1_546' title='bbox 1582 3970 1667 4033; x_wconf 90' lang='lat' dir='ltr'>bene</span> <span class='ocrx_word' id='word_1_547' title='bbox 1685 3974 1720 4035; x_wconf 90' lang='lat' dir='ltr'>et</span> 
     </span>
    </p>
   </div>
   <div class='ocr_carea' id='block_1_7' title="bbox 920 4156 1722 4376">
    <p class='ocr_par' dir='ltr' id='par_1_8' title="bbox 920 4156 1722 4376">
     <span class='ocr_line' id='line_1_85' title="bbox 921 4156 1721 4242; baseline -0.004 -22"><span class='ocrx_word' id='word_1_548' title='bbox 921 4162 1038 4234; x_wconf 87' lang='lat' dir='ltr'>triginta</span> <span class='ocrx_word' id='word_1_549' title='bbox 1059 4156 1244 4217; x_wconf 88' lang='lat' dir='ltr'>marcharum</span> <span class='ocrx_word' id='word_1_550' title='bbox 1269 4172 1393 4228; x_wconf 88' lang='lat' dir='ltr'>summa,</span> <span class='ocrx_word' id='word_1_551' title='bbox 1420 4172 1485 4242; x_wconf 77' lang='lat' dir='ltr'>qua</span> <span class='ocrx_word' id='word_1_552' title='bbox 1516 4172 1553 4216; x_wconf 86' lang='lat' dir='ltr'>ex</span> <span class='ocrx_word' id='word_1_553' title='bbox 1580 4158 1721 4242; x_wconf 81' lang='lat' dir='ltr'>beneflcio</span> 
     </span>
     <span class='ocr_line' id='line_1_86' title="bbox 920 4228 1713 4305; baseline -0.003 -13"><span class='ocrx_word' id='word_1_554' title='bbox 920 4233 1050 4292; x_wconf 83' lang='lat' dir='ltr'>ecclesie</span> <span class='ocrx_word' id='word_1_555' title='bbox 1065 4230 1101 4288; x_wconf 89' lang='lat' dir='ltr'>de</span> <span class='ocrx_word' id='word_1_556' title='bbox 1121 4228 1262 4288; x_wconf 85' lang='lat' dir='ltr'>Holcbam</span> <span class='ocrx_word' id='word_1_557' title='bbox 1280 4237 1456 4289; x_wconf 81' lang='lat' dir='ltr'>monasterio</span> <span class='ocrx_word' id='word_1_558' title='bbox 1471 4230 1500 4288; x_wconf 90' lang='lat' dir='ltr'>S.</span> <span class='ocrx_word' id='word_1_559' title='bbox 1521 4232 1636 4289; x_wconf 76' lang='lat' dir='ltr'>Martini</span> <span class='ocrx_word' id='word_1_560' title='bbox 1654 4246 1713 4305; x_wconf 92' lang='lat' dir='ltr'>quo</span> 
     </span>
     <span class='ocr_line' id='line_1_87' title="bbox 921 4301 1722 4376; baseline -0.001 -13"><span class='ocrx_word' id='word_1_561' title='bbox 921 4305 1016 4363; x_wconf 90' lang='lat' dir='ltr'>tannis</span> <span class='ocrx_word' id='word_1_562' title='bbox 1030 4301 1210 4371; x_wconf 87' lang='lat' dir='ltr'>obveniebat,</span> <span class='ocrx_word' id='word_1_563' title='bbox 1230 4301 1318 4357; x_wconf 87' lang='lat' dir='ltr'>scutis</span> <span class='ocrx_word' id='word_1_564' title='bbox 1336 4301 1474 4359; x_wconf 86' lang='lat' dir='ltr'>Romanis</span> <span class='ocrx_word' id='word_1_565' title='bbox 1488 4304 1634 4376; x_wconf 81' lang='lat' dir='ltr'>argenteis</span> <span class='ocrx_word' id='word_1_566' title='bbox 1646 4310 1722 4362; x_wconf 87' lang='lat' dir='ltr'>octo·</span> 
     </span>
    </p>
   </div>
   <div class='ocr_carea' id='block_1_8' title="bbox 921 4371 1295 4503">
    <p class='ocr_par' dir='ltr' id='par_1_9' title="bbox 921 4371 1295 4503">
     <span class='ocr_line' id='line_1_88' title="bbox 921 4371 1295 4503; baseline -0.008 -70"><span class='ocrx_word' id='word_1_567' title='bbox 921 4378 1002 4451; x_wconf 84' lang='lat' dir='ltr'>ginta</span> <span class='ocrx_word' id='word_1_568' title='bbox 1014 4389 1048 4431; x_wconf 91' lang='lat' dir='ltr'>ac</span> <span class='ocrx_word' id='word_1_569' title='bbox 1059 4388 1118 4431; x_wconf 93' lang='lat' dir='ltr'>uno</span> <span class='ocrx_word' id='word_1_570' title='bbox 1133 4371 1295 4503; x_wconf 59' lang='lat' dir='ltr'>respondet.</span> 
     </span>
    </p>
   </div>
   <div class='ocr_carea' id='block_1_9' title="bbox 919 4443 1720 5652">
    <p class='ocr_par' dir='ltr' id='par_1_10' title="bbox 919 4443 1720 5652">
     <span class='ocr_line' id='line_1_89' title="bbox 957 4443 1719 4520; baseline -0.001 -16"><span class='ocrx_word' id='word_1_571' title='bbox 957 4447 994 4520; x_wconf 86' lang='lat' dir='ltr'>(c)</span> <span class='ocrx_word' id='word_1_572' title='bbox 1013 4447 1082 4515; x_wconf 81' lang='lat' dir='ltr'>Qum</span> <span class='ocrx_word' id='word_1_573' title='bbox 1100 4443 1154 4502; x_wconf 89' lang='lat' dir='ltr'>sub</span> <span class='ocrx_word' id='word_1_574' title='bbox 1195 4444 1347 4501; x_wconf 85' lang='lat' dir='ltr'>uuocemio</span> <span class='ocrx_word' id='word_1_575' title='bbox 1367 4445 1408 4502; x_wconf 88' lang='lat'>111</span> <span class='ocrx_word' id='word_1_576' title='bbox 1432 4450 1515 4517; x_wconf 87' lang='lat' dir='ltr'>gesta</span> <span class='ocrx_word' id='word_1_577' title='bbox 1539 4451 1615 4513; x_wconf 89' lang='lat' dir='ltr'>sunt,</span> <span class='ocrx_word' id='word_1_578' title='bbox 1640 4445 1719 4504; x_wconf 90' lang='lat' dir='ltr'>Bulla</span> 
     </span>
     <span class='ocr_line' id='line_1_90' title="bbox 920 4515 1719 4584; baseline -0.003 -9"><span class='ocrx_word' id='word_1_579' title='bbox 920 4524 1061 4575; x_wconf 82' lang='lat' dir='ltr'>recenset.</span> <span class='ocrx_word' id='word_1_580' title='bbox 1087 4519 1175 4573; x_wconf 89' lang='lat' dir='ltr'>Porro</span> <span class='ocrx_word' id='word_1_581' title='bbox 1202 4516 1255 4572; x_wconf 92' lang='lat' dir='ltr'>sub</span> <span class='ocrx_word' id='word_1_582' title='bbox 1274 4515 1442 4573; x_wconf 88' lang='lat' dir='ltr'>Innocentio</span> <span class='ocrx_word' id='word_1_583' title='bbox 1464 4515 1611 4584; x_wconf 85' lang='lat' dir='ltr'>Pontissoe,</span> <span class='ocrx_word' id='word_1_584' title='bbox 1636 4516 1719 4573; x_wconf 84' lang='lat' dir='ltr'>Nico</span> 
     </span>
     <span class='ocr_line' id='line_1_91' title="bbox 919 4585 1717 4659; baseline -0.004 -13"><span class='ocrx_word' id='word_1_585' title='bbox 919 4590 996 4647; x_wconf 89' lang='lat' dir='ltr'>laum</span> <span class='ocrx_word' id='word_1_586' title='bbox 1013 4588 1049 4645; x_wconf 90' lang='lat' dir='ltr'>de</span> <span class='ocrx_word' id='word_1_587' title='bbox 1069 4586 1206 4644; x_wconf 86' lang='lat' dir='ltr'>Romanis</span> <span class='ocrx_word' id='word_1_588' title='bbox 1229 4586 1395 4659; x_wconf 89' lang='lat' dir='ltr'>episcopum</span> <span class='ocrx_word' id='word_1_589' title='bbox 1415 4585 1618 4652; x_wconf 85' lang='lat' dir='ltr'>Tusculanum,</span> <span class='ocrx_word' id='word_1_590' title='bbox 1638 4586 1666 4641; x_wconf 87' lang='lat' dir='ltr'>S.</span> <span class='ocrx_word' id='word_1_591' title='bbox 1683 4587 1717 4643; x_wconf 87' lang='lat' dir='ltr'>R.</span> 
     </span>
     <span class='ocr_line' id='line_1_92' title="bbox 920 4655 1720 4728; baseline -0.008 -10"><span class='ocrx_word' id='word_1_592' title='bbox 920 4663 953 4718; x_wconf 79' lang='lat' dir='ltr'>ld.</span> <span class='ocrx_word' id='word_1_593' title='bbox 970 4659 1156 4726; x_wconf 84' lang='lat' dir='ltr'>cardinalem,</span> <span class='ocrx_word' id='word_1_594' title='bbox 1172 4663 1258 4727; x_wconf 88' lang='lat' dir='ltr'>atque</span> <span class='ocrx_word' id='word_1_595' title='bbox 1281 4657 1311 4711; x_wconf 90' lang='lat' dir='ltr'>in</span> <span class='ocrx_word' id='word_1_596' title='bbox 1329 4655 1432 4728; x_wconf 69' lang='lat' dir='ltr'>anglia</span> <span class='ocrx_word' id='word_1_597' title='bbox 1448 4655 1529 4713; x_wconf 88' lang='lat' dir='ltr'>Sedis</span> <span class='ocrx_word' id='word_1_598' title='bbox 1547 4655 1720 4727; x_wconf 67' lang='lat' dir='ltr'>apostolice</span> 
     </span>
     <span class='ocr_line' id='line_1_93' title="bbox 919 4725 1717 4804; baseline -0.009 -15"><span class='ocrx_word' id='word_1_599' title='bbox 919 4732 1057 4804; x_wconf 88' lang='lat' dir='ltr'>legatum,</span> <span class='ocrx_word' id='word_1_600' title='bbox 1069 4729 1151 4784; x_wconf 87' lang='lat' dir='ltr'>nobis</span> <span class='ocrx_word' id='word_1_601' title='bbox 1163 4726 1278 4783; x_wconf 79' lang='lat' dir='ltr'>exhibet</span> <span class='ocrx_word' id='word_1_602' title='bbox 1287 4727 1419 4784; x_wconf 79' lang='lat' dir='ltr'>Ciaccoo.</span> <span class='ocrx_word' id='word_1_603' title='bbox 1433 4728 1503 4783; x_wconf 84' lang='lat' dir='ltr'>tom.</span> <span class='ocrx_word' id='word_1_604' title='bbox 1520 4725 1663 4794; x_wconf 90' lang='lat' dir='ltr'>ll,colum.</span> <span class='ocrx_word' id='word_1_605' title='bbox 1671 4726 1717 4784; x_wconf 77' lang='lat' dir='ltr'>ii.</span> 
     </span>
     <span class='ocr_line' id='line_1_94' title="bbox 921 4796 1717 4871; baseline -0.005 -11"><span class='ocrx_word' id='word_1_606' title='bbox 921 4805 1003 4861; x_wconf 85' lang='lat' dir='ltr'>Hunc</span> <span class='ocrx_word' id='word_1_607' title='bbox 1018 4802 1025 4857; x_wconf 93' lang='lat' dir='ltr'>i</span> <span class='ocrx_word' id='word_1_608' title='bbox 1049 4801 1114 4869; x_wconf 90' lang='lat' dir='ltr'>itur,</span> <span class='ocrx_word' id='word_1_609' title='bbox 1128 4802 1180 4855; x_wconf 87' lang='lat' dir='ltr'>etsi</span> <span class='ocrx_word' id='word_1_610' title='bbox 1191 4811 1297 4854; x_wconf 88' lang='lat' dir='ltr'>nomeu</span> <span class='ocrx_word' id='word_1_611' title='bbox 1306 4802 1409 4864; x_wconf 84' lang='lat' dir='ltr'>taceat,</span> <span class='ocrx_word' id='word_1_612' title='bbox 1421 4796 1562 4852; x_wconf 79' lang='lat' dir='ltr'>honorius</span> <span class='ocrx_word' id='word_1_613' title='bbox 1574 4796 1717 4871; x_wconf 85' lang='lat' dir='ltr'>intelligit.</span> 
     </span>
     <span class='ocr_line' id='line_1_95' title="bbox 933 4866 1718 4947; baseline -0.003 -19"><span class='ocrx_word' id='word_1_614' title='bbox 933 4882 937 4887; x_wconf 85' lang='lat'>·</span> <span class='ocrx_word' id='word_1_615' title='bbox 957 4873 999 4947; x_wconf 85' lang='lat' dir='ltr'>(d)</span> <span class='ocrx_word' id='word_1_616' title='bbox 1044 4869 1138 4936; x_wconf 88' lang='lat' dir='ltr'>adem,</span> <span class='ocrx_word' id='word_1_617' title='bbox 1152 4882 1238 4941; x_wconf 85' lang='lat' dir='ltr'>quarn</span> <span class='ocrx_word' id='word_1_618' title='bbox 1251 4881 1336 4939; x_wconf 92' lang='lat' dir='ltr'>supra</span> <span class='ocrx_word' id='word_1_619' title='bbox 1350 4867 1504 4934; x_wconf 89' lang='lat' dir='ltr'>innuimus,</span> <span class='ocrx_word' id='word_1_620' title='bbox 1525 4866 1629 4923; x_wconf 88' lang='lat' dir='ltr'>militat</span> <span class='ocrx_word' id='word_1_621' title='bbox 1643 4870 1718 4926; x_wconf 90' lang='lat' dir='ltr'>ratio</span> 
     </span>
     <span class='ocr_line' id='line_1_96' title="bbox 920 4937 1719 5019; baseline -0.005 -17"><span class='ocrx_word' id='word_1_622' title='bbox 920 4943 956 5002; x_wconf 90' lang='lat' dir='ltr'>ab</span> <span class='ocrx_word' id='word_1_623' title='bbox 984 4941 1143 5002; x_wconf 86' lang='lat' dir='ltr'>iunocentii</span> <span class='ocrx_word' id='word_1_624' title='bbox 1167 4941 1208 4996; x_wconf 91' lang='lat' dir='ltr'>lll</span> <span class='ocrx_word' id='word_1_625' title='bbox 1234 4945 1318 4995; x_wconf 81' lang='lat' dir='ltr'>etate</span> <span class='ocrx_word' id='word_1_626' title='bbox 1346 4937 1444 5019; x_wconf 78' lang='lat' dir='ltr'>petita.</span> <span class='ocrx_word' id='word_1_627' title='bbox 1471 4939 1616 5009; x_wconf 80' lang='lat' dir='ltr'>beneticii,</span> <span class='ocrx_word' id='word_1_628' title='bbox 1642 4939 1719 5012; x_wconf 94' lang='lat' dir='ltr'>quod</span> 
     </span>
     <span class='ocr_line' id='line_1_97' title="bbox 919 5008 1719 5079; baseline -0.005 -6"><span class='ocrx_word' id='word_1_629' title='bbox 919 5015 1000 5074; x_wconf 92' lang='lat' dir='ltr'>Bulla</span> <span class='ocrx_word' id='word_1_630' title='bbox 1014 5016 1232 5079; x_wconf 88' lang='lat' dir='ltr'>commemorat,</span> <span class='ocrx_word' id='word_1_631' title='bbox 1250 5022 1410 5078; x_wconf 82' lang='lat' dir='ltr'>concessio,</span> <span class='ocrx_word' id='word_1_632' title='bbox 1427 5008 1463 5066; x_wconf 92' lang='lat' dir='ltr'>ad</span> <span class='ocrx_word' id='word_1_633' title='bbox 1485 5024 1592 5067; x_wconf 86' lang='lat' dir='ltr'>aueum</span> <span class='ocrx_word' id='word_1_634' title='bbox 1607 5010 1719 5069; x_wconf 89' lang='lat' dir='ltr'>circiter</span> 
     </span>
     <span class='ocr_line' id='line_1_98' title="bbox 920 5079 1719 5150; baseline -0.005 -7"><span class='ocrx_word' id='word_1_635' title='bbox 920 5086 1064 5143; x_wconf 90' lang='lat' dir='ltr'>decimum</span> <span class='ocrx_word' id='word_1_636' title='bbox 1097 5088 1231 5139; x_wconf 86' lang='lat' dir='ltr'>octavum</span> <span class='ocrx_word' id='word_1_637' title='bbox 1268 5079 1452 5138; x_wconf 81' lang='lat' dir='ltr'>Pontificatus</span> <span class='ocrx_word' id='word_1_638' title='bbox 1484 5082 1654 5150; x_wconf 88' lang='lat' dir='ltr'>innocentii,</span> <span class='ocrx_word' id='word_1_639' title='bbox 1686 5089 1719 5139; x_wconf 88' lang='lat' dir='ltr'>ut</span> 
     </span>
     <span class='ocr_line' id='line_1_99' title="bbox 921 5151 1718 5220; baseline -0.006 -6"><span class='ocrx_word' id='word_1_640' title='bbox 921 5156 992 5213; x_wconf 88' lang='lat' dir='ltr'>inira</span> <span class='ocrx_word' id='word_1_641' title='bbox 1005 5152 1276 5220; x_wconf 88' lang='lat' dir='ltr'>demonstrabimus,</span> <span class='ocrx_word' id='word_1_642' title='bbox 1296 5151 1456 5208; x_wconf 87' lang='lat' dir='ltr'>revocanda</span> <span class='ocrx_word' id='word_1_643' title='bbox 1476 5158 1530 5208; x_wconf 88' lang='lat' dir='ltr'>est.</span> <span class='ocrx_word' id='word_1_644' title='bbox 1547 5154 1607 5209; x_wconf 89' lang='lat' dir='ltr'>lloc</span> <span class='ocrx_word' id='word_1_645' title='bbox 1622 5161 1718 5210; x_wconf 86' lang='lat' dir='ltr'>autem</span> 
     </span>
     <span class='ocr_line' id='line_1_100' title="bbox 919 5223 1717 5300; baseline -0.008 -14"><span class='ocrx_word' id='word_1_646' title='bbox 919 5231 1150 5300; x_wconf 67' lang='lat' dir='ltr'>temporaneae</span> <span class='ocrx_word' id='word_1_647' title='bbox 1171 5223 1277 5280; x_wconf 88' lang='lat' dir='ltr'>certius</span> <span class='ocrx_word' id='word_1_648' title='bbox 1295 5223 1507 5282; x_wconf 73' lang='lat' dir='ltr'>cantuariensis</span> <span class='ocrx_word' id='word_1_649' title='bbox 1521 5223 1642 5280; x_wconf 88' lang='lat' dir='ltr'>ecclesia</span> <span class='ocrx_word' id='word_1_650' title='bbox 1655 5225 1717 5280; x_wconf 87' lang='lat' dir='ltr'>Ste-</span> 
     </span>
     <span class='ocr_line' id='line_1_101' title="bbox 920 5293 1718 5373; baseline -0.006 -16"><span class='ocrx_word' id='word_1_651' title='bbox 920 5298 1016 5373; x_wconf 88' lang='lat' dir='ltr'>phano</span> <span class='ocrx_word' id='word_1_652' title='bbox 1043 5293 1214 5368; x_wconf 83' lang='lat' dir='ltr'>bangthouo</span> <span class='ocrx_word' id='word_1_653' title='bbox 1240 5293 1382 5351; x_wconf 80' lang='lat' dir='ltr'>cardinali</span> <span class='ocrx_word' id='word_1_654' title='bbox 1411 5294 1439 5351; x_wconf 91' lang='lat' dir='ltr'>S.</span> <span class='ocrx_word' id='word_1_655' title='bbox 1473 5293 1651 5367; x_wconf 82' lang='lat' dir='ltr'>Chrysogoni</span> <span class='ocrx_word' id='word_1_656' title='bbox 1682 5293 1718 5352; x_wconf 90' lang='lat' dir='ltr'>ab</span> 
     </span>
     <span class='ocr_line' id='line_1_102' title="bbox 920 5362 1719 5428; baseline -0.009 0"><span class='ocrx_word' id='word_1_657' title='bbox 920 5369 1022 5428; x_wconf 86' lang='lat' dir='ltr'>eodem</span> <span class='ocrx_word' id='word_1_658' title='bbox 1046 5366 1213 5425; x_wconf 86' lang='lat' dir='ltr'>innocentio</span> <span class='ocrx_word' id='word_1_659' title='bbox 1232 5364 1369 5422; x_wconf 87' lang='lat' dir='ltr'>Pontitica</span> <span class='ocrx_word' id='word_1_660' title='bbox 1395 5362 1488 5421; x_wconf 83' lang='lat' dir='ltr'>iuerat</span> <span class='ocrx_word' id='word_1_661' title='bbox 1515 5365 1627 5421; x_wconf 88' lang='lat' dir='ltr'>collata.</span> <span class='ocrx_word' id='word_1_662' title='bbox 1657 5365 1719 5422; x_wconf 87' lang='lat' dir='ltr'>Nec</span> 
     </span>
     <span class='ocr_line' id='line_1_103' title="bbox 920 5434 1718 5510; baseline -0.009 -11"><span class='ocrx_word' id='word_1_663' title='bbox 920 5442 1003 5510; x_wconf 89' lang='lat' dir='ltr'>alius,</span> <span class='ocrx_word' id='word_1_664' title='bbox 1015 5438 1183 5497; x_wconf 88' lang='lat' dir='ltr'>innocentio</span> <span class='ocrx_word' id='word_1_665' title='bbox 1195 5437 1358 5508; x_wconf 86' lang='lat' dir='ltr'>superstite,</span> <span class='ocrx_word' id='word_1_666' title='bbox 1373 5434 1463 5508; x_wconf 86' lang='lat' dir='ltr'>potuit</span> <span class='ocrx_word' id='word_1_667' title='bbox 1476 5435 1504 5490; x_wconf 90' lang='lat' dir='ltr'>io</span> <span class='ocrx_word' id='word_1_668' title='bbox 1519 5434 1718 5506; x_wconf 73' lang='lat' dir='ltr'>archiepisco·</span> 
     </span>
     <span class='ocr_line' id='line_1_104' title="bbox 920 5504 1717 5585; baseline -0.008 -16"><span class='ocrx_word' id='word_1_669' title='bbox 920 5527 988 5585; x_wconf 89' lang='lat' dir='ltr'>pum</span> <span class='ocrx_word' id='word_1_670' title='bbox 1005 5508 1169 5584; x_wconf 83' lang='lat' dir='ltr'>designari3</span> <span class='ocrx_word' id='word_1_671' title='bbox 1188 5522 1275 5581; x_wconf 91' lang='lat' dir='ltr'>quum</span> <span class='ocrx_word' id='word_1_672' title='bbox 1295 5505 1432 5579; x_wconf 88' lang='lat' dir='ltr'>Stephani</span> <span class='ocrx_word' id='word_1_673' title='bbox 1454 5504 1515 5562; x_wconf 88' lang='lat' dir='ltr'>dies</span> <span class='ocrx_word' id='word_1_674' title='bbox 1539 5506 1717 5579; x_wconf 87' lang='lat' dir='ltr'>emortualis,</span> 
     </span>
     <span class='ocr_line' id='line_1_105' title="bbox 919 5575 1720 5652; baseline -0.005 -11"><span class='ocrx_word' id='word_1_675' title='bbox 919 5582 1069 5643; x_wconf 78' lang='lat' dir='ltr'>ciacconio</span> <span class='ocrx_word' id='word_1_676' title='bbox 1081 5587 1153 5638; x_wconf 86' lang='lat' dir='ltr'>teste</span> <span class='ocrx_word' id='word_1_677' title='bbox 1166 5579 1194 5635; x_wconf 93' lang='lat' dir='ltr'>in</span> <span class='ocrx_word' id='word_1_678' title='bbox 1210 5580 1263 5635; x_wconf 90' lang='lat' dir='ltr'>loc.</span> <span class='ocrx_word' id='word_1_679' title='bbox 1285 5591 1347 5650; x_wconf 92' lang='lat' dir='ltr'>sup.</span> <span class='ocrx_word' id='word_1_680' title='bbox 1364 5577 1425 5644; x_wconf 83' lang='lat' dir='ltr'>cit,</span> <span class='ocrx_word' id='word_1_681' title='bbox 1436 5575 1560 5634; x_wconf 85' lang='lat' dir='ltr'>column.</span> <span class='ocrx_word' id='word_1_682' title='bbox 1578 5577 1637 5647; x_wconf 70' lang='lat'>32„</span> <span class='ocrx_word' id='word_1_683' title='bbox 1654 5586 1720 5652; x_wconf 88' lang='lat' dir='ltr'>post</span> 
     </span>
    </p>
   </div>
   <div class='ocr_carea' id='block_1_10' title="bbox 920 5646 1498 5713">
    <p class='ocr_par' dir='ltr' id='par_1_11' title="bbox 920 5646 1498 5713">
     <span class='ocr_line' id='line_1_106' title="bbox 920 5646 1498 5713; baseline -0.017 0"><span class='ocrx_word' id='word_1_684' title='bbox 920 5653 1040 5713; x_wconf 82' lang='lat' dir='ltr'>honorii</span> <span class='ocrx_word' id='word_1_685' title='bbox 1054 5653 1095 5712; x_wconf 86' lang='lat'>111</span> <span class='ocrx_word' id='word_1_686' title='bbox 1107 5650 1277 5709; x_wconf 85' lang='lat' dir='ltr'>electionem</span> <span class='ocrx_word' id='word_1_687' title='bbox 1288 5646 1438 5706; x_wconf 88' lang='lat' dir='ltr'>statuenda</span> <span class='ocrx_word' id='word_1_688' title='bbox 1453 5646 1498 5704; x_wconf 90' lang='lat' dir='ltr'>sit.</span> 
     </span>
    </p>
   </div>
   <div class='ocr_carea' id='block_1_11' title="bbox 0 0 1954 6201">
    <p class='ocr_par' dir='ltr' id='par_1_12' title="bbox 0 0 1954 6201">
     <span class='ocr_line' id='line_1_107' title="bbox 0 0 1954 6201; baseline 0 0"><span class='ocrx_word' id='word_1_689' title='bbox 0 0 1954 6201; x_wconf 95' lang='lat' dir='ltr'> </span> 
     </span>
    </p>
   </div>
  </div>
 </body>
</html>
