3982 6196
209 284 268 343 575
829 279 1004 341 HONORII
1027 281 1071 340 III
1094 282 1242 342 OPERA.
1802 286 1860 345 eto

209 440 320 503 oillcio
337 442 449 502 vestro
465 441 557 501 certa
577 437 783 516 indulgentia
795 440 1006 516 peccatorum
1061 439 1376 501 lactumbdonemus
1389 438 1491 516 igitur
1501 440 1743 504 Excellentiam
1755 444 1859 515 tuam,

210 555 310 618 quarn
324 538 475 600 videritis
488 538 657 615 expedire.
672 537 880 598 Provideatis
895 539 1006 598 autem
1061 552 1215 613 rogamus
1231 538 1265 598 et
1282 537 1499 599 exhortamur
1516 539 1552 599 in
1573 540 1725 612 Domino,
1743 540 1781 601 in
1803 556 1862 601 re-

210 637 402 715 prudenter,
418 652 460 697 ne
476 635 650 698 occasione
669 635 858 713 hujusmodi
884 649 1006 696 cruce·
1062 635 1254 697 missionem
1280 635 1342 696 tibi
1376 637 1606 711 peccaminum
1631 639 1863 714 injungentes,

211 736 360 811 signatos
383 734 512 811 aliquos
537 733 579 794 ab
607 733 714 810 ipsius
739 737 852 794 Terrae
877 735 1007 795 Sanctae
1063 733 1218 810 quatinus
1232 747 1293 809 per
1302 732 1453 793 homiues
1463 732 1559 809 regni
1571 735 1632 803 tui,
1646 734 1704 811 qui
1719 736 1865 796 crucesi-

212 831 359 895 subsidio
394 832 583 903 retrahatis,
620 848 695 893 curn
719 832 867 908 ejusdem
896 834 1008 892 Terrae
1063 830 1155 905 gnati
1165 845 1231 891 non
1245 829 1374 891 suntad
1391 828 1575 892 subsidium
1587 834 1702 893 Terrae
1715 834 1863 903 sancta,

213 934 344 993 Sanctae
359 929 539 1006 negotium,
562 930 604 991 ad
622 930 707 1006 quod
728 929 858 991 ardenti
877 928 1010 990 deside-
1063 928 1151 989 didio
1164 928 1274 989 comiti
1284 926 1389 989 iacias
1402 928 1547 989 viriiiter
1558 944 1597 989 ac
1613 929 1770 990 celeriter
1785 929 1868 989 sub-

212 1029 263 1090 rio
276 1028 474 1106 aspiramus
486 1043 546 1104 per
560 1027 624 1088 boc
634 1028 787 1089 uolumus
798 1027 1009 1104 aliquatenus
1063 1025 1200 1099 reniri3
1230 1026 1266 1087 ut
1297 1041 1357 1104 per
1393 1026 1574 1102 potentiam
1605 1026 1866 1102 magnificentiae

212 1126 384 1205 impedire.
407 1126 525 1187 Datum
551 1125 718 1197 Laterani,
746 1127 792 1186 111
819 1140 925 1186 nonas
949 1126 1009 1201 ja·
1064 1124 1130 1184 tuae
1149 1125 1351 1200 reprimatur
1362 1122 1542 1184 insolentia
1557 1124 1796 1201 praedictorum
1817 1125 1867 1184 ci-

212 1224 336 1296 nuarii,
351 1240 439 1285 anuo
454 1222 610 1285 secundo.
1064 1220 1155 1281 ulum
1184 1223 1217 1283 et
1235 1222 1378 1282 aliorum
1398 1221 1455 1298 qui
1477 1222 1592 1282 contra
1612 1223 1715 1282 Deum
1741 1225 1775 1283 et
1799 1222 1865 1282 bo-

254 1326 291 1385 In
313 1321 402 1382 bunc
416 1321 549 1382 modum
569 1321 727 1398 scriptum
745 1321 796 1382 est
813 1318 1009 1390 senonensi,

215 1419 412 1491 Turonensi,
421 1418 692 1494 Rothomageusi,
704 1417 916 1483 Bituricensi,
928 1418 1012 1490 Lug·

214 1516 356 1579 dunensi
378 1519 411 1578 et
430 1515 669 1591 Burdogalensi
684 1513 957 1590 archiepiscopis,
979 1512 1013 1573 et

215 1612 437 1690 suffraganeis
458 1612 661 1685 eorumdem,
684 1610 858 1672 abbatibus
881 1611 915 1671 et
935 1608 1011 1670 allis

214 1710 430 1772 ecclesiarum
454 1709 600 1787 praelatis
615 1723 675 1786 per
689 1722 803 1770 eorum
818 1705 1011 1784 provincias

1066 1334 1181 1380 noram
1204 1321 1298 1380 tuum
1319 1321 1514 1395 conjurasse
1536 1318 1702 1390 videntur,
1726 1318 1761 1380 et
1777 1319 1866 1380 idem

1066 1432 1176 1477 comes
1201 1418 1323 1477 terram
1353 1416 1460 1492 ipsam
1486 1416 1521 1476 in
1550 1416 1678 1476 unitate
1703 1416 1800 1492 pasis
1834 1417 1867 1476 et

1067 1513 1154 1585 lidei,
1185 1517 1242 1577 tuo
1273 1513 1374 1576 tultus
1404 1513 1543 1584 auxilio,
1578 1513 1688 1575 valeat
1720 1528 1864 1574 conser-

1065 1627 1145 1673 vare
1162 1611 1203 1673 ad
1223 1612 1314 1673 tuam
1335 1613 1369 1674 et
1387 1611 1482 1687 regul
1507 1611 1556 1671 tui
1577 1610 1719 1687 gloriam
1742 1613 1777 1671 et
1798 1610 1864 1671 ho-

1067 1725 1199 1784 norem3
1238 1708 1487 1785 crucesignatos
1518 1710 1630 1769 autem
1667 1723 1728 1785 pro
1755 1709 1865 1785 ipsius

215 1806 414 1869 constitutis.
1066 1810 1178 1868 Terrae
1202 1808 1332 1869 Sanctae
1353 1805 1503 1868 subsidio
1515 1806 1670 1867 volumus
1689 1805 1732 1867 ad
1754 1808 1867 1882 partes

1067 1905 1303 1966 ultramarinas
1325 1904 1469 1966 transire
1489 1903 1526 1964 in
1540 1902 1679 1965 instanti
1694 1903 1866 1980 passagio,

1068 2018 1143 2064 cum
1174 2001 1341 2079 negotium
1376 2001 1459 2062 illud
1492 2000 1682 2062 nullatenus
1708 1999 1868 2076 impediri

1067 2101 1218 2162 velimus.
1244 2102 1363 2161 Datum
1391 2097 1559 2171 Laterani,
1585 2100 1632 2159 ΙΙΙ
1655 2097 1724 2158 kal.
1742 2095 1792 2176 (1)
1808 2099 1869 2173 ja-

1069 2198 1191 2270 nuarii,
1203 2196 1414 2276 pontificatus
1428 2196 1534 2258 bostri
1547 2211 1637 2257 auno
1651 2194 1814 2258 secundo.

1395 2393 1539 2483 XCVII

554 1929 677 2017 XCVI

299 2083 348 2143 Ad
363 2083 559 2158 Philippum
573 2085 792 2142 Francorum
806 2092 936 2156 renem.

521 2211 607 2285 dian.
621 2212 701 2269 lars.

254 2338 394 2403 [bouquet
405 2337 507 2389 Recuail
520 2336 563 2385 dea
573 2336 636 2385 illst.
648 2342 667 2385 t.
680 2336 748 2395 XIX,
763 2351 789 2401 p.
801 2333 864 2395 alm
876 2335 974 2398 begeat.

495 2413 541 2465 lib.
555 2414 656 2479 II,epit.
666 2414 735 2476 831]

132 2546 135 2549 ·
217 2526 286 2584 Cum
317 2522 449 2581 tolosani
468 2522 556 2591 cives,
583 2528 716 2579 revocato
735 2520 770 2578 ab
790 2519 927 2593 Hispania
946 2517 1013 2576 Ital·
1108 2549 1161 2609 Aa
1180 2549 1356 2609 Simonem
1373 2548 1414 2608 de
1435 2545 1639 2621 Momesom
1653 2545 1830 2606 comum

253 2611 360 2669 mundo
371 2611 532 2679 vicomite,
543 2609 711 2667 calcaneum
721 2609 859 2666 adversus
869 2610 1015 2667 Simonem

252 2697 440 2760 MontisIortis
463 2700 599 2757 comitem
617 2698 770 2766 erexerint,
796 2697 938 2756 Honorius
954 2694 1017 2754 Plat-
1377 2678 1462 2751 31⁰⁰·
1480 2677 1559 2736 ¹²¹&

252 2790 364 2863 lippum
377 2803 476 2862 regem
492 2788 633 2857 sollicitat,
648 2795 679 2844 ut
694 2786 802 2845 Simoni
814 2784 940 2843 subsidia
953 2798 1018 2841 con·
1103 2804 1237 2868 samm,
1251 2802 1353 2854 1200„ss
1364 2802 1407 2852 g„
1421 2801 1496 2859 illst,
1508 2807 1528 2851 t.
1542 2801 1609 2858 χιχ,
1622 2815 1648 2865 1¹·
1660 2799 1725 2859 047,
1740 2800 1840 2864 negat

256 2877 338 2936 mat.
1142 2911 1147 2917 ·
1334 2881 1380 2932 ru.
1392 2882 1423 2941 u,
1437 2882 1511 2947 epist.
1526 2880 1594 2947 rra]

260 2993 430 3057 Honorius
462 2994 638 3070 episcopus
641 3036 741 3064 ········
778 2990 952 3053 carissimo
982 2989 1017 3050 in
1072 2998 1412 3059 uumaomanaeoetesu
1427 3006 1552 3057 castrum
1566 2996 1873 3069 praeparandam

220 3092 353 3154 Christo
381 3090 450 3151 ulio
474 3090 629 3167 Philippo
653 3089 725 3163 regi
745 3091 948 3149 Francorum
972 3087 1019 3147 il·
1107 3088 1277 3162 Argentada
1292 3088 1367 3145 circa
1391 3086 1559 3145 Rhodanum
1584 3087 1693 3144 simoni
1707 3085 1746 3143 de
1760 3087 1871 3144 lloute·

220 3190 319 3252 lustri
333 3189 485 3258 salutem,
501 3188 563 3248 etc.
1109 3176 1182 3243 lorti,
1198 3177 1272 3233 sicut
1284 3183 1405 3233 ceteras
1423 3176 1537 3233 comitis
1550 3174 1684 3232 tolosani
1698 3182 1804 3242 terras,
1813 3182 1872 3230 tra·

262 3289 308 3348 aa
338 3283 399 3346 um
430 3283 572 3344 ilbenter
602 3284 636 3346 ot
665 3283 866 3346 cunctanter
898 3281 1020 3344 suane-
1108 3265 1238 3366 arurae,
1254 3264 1331 3336 ruod
1344 3273 1470 3365 assum
1491 3263 1527 3321 εὐ
1546 3263 1726 3324 vrvaneasn
1743 3264 1876 3365 asara

223 3399 308 3454 mus,
333 3382 369 3443 in
388 3380 506 3459 quibus
526 3381 559 3442 et
577 3380 771 3459 obsequium
798 3383 866 3442 beo
890 3381 1020 3457 impen.
1109 3361 1311 3455 proprietatem
1340 3351 1509 3452 pererrabat,
1537 3350 1654 3452 mandat
1682 3353 1828 3451 flouonm
1844 3358 1878 3409 ut

223 3481 314 3542 ditm,
337 3480 371 3540 et
395 3479 504 3541 honor
526 3480 630 3554 regiae
653 3477 861 3540 celsitudinis
887 3493 1022 3554 promo-
1109 3440 1186 3499 adem
1195 3448 1320 3499 castrum
1338 3442 1496 3501 vivariensi
1511 3447 1838 3513 episcoporastrtuamr.

222 3580 328 3640 vetur.
350 3578 437 3639 Saue
458 3576 499 3637 ad
518 3591 615 3637 aures
637 3578 703 3638 tuae
717 3575 930 3638 calsttudims
949 3577 1020 3652 jam
1114 3567 1282 3631 Honorlus
1304 3567 1528 3644 episcopus...,
1546 3566 1667 3627 dilecto
1682 3565 1754 3628 illio
1769 3565 1879 3628 nobili

224 3675 390 3737 credimus
425 3673 636 3752 persomme,
665 3674 751 3751 quod
783 3672 940 3736 Tolosani
966 3673 1019 3733 ci·
1074 3667 1147 3729 siro
1161 3666 1275 3729 comiti
1284 3664 1502 3728 Montisfortis
1517 3664 1671 3737 salutern,
1688 3665 1752 3727 etc.

223 3788 293 3845 ves,
315 3772 558 3850 praeteritorum
579 3769 683 3843 obliti,
709 3771 743 3832 θῖ
763 3768 941 3847 improvidi
965 3768 1020 3829 lu·
1115 3764 1308 3827 Postulaute
1335 3762 1520 3825 venarabili
1543 3761 1648 3825 fratre
1673 3763 1790 3824 nostro
1808 3763 1876 3822 vi-

224 3871 386 3940 turorum,
412 3885 487 3930 cum
502 3867 698 3946 quibusdam
719 3868 789 3929 suis
804 3866 1020 3946 complicibus
1075 3862 1221 3924 rarleusi
1232 3861 1386 3939 eplscopo
1399 3858 1459 3939 (2),
1470 3860 1507 3922 ut
1520 3861 1666 3923 castrum
1680 3863 1723 3922 dc
1737 3862 1878 3927 Fauian

224 3967 392 4043 negotium
409 3966 501 4043 pacis
522 3966 556 4028 et
570 3966 657 4038 fidei,
681 3967 730 4028 tot
750 3980 968 4043 personarum
988 3962 1022 4026 et
1076 3961 1176 4023 situm
1198 3959 1234 4021 in
1254 3958 1453 4034 argentaria
1467 3974 1542 4019 cum
1558 3958 1771 4034 pertinentiis
1791 3957 1875 4027 suia,
1989 3972 1990 3979 ¹

223 4078 337 4126 rerum
359 4062 529 4124 laboribus
541 4065 574 4125 et
588 4062 770 4140 dispendiis
787 4063 821 4123 in
841 4061 1021 4140 proVInciae
1076 4058 1163 4137 quod
1177 4058 1213 4118 in
1225 4056 1382 4119 Eraclesiaa
1393 4058 1551 4117 Romanae
1561 4056 1776 4117 commissum
1789 4053 1879 4115 inci·

226 4159 375 4237 partibus
391 4159 613 4236 procuratum,
631 4158 823 4220 subvertere
835 4158 1019 4229 molientes,
1076 4156 1166 4218 disse
1180 4153 1396 4231 dignoscitur,
1419 4153 1672 4216 restitueremus
1683 4152 1877 4215 vivariensi

225 4256 341 4316 contra
364 4254 520 4316 dilectum
546 4254 649 4315 tilium
671 4254 816 4316 nobilem
832 4255 941 4316 virum
963 4255 1022 4315 sl·
1077 4252 1238 4324 ecclesiae,
1254 4251 1404 4329 ancujus
1418 4250 1653 4328 proprietatem
1668 4249 1751 4311 illud
1766 4249 1876 4327 parti·

224 4367 356 4413 monem
389 4351 542 4412 comitem
574 4350 809 4423 Montistortis‚
836 4351 1022 4415 vassallum
1077 4365 1157 4411 nere
1182 4348 1332 4423 dicebat3
1361 4364 1434 4419 nos,
1471 4348 1620 4425 luspeoto
1651 4347 1878 4409 instrumento

225 4451 330 4521 tuum,
353 4450 522 4525 assumpto
537 4447 729 4509 rebellionis
752 4449 883 4526 spiritu,
907 4448 1021 4511 calca·
1078 4462 1177 4524 super
1189 4447 1252 4508 hoc
1266 4444 1363 4508 nobis
1376 4445 1536 4518 exhibito,
1548 4446 1582 4507 et
1594 4444 1763 4507 intellecto
1776 4445 1879 4523 aplu-

227 4562 325 4609 neum
341 4545 528 4618 erexerunt,
555 4546 588 4608 θῖ
601 4547 669 4607 tam
683 4546 791 4622 ipsum
805 4562 902 4623 quarn
918 4562 1022 4624 quos·
1077 4545 1171 4607 ribus
1190 4543 1254 4605 ilde
1283 4544 1405 4620 dignis,
1428 4543 1515 4621 quod
1543 4542 1677 4621 publica
1700 4544 1791 4604 lama
1813 4543 1875 4615 est,

226 4644 307 4706 libet
333 4643 373 4704 de
400 4644 500 4720 gente
528 4645 732 4705 Francorum
758 4659 778 4705 a
805 4642 926 4705 finibus
955 4644 1023 4705 illle
1078 4644 1178 4704 immo
1194 4642 1289 4719 quasi
1303 4641 1468 4703 notorium
1484 4641 1518 4701 in
1534 4640 1684 4717 partibus
1699 4641 1781 4713 illis,
1798 4656 1879 4718 pro-

228 4740 329 4821 (quod
344 4740 431 4802 absit
441 4740 465 4821 1)
477 4741 924 4814 exterminarecontenduut‚
937 4742 1023 4820 quod
1078 4741 1252 4817 prietatem
1267 4739 1372 4816 ipsius
1388 4739 1490 4800 castri
1504 4738 1545 4799 ad
1556 4738 1753 4817 jamdictam
1765 4738 1878 4800 eccle-
1989 4796 1990 4801 ,

227 4855 294 4901 uon
309 4838 415 4899 solum
431 4838 465 4899 in
482 4839 542 4900 Dei
561 4840 594 4901 et
612 4839 811 4916 Apostolicae
837 4839 942 4909 Sedis,
964 4854 1025 4901 ve·
1079 4838 1163 4898 siam
1187 4837 1371 4914 pertinere3
1395 4838 1468 4913 eJ‘us
1491 4835 1655 4913 petitioni,
1673 4836 1715 4897 de
1737 4836 1879 4898 fratrum

227 4951 301 4996 rum
323 4938 355 4996 et
371 4936 407 4996 in
427 4938 519 4998 tuam
540 4937 700 5015 injuriam
719 4937 932 5007 redundaret,
949 4953 1024 4998 cum
1079 4937 1268 4996 nostrorum
1289 4933 1440 5007 consilio,
1471 4933 1627 4996 duximus
1650 4933 1878 5005 annuendum,

228 5030 384 5110 praefatus
400 5048 539 5094 comesa
552 5034 584 5094 te
598 5035 722 5095 terram
736 5034 828 5094 illam
841 5034 876 5093 in
891 5032 1024 5094 laudum
1079 5048 1153 5093 cum
1166 5030 1356 5108 apostolica
1370 5031 1483 5104 Sedes,
1500 5031 1555 5093 cui
1569 5034 1621 5093 est
1634 5031 1804 5108 generalis
1822 5047 1882 5092 ec-

228 5145 288 5206 pro
308 5144 427 5205 magua
449 5130 542 5205 parte
557 5131 729 5207 receperit,
744 5131 777 5192 et
794 5130 952 5208 quidquid
978 5129 1024 5190 ibi
1079 5128 1257 5191 clesiarum
1290 5128 1437 5190 omnium
1470 5128 1658 5191 sollicitudo
1687 5130 1879 5201 commlssa,

229 5227 339 5288 actum
353 5227 404 5288 est
418 5226 453 5287 in
475 5227 710 5290 exterminium
731 5226 897 5290 baeretIcae
912 5226 1026 5305 pravi-
1080 5228 1129 5288 sle
1143 5227 1185 5288 ad
1197 5242 1313 5288 aarum
1324 5226 1442 5288 debeat
1455 5225 1631 5288 utilitatem
1644 5226 1831 5298 intendere,
1848 5230 1888 5289 ut
1989 5300 1990 5303 Ἴ

228 5326 306 5388 tatis
321 5325 354 5387 et
365 5325 641 5387 restaurationem
654 5325 731 5388 fidei
746 5326 949 5397 christianae,
966 5341 1027 5402 per
1081 5340 1147 5385 non
1166 5323 1274 5386 solum
1296 5322 1364 5384 illis
1378 5338 1578 5384 conservare
1600 5339 1675 5401 quae
1689 5322 1882 5386 rationabi·
1989 5324 1990 5411 j

228 5423 317 5484 sires
329 5426 404 5483 tuas
423 5422 458 5484 et
468 5423 601 5483 tuorum
617 5424 785 5500 praeprue
808 5424 933 5501 liqueat
953 5437 1026 5484 asse
1080 5421 1158 5482 liter
1184 5420 1365 5499 possident,
1396 5435 1513 5481 rerum
1537 5420 1637 5482 etiam
1661 5421 1810 5485 alienata
1847 5422 1884 5482 in
1989 5472 1990 5477 ,

266 5552 307 5623 (ll
329 5552 495 5626 tegendum
519 5553 631 5611 videtur
654 5570 759 5624 nouas,
779 5562 812 5613 ut
832 5556 860 5612 iu
886 5554 1025 5628 superiori

1118 5551 1159 5627 qa)
1179 5553 1311 5610 Bernone
1325 5553 1361 5611 de
1373 5550 1511 5610 andusia.

230 5623 362 5690 epistota,
379 5637 436 5681 non
450 5625 594 5683 tutandus.
