3946 6196
188 297 247 358 431

190 455 402 518 sublacensis
410 454 445 516 fn
457 470 516 515 sua
528 453 664 517 dioecesi
675 452 987 531 constitutis3robis

189 554 329 615 tirmiter
343 551 568 614 asserentibus
583 567 641 613 eas
663 551 911 629 ajuridiotione
924 552 986 613 Ti-

189 651 331 712 burtinae
349 649 436 710 sedis
452 664 525 710 esse
539 665 676 726 prorsus
696 650 865 726 exemptas
882 670 890 709 ε
906 651 986 710 tau-

189 749 263 809 dem
291 746 417 807 saniori
445 746 538 807 ducti
565 747 716 818 consilio,
744 749 855 824 partes
878 744 986 806 felicis

188 844 431 907 recordationis
448 844 633 906 innocentii
649 858 742 921 papas
761 843 988 921 praedecesso-

188 945 236 1004 ris
258 942 362 1004 nostri
383 958 418 1003 se
438 941 644 1019 beneplacito
663 942 911 1013 commiserunt,
929 940 986 1018 qui

187 1056 245 1102 eas
260 1039 302 1101 ad
317 1038 525 1101 subnotatam
544 1039 817 1116 compositionem
832 1038 963 1101 induxit
976 1060 985 1113 ς

189 1155 262 1216 quae
285 1139 398 1216 utique
419 1139 497 1200 talis
525 1139 599 1199 est:
620 1137 742 1199 Clerici
770 1136 986 1199 ecclesiarum

188 1236 382 1298 monasterii
396 1235 617 1307 sublacensis,
631 1236 837 1313 quassantia
850 1234 986 1296 dioecesi

188 1334 373 1406 Tiburtina,
394 1334 557 1411 recipient
570 1333 728 1405 chrisma,
751 1333 859 1394 oleum
884 1348 986 1393 sanc-

187 1436 270 1505 tum,
284 1433 553 1495 consecrationes
567 1430 735 1503 altarium,
761 1430 986 1493 dedicationes

188 1530 414 1601 basilicarum,
440 1530 473 1591 et
494 1528 721 1592 ordinationes
736 1544 850 1590 eorum
870 1527 927 1606 qui
944 1526 986 1587 ad

189 1644 302 1689 sacros
314 1627 449 1688 ordines
465 1626 588 1688 fuerint
601 1625 827 1703 promovendi,
843 1624 885 1686 ab
897 1624 988 1702 epis-

190 1741 273 1802 copo
285 1724 473 1799 Tiburtium
488 1724 517 1785 si
530 1722 661 1800 quidem
677 1722 860 1784 catholicus
875 1721 984 1794 fuerit,

189 1823 222 1884 et
237 1838 276 1883 ea
292 1822 361 1882 illis
375 1821 491 1898 gratis,
508 1821 541 1882 et
561 1819 685 1897 absque
704 1819 772 1881 ulla
791 1818 986 1881 difficultate

188 1920 332 1981 voluerit
357 1918 540 1980 exhibere:
559 1917 708 1995 alioquin
734 1933 753 1979 a
780 1931 986 1995 quocumque

188 2016 374 2078 malueritis
385 2016 549 2077 catbolioo
563 2015 734 2092 requirant
745 2014 912 2092 episcopo,
928 2013 986 2090 qui

189 2112 807 2190 nostrafretusauctoritate‚postulata
815 2111 984 2174 concedat

190 2211 339 2288 Singulis
352 2212 450 2273 anuis
463 2211 494 2272 ei
509 2226 568 2288 pro
584 2210 721 2271 decimis
739 2210 812 2271 octo
829 2209 986 2270 frumenti

189 2309 331 2382 modios,
355 2311 388 2371 et
402 2310 544 2386 quatuor
565 2324 706 2370 annonae
721 2307 930 2386 persolvent3
954 2309 987 2368 et

189 2405 297 2483 primo
316 2421 404 2466 anno
419 2421 488 2465 111
503 2405 720 2482 promotionis
741 2402 934 2482 praebebunt
954 2403 986 2464 ei

191 2502 323 2563 unicam
337 2502 602 2579 procurationem
613 2502 648 2562 in
664 2501 805 2577 singulis
822 2500 984 2573 ecclesiis,

190 2616 264 2676 quae
287 2600 330 2661 ad
342 2598 434 2660 illam
456 2597 625 2661 sufficiant
645 2597 877 2660 exhibendam.
895 2598 988 2659 llio-

190 2697 271 2774 qnin
284 2696 358 2758 duae
371 2696 424 2759 rel
439 2695 551 2774 plures
574 2688 819 2773 conjungantur
837 2695 878 2757 ad
893 2696 986 2756 illam

189 2793 412 2871 praestandam
429 2794 485 2855 :et
510 2794 539 2854 si
565 2793 711 2855 noluerit
738 2809 852 2855 omnes
880 2793 986 2870 primo

189 2906 278 2952 anno
292 2891 453 2967 recipere,
477 2891 598 2967 poterit
616 2906 674 2952 eas
697 2906 757 2968 per
777 2890 862 2953 alios
880 2906 986 2951 annos

189 2986 351 3059 dividere,
375 2986 551 3049 dummodo
578 2986 670 3047 nulla
698 2986 839 3048 ecclesia
862 2984 988 3048 tribuat

190 3084 255 3145 nisi
282 3100 394 3145 unam.
420 3086 536 3146 Causae
555 3100 634 3146 vero
663 3084 925 3146 matrimoniales
946 3083 988 3144 de

190 3181 338 3258 ipsarum
356 3180 536 3257 parochiis,
558 3180 771 3257 perferuntur
793 3180 834 3241 ad
852 3180 986 3257 episco-

189 3294 267 3355 pum
286 3277 506 3349 Tiburtinum,
520 3277 585 3338 nisi
605 3277 645 3338 ad
661 3280 845 3339 Romanum
872 3279 988 3339 Ponti-

189 3374 283 3436 ficem
299 3376 352 3436 vel
369 3378 441 3451 ejus
455 3374 629 3447 ricarium,
652 3374 754 3436 fuerit
773 3374 985 3453 appellatum.

189 3469 224 3531 si
246 3484 327 3531 vero
348 3470 526 3548 quidquam
554 3470 672 3532 borum
696 3471 804 3532 eidem
831 3470 988 3551 episcopo

189 3567 291 3630 fuerit
312 3567 521 3644 denegatum,
538 3571 613 3647 post
638 3569 791 3645 primam,
811 3569 846 3631 et
865 3585 988 3630 secun·

189 3664 265 3725 dam
288 3665 467 3727 motionem
491 3666 563 3742 ipse
584 3666 731 3742 requiret
753 3664 987 3728 Sublacensem

190 3761 352 3836 abbatem,
369 3762 501 3824 utillud
517 3761 580 3824 sibi
596 3761 697 3826 faciat
715 3763 878 3826 exbiberi.
895 3764 987 3836 Quod

189 3861 219 3921 si
233 3876 300 3922 non
315 3860 431 3923 fecerit
445 3860 532 3922 infra
549 3860 739 3938 quindecim
753 3861 835 3933 dies,
852 3877 895 3924 ex
908 3865 988 3923 iuno

189 3973 246 4020 eos
256 3957 313 4036 qui
329 3959 534 4036 negaverunt
546 3958 609 4018 sibi
622 3957 779 4031 debitum,
789 3959 988 4037 compellere

189 4056 311 4133 poterit
332 4071 393 4134 per
416 4055 679 4117 ecclesiasticum
698 4056 921 4118 interdictum.
950 4059 987 4118 ln

189 4152 342 4215 omnibus
365 4153 476 4215 autem
501 4153 590 4225 aliis,
611 4153 761 4214 ecclesiae
784 4155 986 4227 memorata,

190 4249 522 4327 subparrochianis,
550 4249 584 4311 et
611 4249 743 4311 clericis
769 4250 856 4323 suis,
891 4253 989 4314 erunt

190 4361 327 4425 prorsus
338 4346 501 4421 exemptae
516 4343 558 4406 ab
573 4345 663 4407 omni
674 4345 904 4422 juridictione,
920 4348 988 4410 tam

188 4441 350 4513 ecclesiae,
365 4457 463 4519 quam
474 4441 621 4519 episcopi
631 4441 808 4504 Tiburtini.
820 4444 864 4506 Ut
876 4445 987 4506 autem

189 4537 385 4617 praescripta
405 4536 599 4615 compositio
624 4538 818 4615 perpetuam
842 4538 988 4602 obtineat

189 4637 389 4707 firmitatem,
401 4635 482 4697 dicti
494 4635 750 4714 predecessoris
765 4636 871 4699 nostri
882 4638 988 4699 vesti·

188 4736 253 4813 giis
265 4734 478 4805 inbaerentes,
494 4748 568 4797 eam
583 4734 782 4796 auctoritate
798 4734 987 4812 Apostolica

188 4832 432 4904 confirmamus,
446 4834 481 4894 et
492 4831 666 4908 praesentis
676 4831 791 4909 scripti
803 4832 987 4908 patrocinio

188 4928 441 4992 communimus.
464 4926 558 4990 Nulli
572 4944 651 5005 ergo
669 4928 804 4991 omnino
816 4929 987 4991 bominum

187 5027 289 5088 liceat
303 5026 390 5087 banc
404 5026 560 5102 paginam
579 5027 705 5088 nostras
726 5027 987 5089 confirmationis

189 5124 381 5200 iufringere,
398 5122 451 5184 vel
466 5122 498 5184 ei
512 5137 597 5184 ausu
613 5124 791 5185 temerario
806 5124 984 5186 contraire.

189 5222 225 5286 Si
239 5222 313 5300 quis
332 5221 444 5282 autem
459 5219 522 5281 boc
545 5220 711 5282 attentare
724 5222 983 5298 praesumpserit,

188 5319 451 5397 indignationem
462 5317 697 5393 omnipotentis
706 5319 765 5379 Dei
773 5317 985 5380 etbeatorum

188 5418 278 5480 Petri
293 5420 326 5480 et
340 5415 437 5478 Pauli
461 5415 696 5491 Apostolorum
716 5418 789 5493 ejus
805 5429 841 5478 se
855 5417 986 5479 noverit

187 5515 411 5575 incursurum.
431 5512 550 5574 Datum
579 5511 751 5587 Anagniae,
775 5513 850 5574 xvi
866 5512 986 5575 kalen-

188 5608 247 5669 das
258 5608 348 5685 julii,
364 5609 575 5689 pontificatus
589 5609 695 5673 nostri
710 5624 800 5674 anno
823 5609 942 5690 primo.

806 294 982 356 HONORII
1004 294 1049 357 111
1071 294 1218 356 OPERA.

1365 488 1524 575 cccxl

1041 643 1093 701 Ad
1108 640 1337 715 praepositum
1351 642 1385 701 et
1398 641 1585 716 capitttlam
1598 642 1635 702 S·
1654 641 1844 703 Donottont
1954 730 1955 739 ἵ

1359 741 1513 814 Beroen.

1339 858 1373 917 lo
1384 858 1447 931 111.
1465 860 1544 917 1117.

1088 972 1196 1036 [Regest.
1208 972 1253 1023 111).
1265 973 1284 1030 1,
1293 972 1368 1037 epist.
1379 973 1434 1023 1131.
1448 974 1506 1024 llas.
1518 975 1638 1025 1111111
1651 974 1687 1024 du
1699 975 1798 1041 111111]

1041 1087 1157 1146 lfandat
1181 1088 1226 1146 eis
1250 1096 1280 1146 ut
1303 1088 1487 1162 prebendam
1515 1090 1543 1147 in
1568 1091 1696 1164 ipsorum
1722 1092 1841 1149 11111111

1076 1177 1152 1233 Petri
1173 1178 1297 1236 insulan.
1317 1177 1400 1235 electi
1419 1178 1497 1235 obilu
1519 1186 1682 1250 vacantem,
1703 1178 1857 1254 magistro‘

1075 1264 1199 1322 labeoni
1214 1266 1338 1323 civitatis
1351 1266 1465 1324 Antinoe
1479 1268 1610 1339 scriptori
1627 1270 1792 1342 assignent

1079 1392 1245 1452 Honorius
1267 1394 1342 1465 etc,
1363 1392 1494 1454 dilectis
1517 1393 1597 1456 filiis
1616 1394 1801 1474 praeposito
1814 1398 1846 1457 et

1040 1488 1184 1566 capitulo
1197 1490 1303 1551 sancti
1317 1490 1493 1552 Donatiani
1506 1493 1653 1568 Brogen.

1081 1587 1117 1647 Si
1131 1602 1211 1664 erga
1224 1588 1299 1649 illos
1319 1604 1401 1666 quos
1415 1590 1552 1665 experta
1568 1588 1797 1662 familiaritas,
1813 1593 1844 1653 et

1041 1682 1216 1745 familiaris
1232 1682 1439 1761 experientia
1454 1684 1549 1747 nobis
1564 1686 1673 1748 reddit
1687 1691 1843 1766 acceptos

1041 1797 1174 1842 manum
1185 1782 1394 1844 extendimus
1404 1782 1589 1857 liberalem,
1605 1801 1673 1846 non
1688 1786 1757 1846 tarn
1772 1803 1844 1847 mu-

1041 1895 1103 1938 nus
1118 1879 1407 1956 gratissimpertiri
1417 1897 1515 1958 quam
1526 1882 1690 1959 quoddam
1700 1884 1844 1960 justitiae

1040 1977 1185 2039 debitum
1201 1993 1260 2038 nos
1282 1978 1411 2039 soluere
1427 1978 1639 2051 arbitramur,
1655 1996 1733 2041 cum
1747 1980 1792 2042 ad
1812 1980 1844 2041 id

1041 2074 1145 2135 simus
1170 2074 1368 2137 naturaliter
1396 2075 1546 2152 obligati,
1575 2077 1632 2155 qui
1653 2077 1694 2139 ad
1712 2080 1845 2154 gratam

1036 2172 1202 2250 justitiam
1217 2174 1383 2250 etjustam
1399 2174 1541 2250 gratiam
1562 2190 1676 2235 sumus
1688 2175 1845 2237 omnibus

1041 2267 1217 2330 debitores.
1247 2270 1333 2330 Hinc
1357 2273 1407 2332 est
1435 2270 1520 2348 quod
1545 2286 1604 2348 pro
1626 2271 1751 2333 dilecto
1776 2272 1845 2335 filio

1041 2366 1202 2442 magistro
1219 2367 1372 2429 iohanne
1385 2368 1528 2430 civitatis
1539 2369 1671 2430 Antinae
1686 2370 1844 2446 scriptori

1041 2478 1080 2523 ac
1101 2462 1260 2525 familiari
1283 2465 1409 2537 nostro,
1424 2481 1484 2528 vos
1504 2467 1669 2542 rogandos
1684 2465 1846 2529 duximus

1041 2561 1073 2622 et
1086 2561 1277 2634 monendos,
1301 2577 1361 2639 per
1383 2563 1573 2640 apostolica
1595 2564 1720 2642 scripta
1749 2565 1845 2627 vobis

1042 2657 1181 2719 firmiter
1204 2659 1428 2736 praecipiendo
1450 2659 1656 2733 mandantes,
1677 2664 1845 2739 quatenus

1041 2754 1148 2832 ipsum
1165 2755 1206 2816 ob
1221 2757 1442 2818 reverentiam
1469 2756 1616 2819 divinam
1635 2760 1669 2821 et
1693 2761 1844 2821 nostram

1042 2853 1082 2914 ad
1096 2851 1306 2930 praebendam
1319 2870 1393 2932 quae
1405 2854 1467 2916 fuit
1480 2856 1559 2916 olim
1570 2856 1661 2918 Petri
1674 2872 1846 2919 concano-

1042 2950 1108 3010 nici
1123 2950 1226 3011 vestri
1242 2951 1386 3011 lnsulen.
1403 2952 1499 3014 electi
1512 2953 1682 3030 recipiatis
1697 2954 1735 3014 111
1747 2970 1845 3016 11111-

1041 3047 1152 3109 nicum
1167 3048 1200 3109 et
1208 3048 1243 3109 in
1257 3048 1430 3113 fratrem...
1446 3050 1562 3112 nuntio
1573 3051 1723 3127 ejusdem
1735 3053 1845 3129 scrip-

1042 3146 1124 3207 toris
1150 3160 1224 3207 eam
1247 3145 1433 3208 liberaliter
1454 3149 1676 3224 assignantes.
1700 3150 1844 3222 Quodsi

1041 3241 1125 3304 forte
1140 3258 1207 3303 non
1219 3243 1318 3305 vacat
1336 3243 1377 3303 ad
1392 3260 1553 3320 praesens,
1569 3245 1710 3322 primam
1736 3263 1844 3310 vaca·

1041 3341 1150 3401 turam
1178 3340 1301 3403 nostrae
1324 3341 1495 3404 donationi
1515 3358 1738 3416 reservamus,
1761 3361 1845 3423 per-

1042 3452 1132 3498 sonae
1146 3436 1275 3499 idoneae
1297 3437 1543 3501 conferendam.
1559 3442 1787 3504 Decernentes
1801 3444 1846 3504 11-

1043 3534 1143 3598 ritum
1157 3535 1190 3596 et
1207 3534 1308 3596 inane
1323 3536 1443 3613 siquid
1458 3537 1501 3598 de
1510 3538 1584 3614 ipsa
1605 3540 1730 3615 preter
1743 3556 1844 3602 man·

1042 3631 1156 3693 datum
1171 3633 1322 3693 nostrum
1341 3631 1442 3697 fuerit
1459 3635 1670 3698 attentatum.
1682 3637 1844 3717 Alioquin

1042 3728 1176 3790 dilectis
1192 3728 1270 3790 illlis
1273 3773 1333 3791 .....
1348 3733 1468 3809 majori
1492 3732 1590 3795 11....
1607 3732 1648 3793 de
1667 3736 1845 3798 0111111111

1042 3826 1300 3901 archidiaconis,
1311 3830 1381 3890 11...
1393 3830 1521 3891 cantori
1534 3830 1726 3895 atrebaten.
1736 3834 1845 3897 nostri

1042 3922 1159 3986 damus
1181 3924 1301 3986 litteris
1329 3927 1364 3986 in
1391 3927 1567 4000 mandatis,
1600 3930 1637 3991 ut
1656 3944 1716 3993 vos
1744 3931 1843 3995 adid

1042 4021 1223 4083 monitione
1247 4023 1419 4100 praemissa
1443 4040 1502 4103 per
1527 4041 1704 4088 censuram
1729 4029 1844 4091 eccle·

1042 4117 1212 4180 siasticam
1240 4121 1462 4207 appellatione
1481 4123 1607 4184 remota
1628 4125 1844 4202 compellant.

1043 4217 1162 4278 Datum
1174 4218 1335 4293 Anagniae
1347 4220 1422 4280 XVI
1438 4219 1600 4283 kalendas
1610 4221 1703 4299 julii.

1353 4405 1532 4495 cccxm

1060 4558 1113 4617 Ad
1126 4558 1323 4633 episcopum
1341 4558 1378 4619 et
1394 4559 1583 4633 capitulum
1600 4563 1824 4635 bajocenses.

1332 4680 1366 4736 17
1381 4677 1444 4750 jun.
1462 4680 1541 4739 1217.

1083 4792 1191 4856 [Ragsst.
1204 4791 1249 4843 lib.
1260 4792 1281 4854 1,
1298 4791 1373 4856 epist.
1386 4792 1443 4845 111.
1458 4795 1516 4845 lass.
1529 4795 1567 4845 bs
1579 4795 1656 4845 Parte
1667 4795 1702 4846 du
1714 4796 1812 4862 111111]

1062 4906 1180 4965 Mandat
1191 4907 1235 4966 eis
1245 4915 1276 4965 ut
1288 4910 1321 4967 R.
1333 4908 1438 4967 clerico
1450 4909 1479 4968 S.
1487 4909 1625 4983 Stephani
1636 4912 1824 4984 prebendam

1119 4996 1147 5053 in
1162 4996 1289 5070 ipsorum
1304 4997 1426 5055 ecclesia
1437 5006 1588 5058 vacantem
1603 5001 1766 5076 assignent.

1079 5123 1257 5197 Honorius,
1275 5125 1350 5198 etc,
1366 5125 1551 5187 venerabili
1567 5126 1664 5189 fratri
1683 5129 1844 5210 episcopo

1040 5219 1074 5282 et
1086 5219 1217 5282 dilectis
1227 5222 1307 5282 liliis
1322 5222 1468 5299 capitulo
1481 5226 1638 5301 Bajooen.

1078 5318 1229 5380 Debitam
1244 5318 1346 5381 officii
1361 5320 1468 5382 nostri
1481 5323 1716 5399 prosequimur
1729 5325 1840 5388 actio·

1040 5430 1126 5486 nem,
1143 5415 1173 5475 si
1194 5416 1243 5478 eis
1262 5417 1298 5478 in
1313 5417 1550 5480 ecclesiasticis
1563 5418 1736 5482 beneflciis
1757 5438 1840 5499 pro-

1038 5510 1199 5585 videmus,
1215 5512 1272 5590 qui
1284 5514 1451 5591 pergrata
1463 5514 1622 5591 obsequia
1636 5532 1673 5577 se
1685 5520 1840 5596 acceptos

1039 5608 1340 5688 sedisapostolicae
1365 5610 1553 5675 tribuerunt
1579 5610 1838 5697 (reddiderunt).
