3968 6204
232 253 290 316 ιιι
659 332 663 339 .
695 230 873 313 nononu
894 248 941 312 ιιι
961 248 1110 319 arana.
1126 278 1166 295 -
1180 250 1415 317 sinuosas.
1823 262 1885 324 ms

231 411 386 497 Spiritus,
405 412 576 490 totamque
601 407 764 472 familiam
779 408 820 470 ad
835 406 1030 487 obsequium
1085 412 1145 473 dm
1159 414 1247 475 ancta
1261 410 1331 494 (Ps.
1353 414 1405 485 22,
1426 411 1493 496 23).
1517 414 1579 479 lllc
1598 413 1746 497 loquitur
1759 418 1802 481 ad
1815 423 1885 485 Pa-
1970 480 1971 483 ,

224 512 286 597 ,ιιι
299 511 457 591 disponit.
1083 509 1167 570 trem
1185 511 1233 573 :0
1260 512 1360 574 Pater
1388 528 1449 590 ego
1478 513 1622 577 narrabo
1646 532 1768 578 nomen
1787 519 1884 582 tuum

272 611 367 673 Unde
389 608 625 672 convenienter
647 606 755 683 potest
778 604 844 667 dici
865 605 906 667 de
932 605 1028 669 beato
1084 606 1242 669 fratribus
1268 609 1363 683 meis,
1387 610 1473 673 idest
1495 613 1662 689 apostolis
1681 614 1715 676 et
1740 616 1884 679 creden-

231 710 349 781 l’aulc,
365 707 451 787 qued
466 706 626 782 scriptam
641 705 692 767 est
715 703 750 765 in
769 703 1026 767 Ecclesiastico:
1083 704 1181 766 tibus.
1209 707 1327 769 Frater
1346 706 1523 787 adjuvatur
1550 725 1571 773 a
1598 710 1717 785 fratre,
1747 715 1882 792 quando
1970 734 1971 737 ¹

233 808 374 881 «Quasi
398 821 458 868 ιιι
487 803 562 866 anri
592 803 735 866 solidum
761 803 915 866 ornatum
938 804 1029 866 omni
1083 802 1560 882 nomoaujmaturacnristo.
1580 809 1702 887 Etipse
1717 813 1882 891 estquasi

231 925 250 968 a
271 905 382 983 lapide
406 902 564 981 pretioso.
584 918 604 963 ι
625 904 753 964 Aurum
781 902 948 979 significat
972 918 1030 963 sa·
1083 900 1202 963 civitas
1223 901 1331 977 firma,
1348 905 1426 983 quia
1448 922 1545 969 nemo
1559 907 1668 984 potest
1685 908 1717 969 ei
1744 926 1880 985 nocere,

230 986 405 1084 pientiam,
423 1001 509 1064 sicut
530 999 612 1063 dicit
636 1001 816 1062 Salomon:
833 1004 1029 1063 Ἠιιιαιινιιι
1082 1016 1179 1079 quem
1202 1004 1291 1064 Deus
1313 1002 1384 1066 vult
1407 1004 1586 1067 custodire.
1611 1006 1733 1068 Beatus
1752 1009 1882 1072 Pardus

230 1103 464 1165 desiderabitis
494 1098 680 1175 requiescit
706 1101 744 1159 ta
769 1113 829 1161 ore
860 1099 1028 1175 sapientis
1083 1097 1146 1160 fuit
1172 1099 1290 1162 civitas
1312 1100 1501 1176 abundans,
1527 1102 1604 1182 quia
1632 1120 1733 1182 super
1762 1121 1881 1170 omnes

230 1198 344 1281 (Prov.
359 1215 431 1272 ιιι,
447 1197 513 1278 20).
527 1199 649 1260 Beatus
663 1197 788 1259 Paulus
804 1196 867 1259 fuit
877 1212 938 1258 ιιι
952 1195 1028 1258 auri
1082 1195 1264 1261 abundavit
1289 1199 1379 1263 omni
1402 1200 1586 1279 sapientia,
1613 1201 1818 1281 eloquentia,
1847 1207 1881 1269 et

229 1299 364 1378 plenum
379 1297 554 1375 sapientia.
572 1296 666 1359 Unde
685 1296 777 1358 cauit
790 1293 938 1358 Ecclesia
956 1317 963 1356 ε
979 1299 1028 1358 Ta
1082 1294 1244 1358 doctrina.
1267 1282 1271 1288 ¹

228 1413 266 1461 cs
289 1412 352 1459 aas
374 1396 559 1468 electionis,
584 1395 708 1458 Sancte
729 1398 838 1457 Paule
851 1395 1025 1484 ΔΑιιιιιιοὶι,
1464 1431 1520 1520 XI

227 1496 439 1572 praedicator
463 1494 682 1556 veritatum
700 1496 865 1557 uniuerso
885 1496 1023 1556 escalada.

229 1598 270 1658 Et
282 1595 369 1657 sicut
383 1608 442 1655 ras
458 1591 533 1654 auri
547 1593 598 1654 est
611 1590 786 1670 pulchrum
799 1592 832 1653 et
844 1591 1025 1668 pretiosum
1167 1618 1214 1681 IN
1235 1619 1455 1684 GATHEDRA
1476 1621 1625 1684 SANCTI
1647 1624 1782 1687 PETRI·

229 1694 271 1756 ad
294 1692 473 1754 videndum
492 1691 526 1753 et
550 1691 788 1769 reponendum,
805 1689 851 1753 ita
875 1690 1025 1753 doctrina
1292 1772 1296 1779 Ι
1646 1758 1650 1765 ,

228 1786 446 1869 et'Scriptura
464 1789 553 1852 heati
569 1788 665 1852 Pauli
681 1789 731 1851 est
745 1788 885 1869 pulchra
902 1789 936 1851 et
948 1805 1027 1867 pre-
1126 1789 1224 1851 l'eatt
1250 1791 1352 1853 lasus
1374 1792 1412 1852 in
1435 1791 1560 1866 partes
1593 1795 1763 1856 Caesareae
1790 1799 1880 1858 Plit-

227 1891 316 1953 tiosa
340 1890 381 1952 ad
399 1886 601 1950 audiendum
623 1888 655 1950 et
680 1887 859 1965 legendum
884 1888 917 1949 et
938 1886 1024 1949 reti·
1079 1888 1173 1962 ttpm,
1197 1886 1232 1949 et
1249 1889 1482 1966 iuterropaoit
1498 1893 1681 1968 discipulos
1700 1908 1796 1965 seces,
1823 1897 1880 1956 di-

227 1988 384 2052 nendum.
397 1989 437 2048 Et
451 1987 537 2048 sicut
546 1985 628 2047 illud
642 2001 702 2046 ιιι
711 1985 784 2047 auri
795 1984 858 2048 fuit
871 1986 1024 2048 ornatum
1078 1999 1159 2047 cens
1178 2001 1191 2046 .·
1209 1985 1316 2052 Quem
1335 1987 1454 2049 dicam
1477 1991 1634 2051 homines
1652 2004 1728 2052 esse
1745 1993 1878 2053 Fittmn

227 2087 317 2149 omni
332 2084 442 2163 lapide
456 2084 614 2161 pretioso,
631 2082 678 2145 ita
692 2082 808 2146 beatus
824 2083 948 2146 Paulus
963 2082 1026 2145 fuit
1078 2085 1226 2145 ltomials
1241 2080 1372 2164 (Matth.
1389 2100 1460 2159 ιιι,
1477 2083 1542 2165 13).

226 2184 363 2248 ornatus
385 2181 561 2260 sapientia,
586 2180 738 2254 scientia,
762 2197 862 2259 opere
887 2184 921 2244 et
945 2183 1026 2245 doc-
1119 2181 1272 2244 ὒιιιιιι
1300 2180 1445 2260 Philippi
1473 2183 1592 2245 civitas
1615 2185 1666 2247 est
1690 2183 1778 2247 inter
1806 2185 1879 2248 ter-
1970 2190 1971 2193 ’

226 2284 327 2345 trina.
353 2280 525 2359 Sapientia
549 2281 582 2341 et
608 2280 764 2351 scientia,
790 2280 868 2357 quia
896 2280 1024 2358 ipsein
1079 2278 1186 2341 minos
1200 2278 1442 2359 Judaeaequam
1457 2280 1631 2360 Philippus
1645 2281 1824 2347 aedidcavit
1838 2284 1877 2346 in

225 2381 366 2443 scientia
385 2382 418 2442 et
441 2377 604 2455 sapientia
624 2392 693 2454 proe
719 2364 847 2439 cunctis
876 2379 1021 2441 emicuit.
1078 2375 1238 2438 honorem
1258 2376 1384 2440 Tiberii
1398 2379 1557 2452 Gaesaris,
1579 2379 1635 2442 ubi
1653 2380 1809 2444 iordanis
1831 2380 1876 2444 ad

224 2483 272 2543 De
296 2477 460 2555 sapientia
483 2474 555 2552 ipse
581 2474 629 2536 ait
645 2476 887 2551 :Sapientiam
905 2481 1024 2551 icquar
1077 2474 1223 2536 radicem
1243 2474 1362 2537 Libani
1387 2476 1504 2540 oritur.
1527 2479 1679 2540 Caesarea
1702 2479 1874 2558 interpre-

226 2577 321 2639 iater
342 2573 514 2649 perfectos
538 2570 568 2651 (Ι
586 2572 661 2634 Cor.
686 2588 723 2644 11,
748 2571 794 2652 6).
815 2576 862 2634 De
881 2573 1023 2636 selentia
1078 2572 1167 2634 tatur
1180 2573 1347 2651 possessio
1360 2574 1532 2661 principis,
1546 2575 1632 2638 idest
1644 2577 1715 2650 Dei,
1727 2579 1761 2639 et
1773 2577 1877 2641 habet

224 2675 296 2753 ipse
317 2672 424 2733 dixit:
440 2671 615 2733 Eactstimo
639 2673 756 2733 omnia
773 2671 1023 2734 detrimentum
1076 2669 1241 2748 triplicem
1269 2670 1558 2749 significationem.
1586 2674 1759 2751 Significat
1783 2677 1876 2738 enim

223 2787 299 2835 cssc
323 2769 472 2847 propter
497 2767 707 2831 eminentem
736 2770 917 2830 calciatam
939 2772 1022 2832 Jcsa
1077 2769 1258 2831 Ecclesiam
1279 2771 1445 2843 Sanctam,
1469 2772 1598 2834 fidelem
1618 2774 1774 2846 animam,
1798 2790 1874 2836 coe·

224 2870 356 2934 Christi
381 2866 517 2948 (Philip.
542 2882 597 2938 ιιι,
622 2863 668 2945 8).
691 2868 808 2943 Opere,
832 2868 910 2944 qnia
936 2867 1023 2931 sicut
1077 2868 1193 2931 lestem
1214 2868 1368 2945 patriam.
1383 2871 1504 2931 Sancta
1522 2870 1670 2932 Ecclesia
1685 2872 1876 2950 appellator

223 2970 295 3047 ipse
311 2965 379 3028 ait:
396 2969 481 3027 Plus
504 2967 662 3025 coarctem
682 2965 851 3037 apostola
868 2969 1022 3028 laboravi
1077 2968 1240 3035 Caesarea,
1252 2966 1349 3041 idest,
1366 2967 1532 3045 possessio
1546 2968 1718 3047 principis,
1733 2969 1876 3047 quiaest

226 3064 256 3146 (l
271 3068 345 3127 Cor.
360 3080 404 3134 ιι,
424 3060 488 3140 10).
504 3061 721 3138 evangelium
736 3062 825 3123 enim
840 3063 975 3139 regibus
989 3065 1023 3126 et
1076 3064 1254 3127 haereditas
1274 3065 1398 3126 Summi
1417 3066 1587 3145 principis,
1603 3066 1690 3128 idest
1710 3067 1781 3129 Dei.
1798 3070 1874 3147 lpse

222 3161 428 3242 principibus
443 3162 476 3221 et
498 3160 533 3221 in
555 3159 623 3221 toto
645 3158 725 3221 orbe
740 3160 873 3237 portare
887 3162 1022 3239 elprae·
1076 3161 1164 3223 enim
1182 3163 1289 3240 ipsam
1305 3163 1384 3225 colit
1400 3164 1434 3226 et
1456 3164 1624 3242 compluit.
1641 3164 1725 3227 Colit
1739 3165 1873 3244 quando

123 3316 126 3323 .
224 3263 337 3324 dicare
350 3275 416 3321 non
430 3256 593 3319 dubitavit
606 3257 810 3335 pronomine
828 3260 919 3321 Jesu.
936 3261 1022 3322 Doc-
1075 3259 1216 3322 destruit
1240 3260 1354 3338 spinas
1369 3262 1402 3322 et
1415 3260 1566 3333 tribulos,
1595 3261 1691 3336 idest,
1717 3262 1874 3325 homines

222 3361 322 3433 trina,
340 3357 418 3436 quia
446 3356 557 3418 nullus
582 3354 629 3418 ita
644 3355 756 3418 docuit
773 3357 808 3419 et
830 3354 1021 3420 informavit
1075 3374 1261 3436 perversos,
1278 3361 1312 3420 et
1324 3359 1407 3420 vitia
1422 3361 1520 3438 atque
1535 3362 1681 3438 peccata.
1694 3360 1871 3439 compluit,

224 3457 406 3522 Ecclesiam
426 3455 512 3518 sicut
535 3456 618 3533 ipse.
1076 3454 1207 3533 quando
1232 3456 1416 3533 spiritalem
1448 3456 1592 3534 gratiam
1613 3457 1871 3535 superinfundit.

163 3628 167 3633 ¹
264 3555 343 3617 Inde
356 3553 406 3617 est
420 3552 506 3630 quod
521 3551 622 3614 verba
635 3552 788 3635 Apostoli
806 3554 966 3617 resonant
984 3554 1019 3616 in
1076 3553 1224 3617 Seminat
1239 3553 1371 3632 quando
1386 3553 1523 3615 uerbum
1544 3554 1790 3633 praedicationis
1805 3556 1876 3617 mi-

223 3653 381 3715 universa
407 3649 566 3712 Ecclesia.
585 3647 679 3711 Unde
703 3648 738 3709 in
757 3649 894 3712 Actibus
908 3654 1019 3732 Apos-
1074 3651 1194 3714 nislrat
1216 3668 1277 3729 per
1302 3651 1549 3728 praedicatores.
1574 3655 1621 3714 De
1649 3653 1709 3714 hac
1734 3668 1876 3728 posses-

222 3752 366 3816 tolerum
382 3766 419 3809 :a
444 3748 570 3810 Paulus
594 3745 812 3809 confirmabat
834 3748 1017 3823 Ecclesias,
1075 3750 1168 3811 sione
1197 3749 1278 3812 dicit
1303 3749 1408 3812 David
1436 3772 1444 3811 ε
1469 3752 1570 3813 Beata
1596 3766 1677 3828 gens
1702 3753 1794 3829 cujus
1818 3751 1874 3813 est

222 3849 394 3927 disputans
412 3848 445 3909 et
465 3845 609 3908 suadens
625 3844 665 3906 de
688 3832 791 3922 regno
806 3847 876 3909 Dei.
891 3864 909 3907 a
925 3849 1019 3910 Unde
1074 3848 1234 3909 Dominus
1248 3850 1335 3909 Deus
1349 3850 1531 3926 ejusDeus
1548 3848 1636 3910 enim
1650 3851 1793 3910 aeternus
1805 3852 1871 3920 est,

223 3949 316 4026 ipse:
335 3946 489 4020 Propter
503 3945 680 4007 Christum
698 3949 816 4009 omittet
830 3946 1020 4008 detrimen-
1054 3943 1107 4007 'et
1132 3961 1229 4007 omne
1250 3944 1371 4006 honum
1392 3945 1428 4005 in
1454 3946 1528 4022 ipso
1554 3948 1618 4016 est,
1647 3946 1680 4008 et
1707 3946 1782 4008 ideo
1813 3947 1873 4024 qui

212 4048 297 4122 ¹tata
308 4047 385 4121 saci,
405 4044 438 4105 ct
453 4043 608 4104 arbitrer
622 4043 661 4104 at
674 4030 832 4106 stercora
845 4044 884 4104 at
897 4046 1018 4107 cam's-
1074 4044 1249 4107 Dominum
1266 4042 1366 4104 hahet
1381 4044 1495 4114 Deum,
1512 4040 1611 4103 hahet
1626 4043 1871 4113 omnebonum,

133 4138 137 4145 “
223 4146 298 4205 tam
321 4142 538 4214 lucrifaciam
555 4138 692 4219 (Philip.
715 4155 766 4209 111,
786 4137 832 4218 8).
857 4143 903 4202 De
923 4140 1019 4205 heato
1073 4144 1107 4205 et
1127 4141 1209 4202 illud
1234 4142 1284 4203 est
1310 4143 1481 4204 aeternum.
1512 4141 1551 4202 Et
1577 4140 1738 4203 Dominus
1769 4144 1874 4222 elegit

224 4240 328 4302 Paulo
345 4237 452 4315 potest
465 4237 532 4312 legi
543 4237 629 4324 quod
644 4236 724 4299 dicit
737 4237 892 4299 Salomon
907 4262 914 4300 ε
929 4244 1021 4303 Fra·
1074 4238 1232 4317 populum
1258 4237 1292 4297 in
1316 4237 1543 4299 haereditatem
1565 4237 1640 4310 sihi,
1668 4240 1758 4314 quia,
1783 4239 1874 4301 sicut

222 4340 277 4401 ter
295 4337 353 4411 qai
379 4334 568 4408 addiscatur
588 4348 613 4395 a
639 4336 754 4410 fratrc
774 4339 874 4410 qaas
896 4338 1019 4399 civitas
1073 4337 1230 4408 diximus,
1245 4333 1403 4412 compluit
1415 4333 1559 4411 gratiam
1575 4336 1610 4395 ut
1624 4333 1712 4397 ferat
1725 4336 1874 4399 fructum

221 4440 331 4514 simlia
354 4432 467 4513 (Pror.
495 4447 597 4506 ιιιιιι,
622 4432 687 4513 19).
713 4435 787 4512 Ipse
812 4434 875 4497 fuit
900 4434 1018 4498 ciuitas
1072 4434 1292 4511 trigesimum,
1312 4431 1557 4510 sexagesimum
1579 4433 1613 4495 et
1631 4434 1869 4511 centesimum3

222 4535 318 4597 firma
333 4532 390 4611 qui
405 4531 469 4594 fuit
482 4531 597 4593 firmus
618 4532 652 4594 et
667 4531 763 4594 fortis
784 4532 820 4594 in
843 4533 919 4607 fide,
940 4534 1018 4613 quia
1072 4532 1280 4610 trigesimum
1303 4531 1339 4591 in
1354 4531 1551 4609 conjugatis,
1574 4532 1821 4608 sexagesimum
1835 4532 1873 4593 in

221 4650 290 4696 non
304 4631 466 4705 dubitarit
483 4631 752 4719 portarenomen
767 4631 899 4693 Domini
911 4632 1017 4696 nostri
1073 4631 1193 4704 viduis,
1217 4630 1436 4693 centesimum
1449 4629 1485 4690 in
1499 4629 1696 4707 virginibus.

220 4733 301 4794 lesu
322 4727 445 4792 Christi
461 4743 573 4790 coram
587 4726 723 4806 regibus
744 4729 780 4791 et
797 4728 1016 4807 principibus.
1113 4728 1236 4791 Fidelis
1250 4728 1363 4790 anima
1377 4726 1500 4790 dicitur
1512 4728 1676 4800 Caesarea,
1691 4727 1777 4789 idest
1791 4742 1875 4806 pos·

223 4826 347 4888 Civitas
366 4827 461 4888 firma
478 4826 600 4888 dicitur
618 4827 757 4900 munita,
772 4828 805 4890 et
822 4826 895 4904 ipse
905 4829 1019 4888 muni·
1072 4827 1177 4891 sessio
1206 4825 1382 4904 principis,
1411 4826 1499 4919 idest
1523 4825 1602 4898 Dei,
1624 4827 1703 4904 quia
1725 4824 1871 4888 diversis

221 4924 276 4986 tus
303 4924 365 4985 fuit
390 4939 449 5001 per
481 4923 639 4986 virtutem
666 4925 789 4987 Christi
813 4924 846 4986 et
874 4925 1017 5003 Spiritus
1072 4925 1178 4988 modis
1206 4924 1328 4985 colitur
1352 4923 1394 4984 ab
1419 4923 1503 5005 ipso.
1532 4925 1606 5001 lpse
1634 4924 1722 4985 enim
1748 4925 1872 5001 purgat

224 5018 348 5081 Sancti.
379 5020 443 5081 Sed
469 5020 652 5083 secundam
675 5023 884 5100 spiritualem
911 5022 1016 5085 intel·
1071 5027 1194 5085 terram
1226 5020 1409 5083 auferendo
1435 5022 1589 5100 peccata,
1616 5021 1760 5083 seminat
1787 5021 1874 5082 inti-

222 5116 343 5178 lectum
369 5115 472 5177 frater
494 5117 552 5194 qni
579 5106 756 5196 adjuvata
784 5137 804 5181 a
837 5119 940 5183 fratre
967 5122 1018 5185 est
1071 5121 1191 5184 mando
1206 5138 1268 5181 sua
1288 5122 1465 5198 praecepta.
1482 5119 1647 5196 compluit
1663 5117 1871 5181 infundendo

222 5211 383 5283 Christus,
398 5211 455 5288 qui
470 5210 574 5275 frater
589 5214 702 5276 noster
717 5215 776 5291 est,
793 5218 872 5296 quia
892 5218 1017 5297 recapit
1071 5220 1286 5291 charismata,
1301 5217 1398 5290 idest,
1417 5217 1504 5277 dona
1526 5216 1668 5294 Spiritus
1682 5217 1806 5278 Sancti.
1822 5218 1871 5279 De

221 5310 375 5373 naturam
403 5308 550 5369 nostram
569 5309 734 5388 fragilem.
757 5314 851 5377 Unde
880 5316 953 5393 ipse
981 5317 1016 5377 in
1071 5316 1134 5378 hac
1146 5314 1262 5378 eadem
1277 5312 1488 5392 possessione
1501 5312 1661 5375 Dominus
1675 5312 1710 5374 in
1722 5312 1869 5389 psalmo:

221 5403 402 5481 Evangelio
425 5425 433 5463 z
455 5406 624 5469 Nicetiatc
636 5396 807 5482 fratribus
826 5414 958 5476 nostris
978 5415 1016 5475 at
1070 5419 1186 5476 Faces
1200 5412 1396 5475 ecciderunt
1418 5414 1504 5474 anthi
1529 5414 1566 5472 ia
1581 5413 1773 5486 ιιιαιοιαιῑι,
1791 5411 1869 5472 cte-

221 5504 302 5565 eant
324 5505 363 5563 ta
386 5504 562 5597 Gatitaeam
589 5503 719 5584 (matth.
742 5525 864 5581 xxvm,
891 5508 954 5592 10).
977 5511 1017 5573 Et
1070 5517 1144 5576 aim
1170 5510 1356 5574 aaronitas
1387 5526 1467 5573 araca
1495 5514 1668 5586 praeta-a
1696 5510 1747 5571 est
1782 5513 1871 5573 attilii

221 5600 255 5661 in
274 5598 426 5677 psalmo:
451 5603 611 5667 Narrabo
631 5620 754 5670 ιιοιιιιιι
776 5608 874 5672 trium
890 5601 1017 5685 scatit-
1072 5610 1140 5692 (Ps.
1159 5610 1207 5682 15,
1223 5607 1270 5689 6).
