<?xml version="1.0" encoding="UTF-8"?>
<!DOCTYPE html PUBLIC "-//W3C//DTD XHTML 1.0 Transitional//EN"
    "http://www.w3.org/TR/xhtml1/DTD/xhtml1-transitional.dtd">
<html xmlns="http://www.w3.org/1999/xhtml" xml:lang="en" lang="en">
 <head>
  <title>
</title>
<meta http-equiv="Content-Type" content="text/html;charset=utf-8" />
  <meta name='ocr-system' content='tesseract 3.04.00' />
  <meta name='ocr-capabilities' content='ocr_page ocr_carea ocr_par ocr_line ocrx_word'/>
</head>
<body>
  <div class='ocr_page' id='page_1' title='image "./mediiaevibiblio00bottgoog_0533.png"; bbox 0 0 3982 6196; ppageno 0'>
   <div class='ocr_carea' id='block_1_1' title="bbox 214 305 1974 383">
    <p class='ocr_par' dir='ltr' id='par_1_1' title="bbox 214 300 1974 383">
     <span class='ocr_line' id='line_1_1' title="bbox 214 305 1974 383; baseline -0.001 -16"><span class='ocrx_word' id='word_1_1' title='bbox 214 306 273 367; x_wconf 74' lang='grc'>559</span> <span class='ocrx_word' id='word_1_2' title='bbox 831 305 1006 368; x_wconf 84' lang='lat' dir='ltr'><strong>HONORII</strong></span> <span class='ocrx_word' id='word_1_3' title='bbox 1029 307 1073 367; x_wconf 89' lang='lat'>111</span> <span class='ocrx_word' id='word_1_4' title='bbox 1095 306 1242 369; x_wconf 72' lang='lat' dir='ltr'>orbita.</span> <span class='ocrx_word' id='word_1_5' title='bbox 1802 308 1869 366; x_wconf 76' lang='grc'>560</span> <span class='ocrx_word' id='word_1_6' title='bbox 1973 318 1974 383; x_wconf 81' lang='grc'><strong>1</strong></span> 
     </span>
    </p>
   </div>
   <div class='ocr_carea' id='block_1_2' title="bbox 216 463 1867 544">
    <p class='ocr_par' dir='ltr' id='par_1_2' title="bbox 216 448 1974 553">
     <span class='ocr_line' id='line_1_2' title="bbox 216 463 1867 544; baseline 0.001 -19"><span class='ocrx_word' id='word_1_7' title='bbox 216 465 364 540; x_wconf 87' lang='lat' dir='ltr'>ignarus,</span> <span class='ocrx_word' id='word_1_8' title='bbox 377 465 412 525; x_wconf 93' lang='lat' dir='ltr'>in</span> <span class='ocrx_word' id='word_1_9' title='bbox 427 463 654 543; x_wconf 83' lang='lat' dir='ltr'>presbyterum</span> <span class='ocrx_word' id='word_1_10' title='bbox 671 465 846 528; x_wconf 78' lang='lat' dir='ltr'><strong>ordinasti.</strong></span> <span class='ocrx_word' id='word_1_11' title='bbox 863 468 1009 544; x_wconf 84' lang='lat' dir='ltr'>Cumque</span> <span class='ocrx_word' id='word_1_12' title='bbox 1064 465 1346 539; x_wconf 89' lang='lat' dir='ltr'>seducticeusilio,</span> <span class='ocrx_word' id='word_1_13' title='bbox 1358 464 1867 543; x_wconf 83' lang='lat' dir='ltr'>subvertereincoepistiscontra</span> 
     </span>
    </p>
   </div>
   <div class='ocr_carea' id='block_1_3' title="bbox 216 561 1974 641">
    <p class='ocr_par' dir='ltr' id='par_1_3' title="bbox 216 561 1974 641">
     <span class='ocr_line' id='line_1_3' title="bbox 216 561 1974 641; baseline 0.001 -20"><span class='ocrx_word' id='word_1_14' title='bbox 216 561 422 638; x_wconf 90' lang='lat' dir='ltr'>postmodnm</span> <span class='ocrx_word' id='word_1_15' title='bbox 441 561 549 624; x_wconf 84' lang='lat' dir='ltr'>dictus</span> <span class='ocrx_word' id='word_1_16' title='bbox 573 561 713 623; x_wconf 89' lang='lat' dir='ltr'>clericus</span> <span class='ocrx_word' id='word_1_17' title='bbox 738 562 923 640; x_wconf 88' lang='lat' dir='ltr'>inspirante</span> <span class='ocrx_word' id='word_1_18' title='bbox 944 565 1010 624; x_wconf 89' lang='lat' dir='ltr'>Do·</span> <span class='ocrx_word' id='word_1_19' title='bbox 1064 562 1867 641; x_wconf 85' lang='lat' dir='ltr'>dilectumdliumnobilemvirnmS.(a),comitem</span> <span class='ocrx_word' id='word_1_20' title='bbox 1973 568 1974 615; x_wconf 71' lang='lat' dir='ltr'>i</span> 
     </span>
    </p>
   </div>
   <div class='ocr_carea' id='block_1_4' title="bbox 185 658 1974 2495">
    <p class='ocr_par' dir='ltr' id='par_1_4' title="bbox 185 658 1974 2495">
     <span class='ocr_line' id='line_1_4' title="bbox 215 658 1974 738; baseline 0 -19"><span class='ocrx_word' id='word_1_21' title='bbox 215 659 304 720; x_wconf 89' lang='lat' dir='ltr'>mino</span> <span class='ocrx_word' id='word_1_22' title='bbox 320 660 360 720; x_wconf 93' lang='lat' dir='ltr'>ad</span> <span class='ocrx_word' id='word_1_23' title='bbox 377 674 434 721; x_wconf 90' lang='lat' dir='ltr'>cor</span> <span class='ocrx_word' id='word_1_24' title='bbox 448 658 581 721; x_wconf 88' lang='lat' dir='ltr'>rediens</span> <span class='ocrx_word' id='word_1_25' title='bbox 595 661 886 737; x_wconf 75' lang='lat' dir='ltr'>praesumptionem</span> <span class='ocrx_word' id='word_1_26' title='bbox 898 660 1011 738; x_wconf 82' lang='lat' dir='ltr'>nujus·</span> <span class='ocrx_word' id='word_1_27' title='bbox 1064 660 1292 733; x_wconf 86' lang='lat' dir='ltr'>Montisiortis,</span> <span class='ocrx_word' id='word_1_28' title='bbox 1303 661 1404 722; x_wconf 93' lang='lat' dir='ltr'>immo</span> <span class='ocrx_word' id='word_1_29' title='bbox 1415 663 1530 723; x_wconf 89' lang='lat' dir='ltr'>contra</span> <span class='ocrx_word' id='word_1_30' title='bbox 1541 660 1638 722; x_wconf 88' lang='lat' dir='ltr'>tidem</span> <span class='ocrx_word' id='word_1_31' title='bbox 1650 660 1865 729; x_wconf 79' lang='lat' dir='ltr'>catholicam,</span> <span class='ocrx_word' id='word_1_32' title='bbox 1973 660 1974 663; x_wconf 75' lang='grc'>’</span> 
     </span>
     <span class='ocr_line' id='line_1_5' title="bbox 216 750 1974 837; baseline 0.001 -20"><span class='ocrx_word' id='word_1_33' title='bbox 216 757 304 817; x_wconf 92' lang='lat' dir='ltr'>modi</span> <span class='ocrx_word' id='word_1_34' title='bbox 324 756 488 818; x_wconf 88' lang='lat' dir='ltr'>sacerdoti</span> <span class='ocrx_word' id='word_1_35' title='bbox 513 772 572 818; x_wconf 92' lang='lat' dir='ltr'>suo</span> <span class='ocrx_word' id='word_1_36' title='bbox 596 758 631 818; x_wconf 92' lang='lat' dir='ltr'>in</span> <span class='ocrx_word' id='word_1_37' title='bbox 654 758 786 819; x_wconf 90' lang='lat' dir='ltr'>modum</span> <span class='ocrx_word' id='word_1_38' title='bbox 808 757 1010 834; x_wconf 80' lang='lat' dir='ltr'>poenitentiae</span> <span class='ocrx_word' id='word_1_39' title='bbox 1065 763 1159 837; x_wconf 85' lang='lat' dir='ltr'>cnjus</span> <span class='ocrx_word' id='word_1_40' title='bbox 1189 762 1417 836; x_wconf 81' lang='lat' dir='ltr'>propugnator</span> <span class='ocrx_word' id='word_1_41' title='bbox 1437 759 1567 832; x_wconf 81' lang='lat' dir='ltr'>existit3</span> <span class='ocrx_word' id='word_1_42' title='bbox 1597 774 1668 829; x_wconf 89' lang='lat' dir='ltr'>vos,</span> <span class='ocrx_word' id='word_1_43' title='bbox 1693 760 1867 834; x_wconf 89' lang='lat' dir='ltr'>assumpto</span> <span class='ocrx_word' id='word_1_44' title='bbox 1973 750 1974 761; x_wconf 74' lang='grc'>’</span> 
     </span>
     <span class='ocr_line' id='line_1_6' title="bbox 216 853 1868 933; baseline 0.001 -19"><span class='ocrx_word' id='word_1_45' title='bbox 216 853 407 926; x_wconf 80' lang='lat' dir='ltr'>detexisset,</span> <span class='ocrx_word' id='word_1_46' title='bbox 425 855 580 916; x_wconf 79' lang='lat' dir='ltr'>sacerdos</span> <span class='ocrx_word' id='word_1_47' title='bbox 594 854 667 932; x_wconf 90' lang='lat' dir='ltr'>ipse</span> <span class='ocrx_word' id='word_1_48' title='bbox 678 854 826 933; x_wconf 83' lang='lat' dir='ltr'>injunxit</span> <span class='ocrx_word' id='word_1_49' title='bbox 839 855 957 928; x_wconf 92' lang='lat' dir='ltr'>eidem,</span> <span class='ocrx_word' id='word_1_50' title='bbox 975 857 1011 916; x_wconf 96' lang='lat' dir='ltr'>ut</span> <span class='ocrx_word' id='word_1_51' title='bbox 1065 856 1255 918; x_wconf 85' lang='lat' dir='ltr'>rebellionis</span> <span class='ocrx_word' id='word_1_52' title='bbox 1267 857 1398 933; x_wconf 90' lang='lat' dir='ltr'>spiritu,</span> <span class='ocrx_word' id='word_1_53' title='bbox 1413 857 1589 932; x_wconf 88' lang='lat' dir='ltr'>erigentes,</span> <span class='ocrx_word' id='word_1_54' title='bbox 1600 858 1700 933; x_wconf 87' lang='lat' dir='ltr'>atque</span> <span class='ocrx_word' id='word_1_55' title='bbox 1712 856 1749 915; x_wconf 92' lang='lat' dir='ltr'>in</span> <span class='ocrx_word' id='word_1_56' title='bbox 1761 855 1868 916; x_wconf 86' lang='lat' dir='ltr'>oculis</span> 
     </span>
     <span class='ocr_line' id='line_1_7' title="bbox 216 952 1869 1033; baseline 0 -20"><span class='ocrx_word' id='word_1_57' title='bbox 216 968 454 1030; x_wconf 86' lang='lat' dir='ltr'>quemcumque</span> <span class='ocrx_word' id='word_1_58' title='bbox 475 952 575 1015; x_wconf 89' lang='lat' dir='ltr'>vellet</span> <span class='ocrx_word' id='word_1_59' title='bbox 595 953 744 1015; x_wconf 86' lang='lat' dir='ltr'>habitum</span> <span class='ocrx_word' id='word_1_60' title='bbox 764 953 947 1029; x_wconf 89' lang='lat' dir='ltr'>susciperet</span> <span class='ocrx_word' id='word_1_61' title='bbox 960 968 1011 1014; x_wconf 88' lang='lat' dir='ltr'>re·</span> <span class='ocrx_word' id='word_1_62' title='bbox 1065 954 1165 1031; x_wconf 91' lang='lat' dir='ltr'>legati</span> <span class='ocrx_word' id='word_1_63' title='bbox 1176 954 1280 1015; x_wconf 85' lang='lat' dir='ltr'>nostri</span> <span class='ocrx_word' id='word_1_64' title='bbox 1296 952 1355 1033; x_wconf 87' lang='lat' dir='ltr'>(b),</span> <span class='ocrx_word' id='word_1_65' title='bbox 1372 955 1430 1032; x_wconf 83' lang='lat' dir='ltr'>qni</span> <span class='ocrx_word' id='word_1_66' title='bbox 1448 970 1515 1015; x_wconf 92' lang='lat' dir='ltr'>non</span> <span class='ocrx_word' id='word_1_67' title='bbox 1528 953 1635 1015; x_wconf 90' lang='lat' dir='ltr'>solum</span> <span class='ocrx_word' id='word_1_68' title='bbox 1648 953 1751 1024; x_wconf 79' lang='lat' dir='ltr'>sicea,</span> <span class='ocrx_word' id='word_1_69' title='bbox 1764 952 1823 1012; x_wconf 88' lang='lat' dir='ltr'>sed</span> <span class='ocrx_word' id='word_1_70' title='bbox 1835 953 1869 1013; x_wconf 89' lang='lat' dir='ltr'>et</span> 
     </span>
     <span class='ocr_line' id='line_1_8' title="bbox 215 1050 1866 1130; baseline -0.001 -19"><span class='ocrx_word' id='word_1_71' title='bbox 215 1050 378 1127; x_wconf 88' lang='lat' dir='ltr'>gularem.</span> <span class='ocrx_word' id='word_1_72' title='bbox 396 1050 489 1111; x_wconf 91' lang='lat' dir='ltr'>Unde</span> <span class='ocrx_word' id='word_1_73' title='bbox 504 1050 599 1112; x_wconf 91' lang='lat' dir='ltr'>nobis</span> <span class='ocrx_word' id='word_1_74' title='bbox 614 1050 786 1113; x_wconf 87' lang='lat' dir='ltr'>humiliter</span> <span class='ocrx_word' id='word_1_75' title='bbox 799 1050 1008 1127; x_wconf 81' lang='lat' dir='ltr'>supplicavit,</span> <span class='ocrx_word' id='word_1_76' title='bbox 1065 1067 1240 1130; x_wconf 91' lang='lat' dir='ltr'>personam</span> <span class='ocrx_word' id='word_1_77' title='bbox 1267 1055 1415 1113; x_wconf 90' lang='lat' dir='ltr'>nostram</span> <span class='ocrx_word' id='word_1_78' title='bbox 1441 1053 1528 1128; x_wconf 90' lang='lat' dir='ltr'>gerit</span> <span class='ocrx_word' id='word_1_79' title='bbox 1550 1052 1586 1113; x_wconf 90' lang='lat' dir='ltr'>in</span> <span class='ocrx_word' id='word_1_80' title='bbox 1612 1051 1765 1129; x_wconf 89' lang='lat' dir='ltr'>partibus</span> <span class='ocrx_word' id='word_1_81' title='bbox 1784 1050 1866 1119; x_wconf 89' lang='lat' dir='ltr'>illis,</span> 
     </span>
     <span class='ocr_line' id='line_1_9' title="bbox 215 1147 1868 1227; baseline -0.001 -18"><span class='ocrx_word' id='word_1_82' title='bbox 215 1153 252 1210; x_wconf 92' lang='lat' dir='ltr'>ut</span> <span class='ocrx_word' id='word_1_83' title='bbox 270 1164 345 1210; x_wconf 92' lang='lat' dir='ltr'>cum</span> <span class='ocrx_word' id='word_1_84' title='bbox 361 1149 433 1226; x_wconf 87' lang='lat' dir='ltr'>ipse</span> <span class='ocrx_word' id='word_1_85' title='bbox 448 1148 488 1209; x_wconf 92' lang='lat' dir='ltr'>ad</span> <span class='ocrx_word' id='word_1_86' title='bbox 504 1148 636 1209; x_wconf 89' lang='lat' dir='ltr'>domum</span> <span class='ocrx_word' id='word_1_87' title='bbox 652 1163 687 1209; x_wconf 89' lang='lat' dir='ltr'>se</span> <span class='ocrx_word' id='word_1_88' title='bbox 703 1148 912 1210; x_wconf 83' lang='lat' dir='ltr'>transtulerit</span> <span class='ocrx_word' id='word_1_89' title='bbox 930 1148 1011 1209; x_wconf 92' lang='lat' dir='ltr'>bos·</span> <span class='ocrx_word' id='word_1_90' title='bbox 1064 1165 1130 1211; x_wconf 90' lang='lat' dir='ltr'>non</span> <span class='ocrx_word' id='word_1_91' title='bbox 1141 1149 1302 1211; x_wconf 89' lang='lat' dir='ltr'>veremini</span> <span class='ocrx_word' id='word_1_92' title='bbox 1312 1149 1492 1212; x_wconf 87' lang='lat' dir='ltr'>attentare:</span> <span class='ocrx_word' id='word_1_93' title='bbox 1505 1149 1603 1227; x_wconf 89' lang='lat' dir='ltr'>plane</span> <span class='ocrx_word' id='word_1_94' title='bbox 1613 1164 1753 1226; x_wconf 91' lang='lat' dir='ltr'>opernm</span> <span class='ocrx_word' id='word_1_95' title='bbox 1767 1147 1868 1208; x_wconf 77' lang='lat' dir='ltr'>enbi-</span> 
     </span>
     <span class='ocr_line' id='line_1_10' title="bbox 215 1244 1869 1324; baseline -0.001 -18"><span class='ocrx_word' id='word_1_96' title='bbox 215 1246 329 1323; x_wconf 91' lang='lat' dir='ltr'>pitalis</span> <span class='ocrx_word' id='word_1_97' title='bbox 341 1245 490 1323; x_wconf 90' lang='lat' dir='ltr'>ejusdem</span> <span class='ocrx_word' id='word_1_98' title='bbox 505 1262 545 1307; x_wconf 91' lang='lat' dir='ltr'>ac</span> <span class='ocrx_word' id='word_1_99' title='bbox 557 1245 705 1307; x_wconf 90' lang='lat' dir='ltr'>ordinem</span> <span class='ocrx_word' id='word_1_100' title='bbox 720 1245 937 1323; x_wconf 88' lang='lat' dir='ltr'>assumpserit</span> <span class='ocrx_word' id='word_1_101' title='bbox 945 1244 1010 1308; x_wconf 89' lang='lat' dir='ltr'>loci</span> <span class='ocrx_word' id='word_1_102' title='bbox 1065 1246 1190 1309; x_wconf 92' lang='lat' dir='ltr'>bitione</span> <span class='ocrx_word' id='word_1_103' title='bbox 1213 1248 1434 1310; x_wconf 84' lang='lat' dir='ltr'>monstrantes</span> <span class='ocrx_word' id='word_1_104' title='bbox 1460 1246 1557 1324; x_wconf 86' lang='lat' dir='ltr'>quod,</span> <span class='ocrx_word' id='word_1_105' title='bbox 1580 1246 1699 1324; x_wconf 86' lang='lat' dir='ltr'>quisic</span> <span class='ocrx_word' id='word_1_106' title='bbox 1720 1245 1869 1321; x_wconf 90' lang='lat' dir='ltr'>legatum</span> 
     </span>
     <span class='ocr_line' id='line_1_11' title="bbox 215 1343 1868 1421; baseline -0.001 -16"><span class='ocrx_word' id='word_1_107' title='bbox 215 1343 376 1421; x_wconf 86' lang='lat' dir='ltr'>praedicti,</span> <span class='ocrx_word' id='word_1_108' title='bbox 400 1343 568 1420; x_wconf 88' lang='lat' dir='ltr'>provideri</span> <span class='ocrx_word' id='word_1_109' title='bbox 583 1359 684 1419; x_wconf 90' lang='lat' dir='ltr'>super</span> <span class='ocrx_word' id='word_1_110' title='bbox 696 1344 761 1405; x_wconf 91' lang='lat' dir='ltr'>hoc</span> <span class='ocrx_word' id='word_1_111' title='bbox 774 1343 882 1405; x_wconf 90' lang='lat' dir='ltr'>eidem</span> <span class='ocrx_word' id='word_1_112' title='bbox 903 1344 1011 1404; x_wconf 87' lang='lat' dir='ltr'>mise·</span> <span class='ocrx_word' id='word_1_113' title='bbox 1066 1344 1216 1407; x_wconf 90' lang='lat' dir='ltr'>eumdem</span> <span class='ocrx_word' id='word_1_114' title='bbox 1231 1345 1453 1419; x_wconf 86' lang='lat' dir='ltr'>contemnitis,</span> <span class='ocrx_word' id='word_1_115' title='bbox 1469 1344 1511 1406; x_wconf 91' lang='lat' dir='ltr'>ad</span> <span class='ocrx_word' id='word_1_116' title='bbox 1521 1360 1582 1405; x_wconf 90' lang='lat' dir='ltr'>nos</span> <span class='ocrx_word' id='word_1_117' title='bbox 1596 1343 1680 1405; x_wconf 91' lang='lat' dir='ltr'>etad</span> <span class='ocrx_word' id='word_1_118' title='bbox 1692 1343 1868 1421; x_wconf 78' lang='lat' dir='ltr'>Apostoli·</span> 
     </span>
     <span class='ocr_line' id='line_1_12' title="bbox 215 1439 1867 1520; baseline -0.001 -17"><span class='ocrx_word' id='word_1_119' title='bbox 215 1441 392 1504; x_wconf 87' lang='lat' dir='ltr'>ricorditer</span> <span class='ocrx_word' id='word_1_120' title='bbox 406 1441 631 1517; x_wconf 86' lang='lat' dir='ltr'>dignaremur.</span> <span class='ocrx_word' id='word_1_121' title='bbox 655 1442 724 1503; x_wconf 88' lang='lat' dir='ltr'>Nos</span> <span class='ocrx_word' id='word_1_122' title='bbox 744 1441 848 1518; x_wconf 89' lang='lat' dir='ltr'>igitur</span> <span class='ocrx_word' id='word_1_123' title='bbox 868 1456 911 1502; x_wconf 90' lang='lat' dir='ltr'>ne</span> <span class='ocrx_word' id='word_1_124' title='bbox 930 1439 1012 1502; x_wconf 89' lang='lat' dir='ltr'>utile</span> <span class='ocrx_word' id='word_1_125' title='bbox 1066 1458 1138 1504; x_wconf 92' lang='lat' dir='ltr'>cam</span> <span class='ocrx_word' id='word_1_126' title='bbox 1150 1442 1267 1504; x_wconf 79' lang='lat' dir='ltr'>sedem</span> <span class='ocrx_word' id='word_1_127' title='bbox 1278 1441 1464 1520; x_wconf 89' lang='lat' dir='ltr'>respectum</span> <span class='ocrx_word' id='word_1_128' title='bbox 1475 1440 1867 1519; x_wconf 85' lang='lat' dir='ltr'>congrunmetdevotio-</span> 
     </span>
     <span class='ocr_line' id='line_1_13' title="bbox 214 1537 1870 1619; baseline -0.001 -19"><span class='ocrx_word' id='word_1_129' title='bbox 214 1555 275 1617; x_wconf 90' lang='lat' dir='ltr'>per</span> <span class='ocrx_word' id='word_1_130' title='bbox 293 1537 411 1601; x_wconf 88' lang='lat' dir='ltr'>inutile</span> <span class='ocrx_word' id='word_1_131' title='bbox 434 1538 580 1611; x_wconf 80' lang='lat' dir='ltr'>vitietur,</span> <span class='ocrx_word' id='word_1_132' title='bbox 605 1539 647 1600; x_wconf 89' lang='lat' dir='ltr'>de</span> <span class='ocrx_word' id='word_1_133' title='bbox 671 1537 912 1611; x_wconf 89' lang='lat' dir='ltr'>misericordia,</span> <span class='ocrx_word' id='word_1_134' title='bbox 937 1553 1011 1616; x_wconf 82' lang='lat' dir='ltr'>qnae</span> <span class='ocrx_word' id='word_1_135' title='bbox 1067 1555 1142 1602; x_wconf 91' lang='lat' dir='ltr'>nem</span> <span class='ocrx_word' id='word_1_136' title='bbox 1165 1538 1309 1601; x_wconf 88' lang='lat' dir='ltr'>debitam</span> <span class='ocrx_word' id='word_1_137' title='bbox 1332 1538 1617 1619; x_wconf 79' lang='lat' dir='ltr'>nonhabetis(2).</span> <span class='ocrx_word' id='word_1_138' title='bbox 1633 1541 1806 1600; x_wconf 76' lang='lat' dir='ltr'>saneim</span> <span class='ocrx_word' id='word_1_139' title='bbox 1820 1540 1870 1598; x_wconf 88' lang='lat' dir='ltr'>est</span> 
     </span>
     <span class='ocr_line' id='line_1_14' title="bbox 216 1636 1868 1714; baseline -0.002 -16"><span class='ocrx_word' id='word_1_140' title='bbox 216 1637 443 1714; x_wconf 88' lang='lat' dir='ltr'>superexaltat</span> <span class='ocrx_word' id='word_1_141' title='bbox 457 1636 596 1714; x_wconf 88' lang='lat' dir='ltr'>judicio,</span> <span class='ocrx_word' id='word_1_142' title='bbox 611 1637 642 1698; x_wconf 90' lang='lat' dir='ltr'>ei</span> <span class='ocrx_word' id='word_1_143' title='bbox 657 1636 812 1698; x_wconf 81' lang='lat' dir='ltr'>duximus</span> <span class='ocrx_word' id='word_1_144' title='bbox 827 1636 1013 1698; x_wconf 87' lang='lat' dir='ltr'>couceden-</span> <span class='ocrx_word' id='word_1_145' title='bbox 1066 1637 1259 1699; x_wconf 86' lang='lat' dir='ltr'>abbreviata</span> <span class='ocrx_word' id='word_1_146' title='bbox 1281 1652 1400 1699; x_wconf 86' lang='lat' dir='ltr'>manus</span> <span class='ocrx_word' id='word_1_147' title='bbox 1426 1637 1558 1700; x_wconf 86' lang='lat' dir='ltr'>Domini</span> <span class='ocrx_word' id='word_1_148' title='bbox 1582 1638 1618 1698; x_wconf 93' lang='lat' dir='ltr'>nt</span> <span class='ocrx_word' id='word_1_149' title='bbox 1645 1637 1783 1697; x_wconf 88' lang='lat' dir='ltr'>salvare</span> <span class='ocrx_word' id='word_1_150' title='bbox 1805 1651 1868 1695; x_wconf 90' lang='lat' dir='ltr'>non</span> 
     </span>
     <span class='ocr_line' id='line_1_15' title="bbox 216 1732 1868 1812; baseline -0.002 -17"><span class='ocrx_word' id='word_1_151' title='bbox 216 1735 305 1806; x_wconf 86' lang='lat' dir='ltr'>dum,</span> <span class='ocrx_word' id='word_1_152' title='bbox 328 1735 364 1797; x_wconf 92' lang='lat' dir='ltr'>ut</span> <span class='ocrx_word' id='word_1_153' title='bbox 387 1735 421 1795; x_wconf 95' lang='lat' dir='ltr'>in</span> <span class='ocrx_word' id='word_1_154' title='bbox 448 1733 706 1796; x_wconf 84' lang='lat' dir='ltr'>subdiaconatus</span> <span class='ocrx_word' id='word_1_155' title='bbox 732 1734 848 1795; x_wconf 90' lang='lat' dir='ltr'>ordine</span> <span class='ocrx_word' id='word_1_156' title='bbox 870 1736 1010 1806; x_wconf 88' lang='lat' dir='ltr'>tantum,</span> <span class='ocrx_word' id='word_1_157' title='bbox 1067 1734 1182 1812; x_wconf 88' lang='lat' dir='ltr'>possit,</span> <span class='ocrx_word' id='word_1_158' title='bbox 1205 1734 1238 1797; x_wconf 88' lang='lat' dir='ltr'>et</span> <span class='ocrx_word' id='word_1_159' title='bbox 1258 1734 1437 1796; x_wconf 88' lang='lat' dir='ltr'>humiliare</span> <span class='ocrx_word' id='word_1_160' title='bbox 1459 1732 1628 1811; x_wconf 90' lang='lat' dir='ltr'>superbos,</span> <span class='ocrx_word' id='word_1_161' title='bbox 1654 1748 1694 1794; x_wconf 92' lang='lat' dir='ltr'>ac</span> <span class='ocrx_word' id='word_1_162' title='bbox 1723 1732 1868 1793; x_wconf 86' lang='lat' dir='ltr'>humiles</span> 
     </span>
     <span class='ocr_line' id='line_1_16' title="bbox 185 1830 1870 1910; baseline -0.003 -16"><span class='ocrx_word' id='word_1_163' title='bbox 185 1864 187 1869; x_wconf 16' lang='lat' dir='ltr'>a</span> <span class='ocrx_word' id='word_1_164' title='bbox 216 1849 313 1910; x_wconf 91' lang='lat' dir='ltr'>quem</span> <span class='ocrx_word' id='word_1_165' title='bbox 339 1832 403 1894; x_wconf 90' lang='lat' dir='ltr'>rite</span> <span class='ocrx_word' id='word_1_166' title='bbox 429 1832 588 1910; x_wconf 89' lang='lat' dir='ltr'>suscepit,</span> <span class='ocrx_word' id='word_1_167' title='bbox 622 1831 727 1894; x_wconf 88' lang='lat' dir='ltr'>libere</span> <span class='ocrx_word' id='word_1_168' title='bbox 753 1832 866 1895; x_wconf 87' lang='lat' dir='ltr'>valeat</span> <span class='ocrx_word' id='word_1_169' title='bbox 895 1831 1014 1894; x_wconf 89' lang='lat' dir='ltr'>minis-</span> <span class='ocrx_word' id='word_1_170' title='bbox 1067 1830 1312 1893; x_wconf 78' lang='lat' dir='ltr'>exaltareznec</span> <span class='ocrx_word' id='word_1_171' title='bbox 1340 1831 1492 1909; x_wconf 82' lang='lat' dir='ltr'>exempla</span> <span class='ocrx_word' id='word_1_172' title='bbox 1527 1831 1624 1906; x_wconf 88' lang='lat' dir='ltr'>longe</span> <span class='ocrx_word' id='word_1_173' title='bbox 1641 1845 1798 1907; x_wconf 83' lang='lat' dir='ltr'>quaerere</span> <span class='ocrx_word' id='word_1_174' title='bbox 1812 1845 1870 1890; x_wconf 89' lang='lat' dir='ltr'>vos</span> 
     </span>
     <span class='ocr_line' id='line_1_17' title="bbox 216 1928 1871 2008; baseline -0.002 -17"><span class='ocrx_word' id='word_1_175' title='bbox 216 1934 306 1992; x_wconf 89' lang='lat' dir='ltr'>trare</span> <span class='ocrx_word' id='word_1_176' title='bbox 320 1928 379 2008; x_wconf 88' lang='lat'>(1).</span> <span class='ocrx_word' id='word_1_177' title='bbox 971 1931 980 1947; x_wconf 74' lang='lat'><em>⁶</em></span> <span class='ocrx_word' id='word_1_178' title='bbox 1068 1930 1207 2007; x_wconf 89' lang='lat' dir='ltr'>oportet,</span> <span class='ocrx_word' id='word_1_179' title='bbox 1237 1928 1381 2006; x_wconf 83' lang='lat' dir='ltr'>qualiter</span> <span class='ocrx_word' id='word_1_180' title='bbox 1403 1931 1475 2006; x_wconf 85' lang='lat' dir='ltr'>ejns</span> <span class='ocrx_word' id='word_1_181' title='bbox 1499 1928 1636 1990; x_wconf 81' lang='lat' dir='ltr'>dextera</span> <span class='ocrx_word' id='word_1_182' title='bbox 1663 1928 1871 2003; x_wconf 78' lang='lat' dir='ltr'>confregerit</span> 
     </span>
     <span class='ocr_line' id='line_1_18' title="bbox 257 2024 1871 2101; baseline -0.002 -12"><span class='ocrx_word' id='word_1_183' title='bbox 257 2029 376 2090; x_wconf 87' lang='lat' dir='ltr'>Datum</span> <span class='ocrx_word' id='word_1_184' title='bbox 391 2028 547 2089; x_wconf 85' lang='lat' dir='ltr'>Laterani</span> <span class='ocrx_word' id='word_1_185' title='bbox 568 2029 643 2089; x_wconf 79' lang='lat' dir='ltr'>xiv</span> <span class='ocrx_word' id='word_1_186' title='bbox 666 2026 826 2088; x_wconf 87' lang='lat' dir='ltr'>kalendas</span> <span class='ocrx_word' id='word_1_187' title='bbox 846 2024 1011 2098; x_wconf 80' lang='lat' dir='ltr'>ianuarii,</span> <span class='ocrx_word' id='word_1_188' title='bbox 1068 2027 1233 2100; x_wconf 89' lang='lat' dir='ltr'>inimicos,</span> <span class='ocrx_word' id='word_1_189' title='bbox 1248 2027 1281 2088; x_wconf 90' lang='lat' dir='ltr'>et</span> <span class='ocrx_word' id='word_1_190' title='bbox 1294 2026 1330 2087; x_wconf 89' lang='lat' dir='ltr'>ia</span> <span class='ocrx_word' id='word_1_191' title='bbox 1344 2042 1402 2088; x_wconf 91' lang='lat' dir='ltr'>eos</span> <span class='ocrx_word' id='word_1_192' title='bbox 1416 2026 1555 2088; x_wconf 85' lang='lat' dir='ltr'>calicem</span> <span class='ocrx_word' id='word_1_193' title='bbox 1570 2042 1639 2087; x_wconf 92' lang='lat' dir='ltr'>snae</span> <span class='ocrx_word' id='word_1_194' title='bbox 1660 2025 1871 2101; x_wconf 86' lang='lat' dir='ltr'>indignatio-</span> 
     </span>
     <span class='ocr_line' id='line_1_19' title="bbox 218 2123 1872 2202; baseline -0.002 -16"><span class='ocrx_word' id='word_1_195' title='bbox 218 2126 428 2202; x_wconf 80' lang='lat' dir='ltr'>pontificatus</span> <span class='ocrx_word' id='word_1_196' title='bbox 442 2125 549 2187; x_wconf 89' lang='lat' dir='ltr'>nostri</span> <span class='ocrx_word' id='word_1_197' title='bbox 560 2139 648 2185; x_wconf 91' lang='lat' dir='ltr'>anno</span> <span class='ocrx_word' id='word_1_198' title='bbox 659 2125 815 2186; x_wconf 90' lang='lat' dir='ltr'>secundo.</span> <span class='ocrx_word' id='word_1_199' title='bbox 1069 2125 1121 2185; x_wconf 90' lang='lat' dir='ltr'>nis</span> <span class='ocrx_word' id='word_1_200' title='bbox 1134 2124 1299 2197; x_wconf 83' lang='lat' dir='ltr'>effuderit,</span> <span class='ocrx_word' id='word_1_201' title='bbox 1316 2124 1432 2186; x_wconf 89' lang='lat' dir='ltr'>contra</span> <span class='ocrx_word' id='word_1_202' title='bbox 1451 2140 1533 2202; x_wconf 88' lang='lat' dir='ltr'>quos</span> <span class='ocrx_word' id='word_1_203' title='bbox 1549 2126 1699 2185; x_wconf 85' lang='lat' dir='ltr'>Romana</span> <span class='ocrx_word' id='word_1_204' title='bbox 1719 2123 1872 2183; x_wconf 84' lang='lat' dir='ltr'>Ecclesia</span> 
     </span>
     <span class='ocr_line' id='line_1_20' title="bbox 257 2220 1870 2299; baseline -0.001 -16"><span class='ocrx_word' id='word_1_205' title='bbox 257 2223 455 2299; x_wconf 77' lang='lat' dir='ltr'>nxnegesto</span> <span class='ocrx_word' id='word_1_206' title='bbox 466 2223 547 2284; x_wconf 91' lang='lat' dir='ltr'>anni</span> <span class='ocrx_word' id='word_1_207' title='bbox 558 2221 695 2283; x_wconf 88' lang='lat' dir='ltr'>secundi</span> <span class='ocrx_word' id='word_1_208' title='bbox 704 2222 904 2284; x_wconf 82' lang='lat' dir='ltr'>Litterarum</span> <span class='ocrx_word' id='word_1_209' title='bbox 913 2225 1014 2298; x_wconf 80' lang='lat' dir='ltr'>Apes·</span> <span class='ocrx_word' id='word_1_210' title='bbox 1071 2221 1183 2283; x_wconf 84' lang='lat' dir='ltr'>fideles</span> <span class='ocrx_word' id='word_1_211' title='bbox 1197 2222 1343 2294; x_wconf 90' lang='lat' dir='ltr'>illorum,</span> <span class='ocrx_word' id='word_1_212' title='bbox 1355 2222 1509 2298; x_wconf 81' lang='lat' dir='ltr'>exigente</span> <span class='ocrx_word' id='word_1_213' title='bbox 1522 2221 1661 2293; x_wconf 90' lang='lat' dir='ltr'>malitia,</span> <span class='ocrx_word' id='word_1_214' title='bbox 1674 2220 1870 2287; x_wconf 89' lang='lat' dir='ltr'>concitavit,</span> 
     </span>
     <span class='ocr_line' id='line_1_21' title="bbox 218 2317 1871 2397; baseline -0.004 -14"><span class='ocrx_word' id='word_1_215' title='bbox 218 2321 394 2383; x_wconf 89' lang='lat' dir='ltr'>tolicarum</span> <span class='ocrx_word' id='word_1_216' title='bbox 407 2321 547 2383; x_wconf 88' lang='lat' dir='ltr'>Honorii</span> <span class='ocrx_word' id='word_1_217' title='bbox 562 2323 628 2382; x_wconf 89' lang='grc' dir='ltr'>ΡΡ.</span> <span class='ocrx_word' id='word_1_218' title='bbox 642 2322 700 2392; x_wconf 89' lang='grc' dir='ltr'><strong>ΙΙΙ,</strong></span> <span class='ocrx_word' id='word_1_219' title='bbox 716 2322 740 2381; x_wconf 87' lang='lat' dir='ltr'>t.</span> <span class='ocrx_word' id='word_1_220' title='bbox 753 2322 778 2392; x_wconf 90' lang='lat'>1,</span> <span class='ocrx_word' id='word_1_221' title='bbox 795 2335 847 2397; x_wconf 86' lang='lat' dir='ltr'>ep.</span> <span class='ocrx_word' id='word_1_222' title='bbox 863 2322 933 2380; x_wconf 86' lang='lat'><strong>768.</strong></span> <span class='ocrx_word' id='word_1_223' title='bbox 1109 2322 1179 2381; x_wconf 91' lang='lat' dir='ltr'>Nos</span> <span class='ocrx_word' id='word_1_224' title='bbox 1186 2322 1308 2392; x_wconf 88' lang='lat' dir='ltr'>autem,</span> <span class='ocrx_word' id='word_1_225' title='bbox 1317 2318 1490 2381; x_wconf 89' lang='lat' dir='ltr'>ambulare</span> <span class='ocrx_word' id='word_1_226' title='bbox 1502 2320 1691 2395; x_wconf 87' lang='lat' dir='ltr'>satagentes</span> <span class='ocrx_word' id='word_1_227' title='bbox 1698 2317 1871 2379; x_wconf 87' lang='lat' dir='ltr'>vobiscum</span> 
     </span>
     <span class='ocr_line' id='line_1_22' title="bbox 1070 2416 1871 2495; baseline -0.005 -16"><span class='ocrx_word' id='word_1_228' title='bbox 1070 2418 1104 2479; x_wconf 91' lang='lat' dir='ltr'>in</span> <span class='ocrx_word' id='word_1_229' title='bbox 1131 2417 1250 2495; x_wconf 90' lang='lat' dir='ltr'>spiritu</span> <span class='ocrx_word' id='word_1_230' title='bbox 1274 2417 1433 2489; x_wconf 91' lang='lat' dir='ltr'>lenitatis,</span> <span class='ocrx_word' id='word_1_231' title='bbox 1460 2419 1493 2478; x_wconf 94' lang='lat' dir='ltr'>et</span> <span class='ocrx_word' id='word_1_232' title='bbox 1507 2416 1594 2478; x_wconf 87' lang='lat' dir='ltr'>sicut</span> <span class='ocrx_word' id='word_1_233' title='bbox 1618 2416 1706 2476; x_wconf 85' lang='lat' dir='ltr'>illios</span> <span class='ocrx_word' id='word_1_234' title='bbox 1732 2416 1871 2491; x_wconf 87' lang='lat' dir='ltr'>paterna</span> 
     </span>
    </p>
   </div>
   <div class='ocr_carea' id='block_1_5' title="bbox 514 2502 1974 2593">
    <p class='ocr_par' dir='ltr' id='par_1_5' title="bbox 514 2502 1974 2593">
     <span class='ocr_line' id='line_1_23' title="bbox 514 2502 1974 2593; baseline -0.016 0"><span class='ocrx_word' id='word_1_235' title='bbox 514 2507 710 2593; x_wconf 80' lang='lat' dir='ltr'>LXXXII]</span> <span class='ocrx_word' id='word_1_236' title='bbox 1069 2531 1129 2577; x_wconf 87' lang='lat' dir='ltr'>vos</span> <span class='ocrx_word' id='word_1_237' title='bbox 1143 2514 1319 2577; x_wconf 83' lang='lat' dir='ltr'>affectione</span> <span class='ocrx_word' id='word_1_238' title='bbox 1339 2515 1495 2586; x_wconf 88' lang='lat' dir='ltr'>tractare,</span> <span class='ocrx_word' id='word_1_239' title='bbox 1512 2529 1551 2574; x_wconf 90' lang='lat' dir='ltr'>ac</span> <span class='ocrx_word' id='word_1_240' title='bbox 1565 2512 1696 2574; x_wconf 89' lang='lat' dir='ltr'>blandis</span> <span class='ocrx_word' id='word_1_241' title='bbox 1712 2512 1873 2573; x_wconf 88' lang='lat' dir='ltr'>monitio-</span> <span class='ocrx_word' id='word_1_242' title='bbox 1973 2502 1974 2507; x_wconf 71' lang='grc'>’</span> 
     </span>
    </p>
   </div>
   <div class='ocr_carea' id='block_1_6' title="bbox 221 2610 1873 3275">
    <p class='ocr_par' dir='ltr' id='par_1_6' title="bbox 515 2610 1873 2885">
     <span class='ocr_line' id='line_1_24' title="bbox 1071 2610 1872 2674; baseline -0.005 0"><span class='ocrx_word' id='word_1_243' title='bbox 1071 2612 1167 2674; x_wconf 87' lang='lat' dir='ltr'>nibus</span> <span class='ocrx_word' id='word_1_244' title='bbox 1181 2628 1340 2674; x_wconf 89' lang='lat' dir='ltr'>revocare</span> <span class='ocrx_word' id='word_1_245' title='bbox 1350 2612 1392 2673; x_wconf 91' lang='lat' dir='ltr'>ab</span> <span class='ocrx_word' id='word_1_246' title='bbox 1405 2612 1495 2673; x_wconf 92' lang='lat' dir='ltr'>invio</span> <span class='ocrx_word' id='word_1_247' title='bbox 1506 2612 1539 2672; x_wconf 90' lang='lat' dir='ltr'>et</span> <span class='ocrx_word' id='word_1_248' title='bbox 1548 2610 1590 2672; x_wconf 88' lang='lat' dir='ltr'>ad</span> <span class='ocrx_word' id='word_1_249' title='bbox 1603 2612 1693 2672; x_wconf 90' lang='lat' dir='ltr'>viam</span> <span class='ocrx_word' id='word_1_250' title='bbox 1707 2610 1872 2671; x_wconf 86' lang='lat' dir='ltr'>reducere</span> 
     </span>
     <span class='ocr_line' id='line_1_25' title="bbox 1071 2709 1872 2781; baseline -0.007 -8"><span class='ocrx_word' id='word_1_251' title='bbox 1071 2711 1233 2781; x_wconf 87' lang='lat' dir='ltr'>veritatis,</span> <span class='ocrx_word' id='word_1_252' title='bbox 1253 2709 1503 2771; x_wconf 86' lang='lat' dir='ltr'>universitatem</span> <span class='ocrx_word' id='word_1_253' title='bbox 1517 2710 1663 2770; x_wconf 90' lang='lat' dir='ltr'>vestram</span> <span class='ocrx_word' id='word_1_254' title='bbox 1683 2723 1872 2777; x_wconf 85' lang='lat' dir='ltr'>monemus,</span> 
     </span>
     <span class='ocr_line' id='line_1_26' title="bbox 515 2787 1873 2885; baseline -0.005 -13"><span class='ocrx_word' id='word_1_255' title='bbox 515 2787 626 2847; x_wconf 43' lang='lat'><strong>²⁷⁶⁰&amp;</strong></span> <span class='ocrx_word' id='word_1_256' title='bbox 644 2788 721 2846; x_wconf 76' lang='lat'>¹²¹⁷·</span> <span class='ocrx_word' id='word_1_257' title='bbox 1071 2824 1227 2885; x_wconf 87' lang='lat' dir='ltr'>rogamus</span> <span class='ocrx_word' id='word_1_258' title='bbox 1254 2809 1287 2869; x_wconf 89' lang='lat' dir='ltr'>et</span> <span class='ocrx_word' id='word_1_259' title='bbox 1312 2806 1524 2868; x_wconf 86' lang='lat' dir='ltr'>obsecramus</span> <span class='ocrx_word' id='word_1_260' title='bbox 1551 2806 1586 2867; x_wconf 93' lang='lat' dir='ltr'>in</span> <span class='ocrx_word' id='word_1_261' title='bbox 1621 2806 1782 2877; x_wconf 87' lang='lat' dir='ltr'>Domino,</span> <span class='ocrx_word' id='word_1_262' title='bbox 1814 2804 1873 2865; x_wconf 87' lang='lat' dir='ltr'>sub</span> 
     </span>
    </p>

    <p class='ocr_par' dir='ltr' id='par_1_7' title="bbox 221 2902 1871 3082">
     <span class='ocr_line' id='line_1_27' title="bbox 221 2902 1871 2983; baseline -0.008 -8"><span class='ocrx_word' id='word_1_263' title='bbox 221 2909 356 2975; x_wconf 77' lang='lat' dir='ltr'>[bouquet</span> <span class='ocrx_word' id='word_1_264' title='bbox 374 2908 478 2961; x_wconf 71' lang='lat' dir='ltr'>aarum</span> <span class='ocrx_word' id='word_1_265' title='bbox 498 2908 543 2959; x_wconf 75' lang='lat'>&lt;¹0⁸</span> <span class='ocrx_word' id='word_1_266' title='bbox 565 2909 641 2969; x_wconf 78' lang='lat' dir='ltr'>laist,</span> <span class='ocrx_word' id='word_1_267' title='bbox 660 2915 678 2959; x_wconf 74' lang='lat'>¹-</span> <span class='ocrx_word' id='word_1_268' title='bbox 695 2909 763 2969; x_wconf 81' lang='lat' dir='ltr'>xlx,</span> <span class='ocrx_word' id='word_1_269' title='bbox 780 2924 806 2975; x_wconf 81' lang='lat' dir='ltr'>r·</span> <span class='ocrx_word' id='word_1_270' title='bbox 824 2908 886 2969; x_wconf 66' lang='lat' dir='ltr'>olm</span> <span class='ocrx_word' id='word_1_271' title='bbox 907 2910 1015 2974; x_wconf 59' lang='lat' dir='ltr'>litent,</span> <span class='ocrx_word' id='word_1_272' title='bbox 1072 2909 1336 2983; x_wconf 86' lang='lat' dir='ltr'>quantacumque</span> <span class='ocrx_word' id='word_1_273' title='bbox 1359 2903 1566 2965; x_wconf 86' lang='lat' dir='ltr'>districtione</span> <span class='ocrx_word' id='word_1_274' title='bbox 1581 2919 1760 2979; x_wconf 88' lang='lat' dir='ltr'>possumus</span> <span class='ocrx_word' id='word_1_275' title='bbox 1778 2902 1871 2964; x_wconf 86' lang='lat' dir='ltr'>vobis</span> 
     </span>
     <span class='ocr_line' id='line_1_28' title="bbox 509 2989 1870 3082; baseline -0.005 -14"><span class='ocrx_word' id='word_1_276' title='bbox 509 2989 552 3039; x_wconf 67' lang='lat' dir='ltr'>fib·</span> <span class='ocrx_word' id='word_1_277' title='bbox 566 2989 598 3047; x_wconf 72' lang='lat'>¹¹¹</span> <span class='ocrx_word' id='word_1_278' title='bbox 614 3004 656 3054; x_wconf 75' lang='lat'>⁰1³·</span> <span class='ocrx_word' id='word_1_279' title='bbox 666 2989 736 3053; x_wconf 55' lang='lat'>⁸²⁷4</span> <span class='ocrx_word' id='word_1_280' title='bbox 1072 3003 1295 3082; x_wconf 84' lang='lat' dir='ltr'>praecipiendo</span> <span class='ocrx_word' id='word_1_281' title='bbox 1318 3001 1522 3071; x_wconf 89' lang='lat' dir='ltr'>mandantes,</span> <span class='ocrx_word' id='word_1_282' title='bbox 1546 3002 1721 3079; x_wconf 84' lang='lat' dir='ltr'>quatenns,</span> <span class='ocrx_word' id='word_1_283' title='bbox 1748 3000 1792 3062; x_wconf 93' lang='lat' dir='ltr'>ob</span> <span class='ocrx_word' id='word_1_284' title='bbox 1813 3017 1870 3061; x_wconf 88' lang='lat' dir='ltr'>re-</span> 
     </span>
    </p>

    <p class='ocr_par' dir='ltr' id='par_1_8' title="bbox 221 3092 1871 3275">
     <span class='ocr_line' id='line_1_29' title="bbox 221 3092 1870 3170; baseline -0.007 -16"><span class='ocrx_word' id='word_1_285' title='bbox 221 3097 371 3155; x_wconf 86' lang='lat' dir='ltr'>Tolosanis</span> <span class='ocrx_word' id='word_1_286' title='bbox 384 3111 451 3153; x_wconf 91' lang='lat' dir='ltr'>cum</span> <span class='ocrx_word' id='word_1_287' title='bbox 463 3095 579 3154; x_wconf 90' lang='lat' dir='ltr'>Simone</span> <span class='ocrx_word' id='word_1_288' title='bbox 593 3094 629 3153; x_wconf 90' lang='lat' dir='ltr'>da</span> <span class='ocrx_word' id='word_1_289' title='bbox 643 3092 806 3153; x_wconf 86' lang='lat' dir='ltr'>llonteiorti</span> <span class='ocrx_word' id='word_1_290' title='bbox 815 3092 1018 3153; x_wconf 89' lang='lat' dir='ltr'>dissidentibus</span> <span class='ocrx_word' id='word_1_291' title='bbox 1072 3101 1256 3163; x_wconf 60' lang='lat' dir='ltr'>parentiam</span> <span class='ocrx_word' id='word_1_292' title='bbox 1277 3099 1424 3162; x_wconf 72' lang='lat' dir='ltr'>divinam</span> <span class='ocrx_word' id='word_1_293' title='bbox 1445 3100 1478 3161; x_wconf 70' lang='lat' dir='ltr'>et</span> <span class='ocrx_word' id='word_1_294' title='bbox 1498 3101 1656 3170; x_wconf 67' lang='lat' dir='ltr'>nostram,</span> <span class='ocrx_word' id='word_1_295' title='bbox 1685 3097 1870 3159; x_wconf 62' lang='lat' dir='ltr'>ambella.</span> 
     </span>
     <span class='ocr_line' id='line_1_30' title="bbox 256 3182 1871 3275; baseline -0.001 -34"><span class='ocrx_word' id='word_1_296' title='bbox 256 3186 284 3241; x_wconf 92' lang='lat' dir='ltr'>in</span> <span class='ocrx_word' id='word_1_297' title='bbox 306 3185 473 3242; x_wconf 89' lang='lat' dir='ltr'>memoriam</span> <span class='ocrx_word' id='word_1_298' title='bbox 494 3183 603 3241; x_wconf 88' lang='lat' dir='ltr'>reducit</span> <span class='ocrx_word' id='word_1_299' title='bbox 626 3182 756 3241; x_wconf 79' lang='lat' dir='ltr'>Pontifex</span> <span class='ocrx_word' id='word_1_300' title='bbox 779 3191 848 3256; x_wconf 85' lang='lat' dir='ltr'>quot</span> <span class='ocrx_word' id='word_1_301' title='bbox 865 3190 895 3239; x_wconf 91' lang='lat' dir='ltr'>et</span> <span class='ocrx_word' id='word_1_302' title='bbox 913 3190 1017 3256; x_wconf 88' lang='lat' dir='ltr'>quanta</span> <span class='ocrx_word' id='word_1_303' title='bbox 1072 3198 1163 3260; x_wconf 54' lang='lat' dir='ltr'><strong>tione</strong></span> <span class='ocrx_word' id='word_1_304' title='bbox 1181 3196 1371 3275; x_wconf 68' lang='lat' dir='ltr'>hujusmodi</span> <span class='ocrx_word' id='word_1_305' title='bbox 1396 3197 1526 3273; x_wconf 64' lang='lat' dir='ltr'>penitus</span> <span class='ocrx_word' id='word_1_306' title='bbox 1548 3195 1764 3267; x_wconf 62' lang='lat' dir='ltr'>desistentes,</span> <span class='ocrx_word' id='word_1_307' title='bbox 1788 3194 1871 3256; x_wconf 70' lang='lat' dir='ltr'>0b0.</span> 
     </span>
    </p>
   </div>
   <div class='ocr_carea' id='block_1_7' title="bbox 255 3271 1873 3434">
    <p class='ocr_par' dir='ltr' id='par_1_9' title="bbox 255 3271 1873 3434">
     <span class='ocr_line' id='line_1_31' title="bbox 256 3271 1873 3373; baseline -0.002 -19"><span class='ocrx_word' id='word_1_308' title='bbox 256 3271 375 3346; x_wconf 66' lang='lat' dir='ltr'>Pl¹d²¹¹b</span> <span class='ocrx_word' id='word_1_309' title='bbox 399 3271 578 3373; x_wconf 67' lang='lat' dir='ltr'>”dV⁶&#39;⁸⁰J1‘¹⁰</span> <span class='ocrx_word' id='word_1_310' title='bbox 604 3272 723 3340; x_wconf 71' lang='lat' dir='ltr'>S⁵m⁰¹¹¹2</span> <span class='ocrx_word' id='word_1_311' title='bbox 746 3272 821 3371; x_wconf 44' lang='lat'>{¹¹⁸⁸</span> <span class='ocrx_word' id='word_1_312' title='bbox 843 3271 975 3339; x_wconf 52' lang='lat' dir='ltr'>‘mmm’</span> <span class='ocrx_word' id='word_1_313' title='bbox 991 3278 1019 3329; x_wconf 71' lang='grc' dir='ltr'>θῑ</span> <span class='ocrx_word' id='word_1_314' title='bbox 1073 3286 1873 3371; x_wconf 83' lang='lat' dir='ltr'>diatisipsiuslegatimandatis.Nosenimeidem</span> 
     </span>
     <span class='ocr_line' id='line_1_32' title="bbox 255 3360 946 3434; baseline -0.004 -16"><span class='ocrx_word' id='word_1_315' title='bbox 255 3376 307 3418; x_wconf 89' lang='lat' dir='ltr'>eos</span> <span class='ocrx_word' id='word_1_316' title='bbox 320 3360 501 3418; x_wconf 85' lang='lat' dir='ltr'>carneadem</span> <span class='ocrx_word' id='word_1_317' title='bbox 516 3375 544 3417; x_wconf 88' lang='lat' dir='ltr'>m</span> <span class='ocrx_word' id='word_1_318' title='bbox 560 3362 684 3434; x_wconf 88' lang='lat' dir='ltr'>gratiam</span> <span class='ocrx_word' id='word_1_319' title='bbox 701 3360 794 3417; x_wconf 79' lang='lat' dir='ltr'>redire</span> <span class='ocrx_word' id='word_1_320' title='bbox 809 3361 946 3419; x_wconf 83' lang='lat' dir='ltr'>bortatur.</span> 
     </span>
    </p>
   </div>
   <div class='ocr_carea' id='block_1_8' title="bbox 279 2657 942 2732">
    <p class='ocr_par' dir='ltr' id='par_1_10' title="bbox 279 2657 942 2732">
     <span class='ocr_line' id='line_1_33' title="bbox 279 2657 942 2732; baseline -0.006 -13"><span class='ocrx_word' id='word_1_321' title='bbox 279 2657 501 2719; x_wconf 72' lang='lat' dir='ltr'>decertantes</span> <span class='ocrx_word' id='word_1_322' title='bbox 520 2657 555 2719; x_wconf 84' lang='lat' dir='ltr'>et</span> <span class='ocrx_word' id='word_1_323' title='bbox 572 2661 737 2732; x_wconf 82' lang='lat' dir='ltr'>poputum</span> <span class='ocrx_word' id='word_1_324' title='bbox 752 2658 942 2719; x_wconf 80' lang='lat' dir='ltr'>Totosartos.</span> 
     </span>
    </p>
   </div>
   <div class='ocr_carea' id='block_1_9' title="bbox 221 3388 1878 4833">
    <p class='ocr_par' dir='ltr' id='par_1_11' title="bbox 1074 3388 1868 3468">
     <span class='ocr_line' id='line_1_34' title="bbox 1074 3388 1868 3468; baseline 0.003 -15"><span class='ocrx_word' id='word_1_325' title='bbox 1074 3392 1184 3468; x_wconf 91' lang='lat' dir='ltr'>legato</span> <span class='ocrx_word' id='word_1_326' title='bbox 1201 3391 1323 3453; x_wconf 90' lang='lat' dir='ltr'>nostris</span> <span class='ocrx_word' id='word_1_327' title='bbox 1347 3390 1464 3451; x_wconf 90' lang='lat' dir='ltr'>damus</span> <span class='ocrx_word' id='word_1_328' title='bbox 1478 3389 1598 3452; x_wconf 89' lang='lat' dir='ltr'>litteris</span> <span class='ocrx_word' id='word_1_329' title='bbox 1624 3389 1659 3450; x_wconf 93' lang='lat' dir='ltr'>in</span> <span class='ocrx_word' id='word_1_330' title='bbox 1686 3388 1868 3455; x_wconf 79' lang='lat' dir='ltr'>mandatis,</span> 
     </span>
    </p>

    <p class='ocr_par' dir='ltr' id='par_1_12' title="bbox 222 3487 1873 3665">
     <span class='ocr_line' id='line_1_35' title="bbox 260 3487 1870 3567; baseline -0.003 -16"><span class='ocrx_word' id='word_1_331' title='bbox 260 3489 426 3551; x_wconf 88' lang='lat' dir='ltr'>Honorius</span> <span class='ocrx_word' id='word_1_332' title='bbox 450 3488 663 3567; x_wconf 89' lang='lat' dir='ltr'>episcopus...</span> <span class='ocrx_word' id='word_1_333' title='bbox 692 3487 883 3550; x_wconf 90' lang='lat' dir='ltr'>consulibus</span> <span class='ocrx_word' id='word_1_334' title='bbox 907 3487 941 3550; x_wconf 92' lang='lat' dir='ltr'>et</span> <span class='ocrx_word' id='word_1_335' title='bbox 954 3503 1018 3566; x_wconf 92' lang='lat' dir='ltr'>po·</span> <span class='ocrx_word' id='word_1_336' title='bbox 1074 3487 1870 3566; x_wconf 86' lang='lat' dir='ltr'>nt,interponenssollicitapartessnas,comitem</span> 
     </span>
     <span class='ocr_line' id='line_1_36' title="bbox 222 3583 1873 3665; baseline -0.002 -18"><span class='ocrx_word' id='word_1_337' title='bbox 222 3587 300 3665; x_wconf 92' lang='lat' dir='ltr'>pulo</span> <span class='ocrx_word' id='word_1_338' title='bbox 319 3587 494 3648; x_wconf 87' lang='lat' dir='ltr'>Tolosanis</span> <span class='ocrx_word' id='word_1_339' title='bbox 509 3588 661 3664; x_wconf 89' lang='lat' dir='ltr'>spiritum</span> <span class='ocrx_word' id='word_1_340' title='bbox 677 3586 808 3647; x_wconf 89' lang='lat' dir='ltr'>consilii</span> <span class='ocrx_word' id='word_1_341' title='bbox 823 3585 977 3647; x_wconf 91' lang='lat' dir='ltr'>sanioris.</span> <span class='ocrx_word' id='word_1_342' title='bbox 1075 3585 1209 3648; x_wconf 87' lang='lat' dir='ltr'>inducat</span> <span class='ocrx_word' id='word_1_343' title='bbox 1223 3585 1384 3654; x_wconf 85' lang='lat' dir='ltr'>eumdem,</span> <span class='ocrx_word' id='word_1_344' title='bbox 1403 3588 1440 3646; x_wconf 89' lang='lat' dir='ltr'>ut</span> <span class='ocrx_word' id='word_1_345' title='bbox 1454 3583 1548 3645; x_wconf 91' lang='lat' dir='ltr'>vobis</span> <span class='ocrx_word' id='word_1_346' title='bbox 1562 3583 1604 3644; x_wconf 92' lang='lat' dir='ltr'>ad</span> <span class='ocrx_word' id='word_1_347' title='bbox 1628 3587 1702 3661; x_wconf 88' lang='lat' dir='ltr'>ejus</span> <span class='ocrx_word' id='word_1_348' title='bbox 1719 3584 1873 3646; x_wconf 88' lang='lat' dir='ltr'>devotio-</span> 
     </span>
    </p>

    <p class='ocr_par' dir='ltr' id='par_1_13' title="bbox 221 3680 1878 4833">
     <span class='ocr_line' id='line_1_37' title="bbox 262 3680 1874 3762; baseline -0.003 -17"><span class='ocrx_word' id='word_1_349' title='bbox 262 3685 482 3746; x_wconf 86' lang='lat' dir='ltr'>Credebamus</span> <span class='ocrx_word' id='word_1_350' title='bbox 505 3685 591 3762; x_wconf 88' lang='lat' dir='ltr'>qnod</span> <span class='ocrx_word' id='word_1_351' title='bbox 609 3683 704 3746; x_wconf 88' lang='lat' dir='ltr'>vobis</span> <span class='ocrx_word' id='word_1_352' title='bbox 722 3684 867 3746; x_wconf 89' lang='lat' dir='ltr'>dedisset</span> <span class='ocrx_word' id='word_1_353' title='bbox 885 3683 1019 3745; x_wconf 81' lang='lat' dir='ltr'>vexatio</span> <span class='ocrx_word' id='word_1_354' title='bbox 1075 3699 1150 3745; x_wconf 90' lang='lat' dir='ltr'>nem</span> <span class='ocrx_word' id='word_1_355' title='bbox 1172 3683 1344 3744; x_wconf 90' lang='lat' dir='ltr'>humiliter</span> <span class='ocrx_word' id='word_1_356' title='bbox 1361 3680 1576 3745; x_wconf 88' lang='lat' dir='ltr'>redeuntibus</span> <span class='ocrx_word' id='word_1_357' title='bbox 1598 3681 1774 3757; x_wconf 87' lang='lat' dir='ltr'>indulgeat</span> <span class='ocrx_word' id='word_1_358' title='bbox 1788 3681 1874 3741; x_wconf 90' lang='lat' dir='ltr'>banc</span> 
     </span>
     <span class='ocr_line' id='line_1_38' title="bbox 221 3778 1873 3859; baseline -0.003 -16"><span class='ocrx_word' id='word_1_359' title='bbox 221 3783 438 3851; x_wconf 88' lang='lat' dir='ltr'>intellectum,</span> <span class='ocrx_word' id='word_1_360' title='bbox 458 3783 501 3855; x_wconf 89' lang='lat' dir='ltr'>et,</span> <span class='ocrx_word' id='word_1_361' title='bbox 527 3782 713 3844; x_wconf 91' lang='lat' dir='ltr'>recolentes</span> <span class='ocrx_word' id='word_1_362' title='bbox 742 3781 935 3843; x_wconf 90' lang='lat' dir='ltr'>scandalum</span> <span class='ocrx_word' id='word_1_363' title='bbox 962 3796 1021 3859; x_wconf 90' lang='lat' dir='ltr'>per</span> <span class='ocrx_word' id='word_1_364' title='bbox 1075 3781 1247 3847; x_wconf 86' lang='lat' dir='ltr'>offensam,</span> <span class='ocrx_word' id='word_1_365' title='bbox 1261 3781 1294 3842; x_wconf 88' lang='lat' dir='ltr'>et</span> <span class='ocrx_word' id='word_1_366' title='bbox 1314 3796 1373 3841; x_wconf 90' lang='lat' dir='ltr'>vos</span> <span class='ocrx_word' id='word_1_367' title='bbox 1392 3780 1434 3840; x_wconf 90' lang='lat' dir='ltr'>de</span> <span class='ocrx_word' id='word_1_368' title='bbox 1453 3780 1573 3841; x_wconf 86' lang='lat' dir='ltr'>caetero</span> <span class='ocrx_word' id='word_1_369' title='bbox 1589 3778 1747 3840; x_wconf 88' lang='lat' dir='ltr'>decenter</span> <span class='ocrx_word' id='word_1_370' title='bbox 1759 3778 1873 3839; x_wconf 88' lang='lat' dir='ltr'>ethu-</span> 
     </span>
     <span class='ocr_line' id='line_1_39' title="bbox 222 3876 1874 3960; baseline -0.004 -17"><span class='ocrx_word' id='word_1_371' title='bbox 222 3883 309 3960; x_wconf 85' lang='lat' dir='ltr'>quod</span> <span class='ocrx_word' id='word_1_372' title='bbox 331 3881 490 3944; x_wconf 90' lang='lat' dir='ltr'>turbastis</span> <span class='ocrx_word' id='word_1_373' title='bbox 516 3880 739 3957; x_wconf 75' lang='lat' dir='ltr'>apostolicam</span> <span class='ocrx_word' id='word_1_374' title='bbox 760 3879 877 3941; x_wconf 86' lang='lat' dir='ltr'>Sedem</span> <span class='ocrx_word' id='word_1_375' title='bbox 892 3895 931 3941; x_wconf 89' lang='lat' dir='ltr'>ac</span> <span class='ocrx_word' id='word_1_376' title='bbox 949 3878 1019 3941; x_wconf 91' lang='lat' dir='ltr'>cir·</span> <span class='ocrx_word' id='word_1_377' title='bbox 1075 3895 1173 3940; x_wconf 90' lang='lat' dir='ltr'>mane</span> <span class='ocrx_word' id='word_1_378' title='bbox 1193 3879 1382 3955; x_wconf 89' lang='lat' dir='ltr'>pertractet,</span> <span class='ocrx_word' id='word_1_379' title='bbox 1398 3879 1432 3938; x_wconf 89' lang='lat' dir='ltr'>et</span> <span class='ocrx_word' id='word_1_380' title='bbox 1444 3893 1483 3938; x_wconf 92' lang='lat' dir='ltr'>ea</span> <span class='ocrx_word' id='word_1_381' title='bbox 1499 3893 1572 3954; x_wconf 87' lang='lat' dir='ltr'>quae</span> <span class='ocrx_word' id='word_1_382' title='bbox 1586 3876 1748 3938; x_wconf 88' lang='lat' dir='ltr'>intervos</span> <span class='ocrx_word' id='word_1_383' title='bbox 1763 3876 1874 3937; x_wconf 89' lang='lat' dir='ltr'>etdic·</span> 
     </span>
     <span class='ocr_line' id='line_1_40' title="bbox 223 3974 1874 4053; baseline -0.005 -11"><span class='ocrx_word' id='word_1_384' title='bbox 223 3982 425 4043; x_wconf 89' lang='lat' dir='ltr'>cnmstantas</span> <span class='ocrx_word' id='word_1_385' title='bbox 450 3979 564 4041; x_wconf 77' lang='lat' dir='ltr'>fideles</span> <span class='ocrx_word' id='word_1_386' title='bbox 592 3980 626 4041; x_wconf 90' lang='lat' dir='ltr'>et</span> <span class='ocrx_word' id='word_1_387' title='bbox 646 3979 763 4039; x_wconf 92' lang='lat' dir='ltr'>contra</span> <span class='ocrx_word' id='word_1_388' title='bbox 791 3993 850 4039; x_wconf 91' lang='lat' dir='ltr'>vos</span> <span class='ocrx_word' id='word_1_389' title='bbox 874 3978 1022 4053; x_wconf 90' lang='lat' dir='ltr'>graviter</span> <span class='ocrx_word' id='word_1_390' title='bbox 1074 3978 1145 4039; x_wconf 91' lang='lat' dir='ltr'>tum</span> <span class='ocrx_word' id='word_1_391' title='bbox 1169 3975 1321 4037; x_wconf 89' lang='lat' dir='ltr'>comitem</span> <span class='ocrx_word' id='word_1_392' title='bbox 1339 3974 1515 4035; x_wconf 85' lang='lat' dir='ltr'>discordiae</span> <span class='ocrx_word' id='word_1_393' title='bbox 1532 3974 1708 4035; x_wconf 87' lang='lat' dir='ltr'>materiam</span> <span class='ocrx_word' id='word_1_394' title='bbox 1726 3974 1874 4050; x_wconf 82' lang='lat' dir='ltr'>partunt,</span> 
     </span>
     <span class='ocr_line' id='line_1_41' title="bbox 224 4071 1873 4155; baseline -0.004 -17"><span class='ocrx_word' id='word_1_395' title='bbox 224 4080 442 4155; x_wconf 88' lang='lat' dir='ltr'>provocastis,</span> <span class='ocrx_word' id='word_1_396' title='bbox 454 4077 632 4138; x_wconf 90' lang='lat' dir='ltr'>studeretis</span> <span class='ocrx_word' id='word_1_397' title='bbox 643 4076 797 4151; x_wconf 89' lang='lat' dir='ltr'>deinceps</span> <span class='ocrx_word' id='word_1_398' title='bbox 807 4075 913 4152; x_wconf 90' lang='lat' dir='ltr'>ipsius</span> <span class='ocrx_word' id='word_1_399' title='bbox 921 4079 1022 4152; x_wconf 77' lang='lat' dir='ltr'>Apos-</span> <span class='ocrx_word' id='word_1_400' title='bbox 1075 4075 1117 4135; x_wconf 90' lang='lat' dir='ltr'>ad</span> <span class='ocrx_word' id='word_1_401' title='bbox 1133 4090 1193 4135; x_wconf 89' lang='lat' dir='ltr'>nos</span> <span class='ocrx_word' id='word_1_402' title='bbox 1205 4072 1331 4134; x_wconf 81' lang='lat' dir='ltr'>reterre</span> <span class='ocrx_word' id='word_1_403' title='bbox 1344 4074 1509 4149; x_wconf 89' lang='lat' dir='ltr'>procuret,</span> <span class='ocrx_word' id='word_1_404' title='bbox 1521 4071 1554 4132; x_wconf 91' lang='lat' dir='ltr'>et</span> <span class='ocrx_word' id='word_1_405' title='bbox 1563 4087 1635 4143; x_wconf 92' lang='lat' dir='ltr'>nos,</span> <span class='ocrx_word' id='word_1_406' title='bbox 1648 4071 1793 4132; x_wconf 86' lang='lat' dir='ltr'>veritate</span> <span class='ocrx_word' id='word_1_407' title='bbox 1803 4071 1873 4147; x_wconf 89' lang='lat' dir='ltr'>ple-</span> 
     </span>
     <span class='ocr_line' id='line_1_42' title="bbox 224 4167 1874 4247; baseline -0.005 -12"><span class='ocrx_word' id='word_1_408' title='bbox 224 4174 334 4235; x_wconf 87' lang='lat' dir='ltr'>tolicae</span> <span class='ocrx_word' id='word_1_409' title='bbox 349 4173 443 4235; x_wconf 88' lang='lat' dir='ltr'>Sedis</span> <span class='ocrx_word' id='word_1_410' title='bbox 454 4171 602 4234; x_wconf 80' lang='lat' dir='ltr'>favorem</span> <span class='ocrx_word' id='word_1_411' title='bbox 613 4172 646 4233; x_wconf 88' lang='lat' dir='ltr'>et</span> <span class='ocrx_word' id='word_1_412' title='bbox 655 4172 797 4247; x_wconf 89' lang='lat' dir='ltr'>gratiam</span> <span class='ocrx_word' id='word_1_413' title='bbox 810 4186 1019 4232; x_wconf 88' lang='lat' dir='ltr'>conservare.</span> <span class='ocrx_word' id='word_1_414' title='bbox 1076 4171 1154 4231; x_wconf 90' lang='lat' dir='ltr'>nius</span> <span class='ocrx_word' id='word_1_415' title='bbox 1165 4170 1347 4241; x_wconf 88' lang='lat' dir='ltr'>intellecta,</span> <span class='ocrx_word' id='word_1_416' title='bbox 1361 4168 1394 4228; x_wconf 92' lang='lat' dir='ltr'>id</span> <span class='ocrx_word' id='word_1_417' title='bbox 1403 4168 1531 4246; x_wconf 89' lang='lat' dir='ltr'>judicio</span> <span class='ocrx_word' id='word_1_418' title='bbox 1546 4169 1598 4229; x_wconf 91' lang='lat' dir='ltr'>vel</span> <span class='ocrx_word' id='word_1_419' title='bbox 1610 4167 1792 4229; x_wconf 87' lang='lat' dir='ltr'>concordia</span> <span class='ocrx_word' id='word_1_420' title='bbox 1804 4170 1874 4228; x_wconf 89' lang='lat' dir='ltr'>ter-</span> 
     </span>
     <span class='ocr_line' id='line_1_43' title="bbox 223 4264 1876 4344; baseline -0.004 -13"><span class='ocrx_word' id='word_1_421' title='bbox 223 4273 433 4341; x_wconf 81' lang='lat' dir='ltr'>vosautem,</span> <span class='ocrx_word' id='word_1_422' title='bbox 460 4269 546 4331; x_wconf 91' lang='lat' dir='ltr'>sicut</span> <span class='ocrx_word' id='word_1_423' title='bbox 568 4268 767 4340; x_wconf 90' lang='lat' dir='ltr'>audivimus,</span> <span class='ocrx_word' id='word_1_424' title='bbox 794 4271 827 4330; x_wconf 90' lang='lat' dir='ltr'>et</span> <span class='ocrx_word' id='word_1_425' title='bbox 850 4268 1022 4329; x_wconf 87' lang='lat' dir='ltr'>audientes</span> <span class='ocrx_word' id='word_1_426' title='bbox 1077 4269 1253 4338; x_wconf 90' lang='lat' dir='ltr'>minantes,</span> <span class='ocrx_word' id='word_1_427' title='bbox 1269 4266 1505 4344; x_wconf 88' lang='lat' dir='ltr'>provideamus</span> <span class='ocrx_word' id='word_1_428' title='bbox 1520 4265 1647 4343; x_wconf 90' lang='lat' dir='ltr'>pariter</span> <span class='ocrx_word' id='word_1_429' title='bbox 1660 4264 1759 4326; x_wconf 89' lang='lat' dir='ltr'>vobis</span> <span class='ocrx_word' id='word_1_430' title='bbox 1774 4268 1876 4326; x_wconf 91' lang='lat' dir='ltr'>etco-</span> 
     </span>
     <span class='ocr_line' id='line_1_44' title="bbox 223 4362 1875 4444; baseline -0.004 -16"><span class='ocrx_word' id='word_1_431' title='bbox 223 4368 433 4444; x_wconf 85' lang='lat' dir='ltr'>nequivimus</span> <span class='ocrx_word' id='word_1_432' title='bbox 447 4382 513 4427; x_wconf 91' lang='lat' dir='ltr'>non</span> <span class='ocrx_word' id='word_1_433' title='bbox 535 4364 676 4436; x_wconf 86' lang='lat' dir='ltr'>turbari,</span> <span class='ocrx_word' id='word_1_434' title='bbox 699 4366 943 4442; x_wconf 87' lang='lat' dir='ltr'>praeteritorum</span> <span class='ocrx_word' id='word_1_435' title='bbox 958 4366 1024 4426; x_wconf 92' lang='lat' dir='ltr'>im·</span> <span class='ocrx_word' id='word_1_436' title='bbox 1077 4366 1148 4426; x_wconf 93' lang='lat' dir='ltr'>miti</span> <span class='ocrx_word' id='word_1_437' title='bbox 1164 4364 1353 4441; x_wconf 87' lang='lat' dir='ltr'>saepedicta,</span> <span class='ocrx_word' id='word_1_438' title='bbox 1363 4365 1411 4425; x_wconf 91' lang='lat' dir='ltr'>ita</span> <span class='ocrx_word' id='word_1_439' title='bbox 1425 4364 1510 4441; x_wconf 87' lang='lat' dir='ltr'>quod</span> <span class='ocrx_word' id='word_1_440' title='bbox 1525 4364 1559 4423; x_wconf 91' lang='lat' dir='ltr'>in</span> <span class='ocrx_word' id='word_1_441' title='bbox 1571 4363 1686 4423; x_wconf 88' lang='lat' dir='ltr'>mutua</span> <span class='ocrx_word' id='word_1_442' title='bbox 1696 4362 1875 4425; x_wconf 87' lang='lat' dir='ltr'>dilectione</span> 
     </span>
     <span class='ocr_line' id='line_1_45' title="bbox 224 4460 1876 4540; baseline -0.002 -14"><span class='ocrx_word' id='word_1_443' title='bbox 224 4481 398 4536; x_wconf 89' lang='lat' dir='ltr'>memores,</span> <span class='ocrx_word' id='word_1_444' title='bbox 414 4466 447 4526; x_wconf 90' lang='lat' dir='ltr'>et</span> <span class='ocrx_word' id='word_1_445' title='bbox 458 4463 635 4540; x_wconf 91' lang='lat' dir='ltr'>improvidi</span> <span class='ocrx_word' id='word_1_446' title='bbox 645 4463 843 4535; x_wconf 80' lang='lat' dir='ltr'>tuturorum,</span> <span class='ocrx_word' id='word_1_447' title='bbox 854 4463 1022 4539; x_wconf 89' lang='lat' dir='ltr'>negotium</span> <span class='ocrx_word' id='word_1_448' title='bbox 1078 4478 1212 4523; x_wconf 89' lang='lat' dir='ltr'>manere</span> <span class='ocrx_word' id='word_1_449' title='bbox 1226 4462 1371 4539; x_wconf 89' lang='lat' dir='ltr'>possitis.</span> <span class='ocrx_word' id='word_1_450' title='bbox 1387 4464 1455 4523; x_wconf 90' lang='lat' dir='ltr'>Vos</span> <span class='ocrx_word' id='word_1_451' title='bbox 1471 4461 1572 4537; x_wconf 88' lang='lat' dir='ltr'>igitur</span> <span class='ocrx_word' id='word_1_452' title='bbox 1584 4460 1710 4521; x_wconf 90' lang='lat' dir='ltr'>nostris</span> <span class='ocrx_word' id='word_1_453' title='bbox 1726 4462 1876 4538; x_wconf 86' lang='lat' dir='ltr'>acquies-</span> 
     </span>
     <span class='ocr_line' id='line_1_46' title="bbox 225 4557 1875 4641; baseline -0.004 -17"><span class='ocrx_word' id='word_1_454' title='bbox 225 4565 317 4641; x_wconf 89' lang='lat' dir='ltr'>pacis</span> <span class='ocrx_word' id='word_1_455' title='bbox 330 4566 363 4624; x_wconf 90' lang='lat' dir='ltr'>et</span> <span class='ocrx_word' id='word_1_456' title='bbox 378 4562 469 4633; x_wconf 84' lang='lat' dir='ltr'>fidei,</span> <span class='ocrx_word' id='word_1_457' title='bbox 483 4561 531 4623; x_wconf 91' lang='lat' dir='ltr'>tot</span> <span class='ocrx_word' id='word_1_458' title='bbox 541 4575 759 4636; x_wconf 90' lang='lat' dir='ltr'>personarum</span> <span class='ocrx_word' id='word_1_459' title='bbox 768 4561 801 4622; x_wconf 90' lang='lat' dir='ltr'>et</span> <span class='ocrx_word' id='word_1_460' title='bbox 810 4576 922 4621; x_wconf 88' lang='lat' dir='ltr'>rernm</span> <span class='ocrx_word' id='word_1_461' title='bbox 936 4560 1023 4621; x_wconf 91' lang='lat' dir='ltr'>labo·</span> <span class='ocrx_word' id='word_1_462' title='bbox 1078 4562 1143 4623; x_wconf 91' lang='lat' dir='ltr'>cite</span> <span class='ocrx_word' id='word_1_463' title='bbox 1157 4559 1321 4621; x_wconf 88' lang='lat' dir='ltr'>mandatis</span> <span class='ocrx_word' id='word_1_464' title='bbox 1344 4561 1378 4621; x_wconf 89' lang='lat' dir='ltr'>et</span> <span class='ocrx_word' id='word_1_465' title='bbox 1401 4558 1563 4632; x_wconf 90' lang='lat' dir='ltr'>consiliis,</span> <span class='ocrx_word' id='word_1_466' title='bbox 1580 4558 1613 4619; x_wconf 90' lang='lat' dir='ltr'>et</span> <span class='ocrx_word' id='word_1_467' title='bbox 1639 4557 1780 4635; x_wconf 91' lang='lat' dir='ltr'>probate</span> <span class='ocrx_word' id='word_1_468' title='bbox 1799 4557 1875 4636; x_wconf 90' lang='lat' dir='ltr'>qnid</span> 
     </span>
     <span class='ocr_line' id='line_1_47' title="bbox 225 4656 1875 4738; baseline -0.003 -17"><span class='ocrx_word' id='word_1_469' title='bbox 225 4662 316 4723; x_wconf 89' lang='lat' dir='ltr'>ribus</span> <span class='ocrx_word' id='word_1_470' title='bbox 330 4665 362 4723; x_wconf 91' lang='lat' dir='ltr'>et</span> <span class='ocrx_word' id='word_1_471' title='bbox 372 4659 554 4738; x_wconf 89' lang='lat' dir='ltr'>dispendiis</span> <span class='ocrx_word' id='word_1_472' title='bbox 564 4657 599 4718; x_wconf 93' lang='lat' dir='ltr'>in</span> <span class='ocrx_word' id='word_1_473' title='bbox 611 4656 732 4719; x_wconf 90' lang='lat' dir='ltr'>vestris</span> <span class='ocrx_word' id='word_1_474' title='bbox 745 4656 895 4734; x_wconf 91' lang='lat' dir='ltr'>partibus</span> <span class='ocrx_word' id='word_1_475' title='bbox 909 4673 1024 4734; x_wconf 90' lang='lat' dir='ltr'>procn-</span> <span class='ocrx_word' id='word_1_476' title='bbox 1079 4658 1215 4719; x_wconf 88' lang='lat' dir='ltr'>honoris</span> <span class='ocrx_word' id='word_1_477' title='bbox 1230 4661 1263 4719; x_wconf 92' lang='lat' dir='ltr'>et</span> <span class='ocrx_word' id='word_1_478' title='bbox 1279 4657 1406 4718; x_wconf 85' lang='lat' dir='ltr'>fructus</span> <span class='ocrx_word' id='word_1_479' title='bbox 1422 4673 1465 4719; x_wconf 80' lang='lat' dir='ltr'>ex</span> <span class='ocrx_word' id='word_1_480' title='bbox 1478 4656 1676 4733; x_wconf 74' lang='lat' dir='ltr'>apostolicae</span> <span class='ocrx_word' id='word_1_481' title='bbox 1692 4656 1792 4717; x_wconf 89' lang='lat' dir='ltr'>Sedis</span> <span class='ocrx_word' id='word_1_482' title='bbox 1804 4672 1875 4731; x_wconf 88' lang='lat' dir='ltr'>gra·</span> 
     </span>
     <span class='ocr_line' id='line_1_48' title="bbox 226 4752 1878 4833; baseline -0.004 -14"><span class='ocrx_word' id='word_1_483' title='bbox 226 4763 345 4832; x_wconf 88' lang='lat' dir='ltr'>ratum,</span> <span class='ocrx_word' id='word_1_484' title='bbox 371 4758 536 4820; x_wconf 89' lang='lat' dir='ltr'>diabolico</span> <span class='ocrx_word' id='word_1_485' title='bbox 560 4756 716 4817; x_wconf 89' lang='lat' dir='ltr'>concitati</span> <span class='ocrx_word' id='word_1_486' title='bbox 740 4755 860 4832; x_wconf 91' lang='lat' dir='ltr'>spiritu</span> <span class='ocrx_word' id='word_1_487' title='bbox 873 4757 907 4817; x_wconf 91' lang='lat' dir='ltr'>et</span> <span class='ocrx_word' id='word_1_488' title='bbox 920 4771 1023 4833; x_wconf 89' lang='lat' dir='ltr'>pravo</span> <span class='ocrx_word' id='word_1_489' title='bbox 1077 4756 1125 4817; x_wconf 88' lang='lat' dir='ltr'>tia</span> <span class='ocrx_word' id='word_1_490' title='bbox 1140 4755 1298 4832; x_wconf 85' lang='lat' dir='ltr'>consequi</span> <span class='ocrx_word' id='word_1_491' title='bbox 1321 4753 1479 4825; x_wconf 87' lang='lat' dir='ltr'>valeatis,</span> <span class='ocrx_word' id='word_1_492' title='bbox 1503 4769 1576 4831; x_wconf 90' lang='lat' dir='ltr'>quae</span> <span class='ocrx_word' id='word_1_493' title='bbox 1598 4752 1685 4814; x_wconf 89' lang='lat' dir='ltr'>sicut</span> <span class='ocrx_word' id='word_1_494' title='bbox 1698 4753 1809 4815; x_wconf 89' lang='lat' dir='ltr'>invita</span> <span class='ocrx_word' id='word_1_495' title='bbox 1824 4770 1878 4814; x_wconf 87' lang='lat' dir='ltr'>re·</span> 
     </span>
    </p>
   </div>
   <div class='ocr_carea' id='block_1_10' title="bbox 224 4927 1879 5369">
    <p class='ocr_par' dir='ltr' id='par_1_14' title="bbox 224 4927 1879 5369">
     <span class='ocr_line' id='line_1_49' title="bbox 263 4927 1877 5059; baseline -0.003 -68"><span class='ocrx_word' id='word_1_496' title='bbox 263 4937 304 5007; x_wconf 78' lang='lat' dir='ltr'>(t)</span> <span class='ocrx_word' id='word_1_497' title='bbox 319 4935 487 4993; x_wconf 74' lang='lat' dir='ltr'>Paenitentia</span> <span class='ocrx_word' id='word_1_498' title='bbox 501 4949 551 5008; x_wconf 89' lang='lat' dir='ltr'>per</span> <span class='ocrx_word' id='word_1_499' title='bbox 564 4933 668 4991; x_wconf 90' lang='lat' dir='ltr'>saltum</span> <span class='ocrx_word' id='word_1_500' title='bbox 681 4939 817 5059; x_wconf 59' lang='lat' dir='ltr'>promoto</span> <span class='ocrx_word' id='word_1_501' title='bbox 827 4930 971 5005; x_wconf 85' lang='lat' dir='ltr'>condigne</span> <span class='ocrx_word' id='word_1_502' title='bbox 982 4933 1023 4990; x_wconf 93' lang='lat' dir='ltr'>in·</span> <span class='ocrx_word' id='word_1_503' title='bbox 1080 4930 1214 4989; x_wconf 83' lang='lat' dir='ltr'>aitecerat</span> <span class='ocrx_word' id='word_1_504' title='bbox 1228 4931 1325 4988; x_wconf 90' lang='lat' dir='ltr'>Simon</span> <span class='ocrx_word' id='word_1_505' title='bbox 1345 4929 1382 4987; x_wconf 90' lang='lat' dir='ltr'>de</span> <span class='ocrx_word' id='word_1_506' title='bbox 1396 4927 1567 4997; x_wconf 87' lang='lat' dir='ltr'>ltunteiorti,</span> <span class='ocrx_word' id='word_1_507' title='bbox 1587 4927 1659 5010; x_wconf 82' lang='lat' dir='ltr'>adeo</span> <span class='ocrx_word' id='word_1_508' title='bbox 1671 4934 1703 4984; x_wconf 87' lang='lat' dir='ltr'>ut</span> <span class='ocrx_word' id='word_1_509' title='bbox 1714 4928 1819 4986; x_wconf 90' lang='lat' dir='ltr'>urbem</span> <span class='ocrx_word' id='word_1_510' title='bbox 1835 4931 1877 4986; x_wconf 90' lang='lat' dir='ltr'>in·</span> 
     </span>
     <span class='ocr_line' id='line_1_50' title="bbox 224 5000 1879 5080; baseline -0.003 -18"><span class='ocrx_word' id='word_1_511' title='bbox 224 5006 668 5080; x_wconf 69' lang='lat' dir='ltr'>jtrncta.irtrtoceetteslllmnno</span> <span class='ocrx_word' id='word_1_512' title='bbox 696 5003 1025 5070; x_wconf 72' lang='lat' dir='ltr'>ild‚aliterstatuitcum</span> <span class='ocrx_word' id='word_1_513' title='bbox 1079 5003 1181 5061; x_wconf 84' lang='lat' dir='ltr'>cendio</span> <span class='ocrx_word' id='word_1_514' title='bbox 1201 5008 1336 5067; x_wconf 88' lang='lat' dir='ltr'>vastaret,</span> <span class='ocrx_word' id='word_1_515' title='bbox 1363 5000 1463 5058; x_wconf 88' lang='lat' dir='ltr'>eodem</span> <span class='ocrx_word' id='word_1_516' title='bbox 1489 5014 1566 5057; x_wconf 89' lang='lat' dir='ltr'>anno</span> <span class='ocrx_word' id='word_1_517' title='bbox 1584 5006 1720 5056; x_wconf 80' lang='lat' dir='ltr'>comitem</span> <span class='ocrx_word' id='word_1_518' title='bbox 1742 5001 1879 5057; x_wconf 85' lang='lat' dir='ltr'>Baimun·</span> 
     </span>
     <span class='ocr_line' id='line_1_51' title="bbox 228 5070 1877 5149; baseline -0.004 -16"><span class='ocrx_word' id='word_1_519' title='bbox 228 5092 264 5133; x_wconf 88' lang='lat' dir='ltr'>eo</span> <span class='ocrx_word' id='word_1_520' title='bbox 277 5078 324 5149; x_wconf 85' lang='lat' dir='ltr'>qui</span> <span class='ocrx_word' id='word_1_521' title='bbox 339 5075 506 5133; x_wconf 87' lang='lat' dir='ltr'>diaconatus</span> <span class='ocrx_word' id='word_1_522' title='bbox 516 5075 616 5133; x_wconf 88' lang='lat' dir='ltr'>ordine</span> <span class='ocrx_word' id='word_1_523' title='bbox 630 5074 818 5147; x_wconf 83' lang='lat' dir='ltr'>(ignoranter)</span> <span class='ocrx_word' id='word_1_524' title='bbox 834 5075 1025 5146; x_wconf 73' lang='lat' dir='ltr'>pretermisso</span> <span class='ocrx_word' id='word_1_525' title='bbox 1079 5074 1146 5130; x_wconf 91' lang='lat' dir='ltr'>dum</span> <span class='ocrx_word' id='word_1_526' title='bbox 1160 5075 1210 5142; x_wconf 84' lang='lat' dir='ltr'>Vl,</span> <span class='ocrx_word' id='word_1_527' title='bbox 1222 5074 1257 5129; x_wconf 86' lang='lat' dir='ltr'>ab</span> <span class='ocrx_word' id='word_1_528' title='bbox 1274 5072 1409 5144; x_wconf 88' lang='lat' dir='ltr'>llispania</span> <span class='ocrx_word' id='word_1_529' title='bbox 1423 5077 1600 5138; x_wconf 90' lang='lat' dir='ltr'>revocatum,</span> <span class='ocrx_word' id='word_1_530' title='bbox 1614 5070 1804 5142; x_wconf 86' lang='lat' dir='ltr'>recepissent,</span> <span class='ocrx_word' id='word_1_531' title='bbox 1817 5087 1877 5127; x_wconf 87' lang='lat' dir='ltr'>rur·</span> 
     </span>
     <span class='ocr_line' id='line_1_52' title="bbox 227 5140 1879 5228; baseline -0.005 -23"><span class='ocrx_word' id='word_1_532' title='bbox 227 5164 260 5205; x_wconf 88' lang='lat' dir='ltr'>se</span> <span class='ocrx_word' id='word_1_533' title='bbox 273 5147 339 5205; x_wconf 90' lang='lat' dir='ltr'>iecit</span> <span class='ocrx_word' id='word_1_534' title='bbox 353 5145 692 5204; x_wconf 86' lang='lat' dir='ltr'>adsacerdotisordiuem</span> <span class='ocrx_word' id='word_1_535' title='bbox 706 5147 887 5228; x_wconf 83' lang='lat' dir='ltr'>promoveri3</span> <span class='ocrx_word' id='word_1_536' title='bbox 906 5146 1024 5202; x_wconf 88' lang='lat' dir='ltr'>manda·</span> <span class='ocrx_word' id='word_1_537' title='bbox 1080 5144 1317 5202; x_wconf 78' lang='lat' dir='ltr'>susensidionem</span> <span class='ocrx_word' id='word_1_538' title='bbox 1330 5145 1407 5200; x_wconf 90' lang='lat' dir='ltr'>urbis</span> <span class='ocrx_word' id='word_1_539' title='bbox 1422 5140 1588 5222; x_wconf 77' lang='lat' dir='ltr'>aggreditur</span> <span class='ocrx_word' id='word_1_540' title='bbox 1606 5142 1717 5209; x_wconf 88' lang='lat' dir='ltr'>Simon,</span> <span class='ocrx_word' id='word_1_541' title='bbox 1737 5141 1879 5198; x_wconf 87' lang='lat' dir='ltr'>suadente</span> 
     </span>
     <span class='ocr_line' id='line_1_53' title="bbox 230 5210 1877 5290; baseline -0.004 -16"><span class='ocrx_word' id='word_1_542' title='bbox 230 5221 269 5276; x_wconf 86' lang='lat' dir='ltr'>vit</span> <span class='ocrx_word' id='word_1_543' title='bbox 284 5220 361 5275; x_wconf 90' lang='lat' dir='ltr'>enim</span> <span class='ocrx_word' id='word_1_544' title='bbox 377 5215 517 5284; x_wconf 79' lang='lat' dir='ltr'>Pontifex,</span> <span class='ocrx_word' id='word_1_545' title='bbox 534 5225 675 5289; x_wconf 64' lang='lat' dir='ltr'>maianus</span> <span class='ocrx_word' id='word_1_546' title='bbox 690 5232 731 5274; x_wconf 83' lang='lat' dir='ltr'>stc</span> <span class='ocrx_word' id='word_1_547' title='bbox 750 5216 880 5273; x_wconf 88' lang='lat' dir='ltr'>ordinato</span> <span class='ocrx_word' id='word_1_548' title='bbox 899 5231 951 5290; x_wconf 88' lang='lat' dir='ltr'>pro</span> <span class='ocrx_word' id='word_1_549' title='bbox 971 5215 1022 5273; x_wconf 89' lang='lat' dir='ltr'>bu·</span> <span class='ocrx_word' id='word_1_550' title='bbox 1080 5224 1108 5272; x_wconf 90' lang='lat' dir='ltr'>et</span> <span class='ocrx_word' id='word_1_551' title='bbox 1119 5216 1321 5273; x_wconf 86' lang='lat' dir='ltr'>ecclesiasticis</span> <span class='ocrx_word' id='word_1_552' title='bbox 1332 5216 1418 5272; x_wconf 86' lang='lat' dir='ltr'>ermis</span> <span class='ocrx_word' id='word_1_553' title='bbox 1433 5214 1586 5285; x_wconf 71' lang='lat' dir='ltr'>adjuvante</span> <span class='ocrx_word' id='word_1_554' title='bbox 1599 5210 1757 5270; x_wconf 82' lang='lat' dir='ltr'>bertrando</span> <span class='ocrx_word' id='word_1_555' title='bbox 1770 5214 1877 5285; x_wconf 85' lang='lat' dir='ltr'>legato,</span> 
     </span>
     <span class='ocr_line' id='line_1_54' title="bbox 226 5283 1876 5369; baseline -0.004 -25"><span class='ocrx_word' id='word_1_556' title='bbox 226 5288 352 5363; x_wconf 88' lang='lat' dir='ltr'>jusmodi</span> <span class='ocrx_word' id='word_1_557' title='bbox 378 5288 553 5363; x_wconf 88' lang='lat' dir='ltr'>negligentia</span> <span class='ocrx_word' id='word_1_558' title='bbox 576 5287 720 5369; x_wconf 81' lang='lat' dir='ltr'>condigna</span> <span class='ocrx_word' id='word_1_559' title='bbox 742 5288 909 5361; x_wconf 83' lang='lat' dir='ltr'>injungatur</span> <span class='ocrx_word' id='word_1_560' title='bbox 931 5288 1023 5360; x_wconf 83' lang='lat' dir='ltr'>ptent-</span> <span class='ocrx_word' id='word_1_561' title='bbox 1080 5292 1163 5359; x_wconf 90' lang='lat' dir='ltr'>prout</span> <span class='ocrx_word' id='word_1_562' title='bbox 1177 5286 1274 5342; x_wconf 89' lang='lat' dir='ltr'>videre</span> <span class='ocrx_word' id='word_1_563' title='bbox 1292 5294 1335 5342; x_wconf 87' lang='lat' dir='ltr'>est</span> <span class='ocrx_word' id='word_1_564' title='bbox 1349 5285 1378 5341; x_wconf 91' lang='lat' dir='ltr'>in</span> <span class='ocrx_word' id='word_1_565' title='bbox 1390 5286 1464 5343; x_wconf 86' lang='lat' dir='ltr'>Petri</span> <span class='ocrx_word' id='word_1_566' title='bbox 1478 5284 1600 5343; x_wconf 83' lang='lat' dir='ltr'>Vettium</span> <span class='ocrx_word' id='word_1_567' title='bbox 1615 5283 1727 5340; x_wconf 88' lang='lat' dir='ltr'>Sarnali</span> <span class='ocrx_word' id='word_1_568' title='bbox 1741 5283 1876 5339; x_wconf 85' lang='lat' dir='ltr'>monachi</span> 
     </span>
    </p>
   </div>
   <div class='ocr_carea' id='block_1_11' title="bbox 227 5353 1974 5432">
    <p class='ocr_par' dir='ltr' id='par_1_15' title="bbox 227 5353 1974 5432">
     <span class='ocr_line' id='line_1_55' title="bbox 227 5353 1974 5432; baseline -0.007 -14"><span class='ocrx_word' id='word_1_569' title='bbox 227 5362 334 5427; x_wconf 87' lang='lat' dir='ltr'>tentia,</span> <span class='ocrx_word' id='word_1_570' title='bbox 360 5375 414 5432; x_wconf 83' lang='lat' dir='ltr'>qua</span> <span class='ocrx_word' id='word_1_571' title='bbox 448 5365 561 5431; x_wconf 88' lang='lat' dir='ltr'>peracta</span> <span class='ocrx_word' id='word_1_572' title='bbox 592 5358 620 5414; x_wconf 91' lang='lat' dir='ltr'>in</span> <span class='ocrx_word' id='word_1_573' title='bbox 649 5359 801 5414; x_wconf 84' lang='lat' dir='ltr'>diaconum</span> <span class='ocrx_word' id='word_1_574' title='bbox 828 5358 973 5415; x_wconf 90' lang='lat' dir='ltr'>ordinetur</span> <span class='ocrx_word' id='word_1_575' title='bbox 997 5365 1027 5415; x_wconf 89' lang='lat' dir='ltr'>et</span> <span class='ocrx_word' id='word_1_576' title='bbox 1080 5355 1208 5413; x_wconf 77' lang='lat' dir='ltr'>Historia</span> <span class='ocrx_word' id='word_1_577' title='bbox 1221 5356 1414 5427; x_wconf 70' lang='lat' dir='ltr'>albigensium</span> <span class='ocrx_word' id='word_1_578' title='bbox 1425 5360 1451 5411; x_wconf 83' lang='lat' dir='ltr'>et</span> <span class='ocrx_word' id='word_1_579' title='bbox 1470 5354 1547 5411; x_wconf 79' lang='lat' dir='ltr'>socri</span> <span class='ocrx_word' id='word_1_580' title='bbox 1564 5353 1630 5409; x_wconf 83' lang='lat' dir='ltr'>betti</span> <span class='ocrx_word' id='word_1_581' title='bbox 1642 5353 1674 5408; x_wconf 85' lang='lat' dir='ltr'>in</span> <span class='ocrx_word' id='word_1_582' title='bbox 1688 5369 1733 5409; x_wconf 81' lang='lat' dir='ltr'>eos</span> <span class='ocrx_word' id='word_1_583' title='bbox 1745 5355 1877 5423; x_wconf 61' lang='lat' dir='ltr'>suamet,</span> <span class='ocrx_word' id='word_1_584' title='bbox 1973 5402 1974 5419; x_wconf 68' lang='lat'>,</span> 
     </span>
    </p>
   </div>
   <div class='ocr_carea' id='block_1_12' title="bbox 230 5424 1878 5712">
    <p class='ocr_par' dir='ltr' id='par_1_16' title="bbox 231 5424 1878 5510">
     <span class='ocr_line' id='line_1_56' title="bbox 231 5424 1878 5510; baseline -0.004 -24"><span class='ocrx_word' id='word_1_585' title='bbox 231 5432 408 5505; x_wconf 86' lang='lat' dir='ltr'>permittatur</span> <span class='ocrx_word' id='word_1_586' title='bbox 432 5432 594 5487; x_wconf 87' lang='lat' dir='ltr'>ministrare</span> <span class='ocrx_word' id='word_1_587' title='bbox 619 5430 646 5484; x_wconf 91' lang='lat' dir='ltr'>in</span> <span class='ocrx_word' id='word_1_588' title='bbox 668 5428 768 5486; x_wconf 89' lang='lat' dir='ltr'>ordine</span> <span class='ocrx_word' id='word_1_589' title='bbox 794 5428 960 5486; x_wconf 84' lang='lat' dir='ltr'>sacerdotis.</span> <span class='ocrx_word' id='word_1_590' title='bbox 980 5430 1026 5485; x_wconf 85' lang='lat' dir='ltr'>lta</span> <span class='ocrx_word' id='word_1_591' title='bbox 1079 5427 1384 5510; x_wconf 85' lang='lat' dir='ltr'>etapudGuilletmum</span> <span class='ocrx_word' id='word_1_592' title='bbox 1397 5424 1771 5483; x_wconf 83' lang='lat' dir='ltr'>dePodtoLaurentii.Cunt</span> <span class='ocrx_word' id='word_1_593' title='bbox 1784 5433 1878 5480; x_wconf 88' lang='lat' dir='ltr'>autem</span> 
     </span>
    </p>

    <p class='ocr_par' dir='ltr' id='par_1_17' title="bbox 230 5494 1877 5712">
     <span class='ocr_line' id='line_1_57' title="bbox 230 5494 1874 5581; baseline -0.007 -20"><span class='ocrx_word' id='word_1_594' title='bbox 230 5518 291 5570; x_wconf 87' lang='lat' dir='ltr'>cap.</span> <span class='ocrx_word' id='word_1_595' title='bbox 301 5518 363 5559; x_wconf 75' lang='lat' dir='ltr'>ute:</span> <span class='ocrx_word' id='word_1_596' title='bbox 373 5503 552 5559; x_wconf 81' lang='lat' dir='ltr'>Tuctitterae.</span> <span class='ocrx_word' id='word_1_597' title='bbox 563 5500 1023 5570; x_wconf 78' lang='lat' dir='ltr'>bertericoperscitumpromoto.</span> <span class='ocrx_word' id='word_1_598' title='bbox 1080 5498 1307 5581; x_wconf 80' lang='lat' dir='ltr'>belligerantium</span> <span class='ocrx_word' id='word_1_599' title='bbox 1322 5512 1427 5570; x_wconf 89' lang='lat' dir='ltr'>anceps</span> <span class='ocrx_word' id='word_1_600' title='bbox 1437 5503 1513 5553; x_wconf 88' lang='lat' dir='ltr'>esset</span> <span class='ocrx_word' id='word_1_601' title='bbox 1524 5494 1646 5562; x_wconf 81' lang='lat' dir='ltr'>fortuna,</span> <span class='ocrx_word' id='word_1_602' title='bbox 1662 5509 1782 5566; x_wconf 88' lang='lat' dir='ltr'>operam</span> <span class='ocrx_word' id='word_1_603' title='bbox 1795 5494 1874 5551; x_wconf 87' lang='lat' dir='ltr'>adbi-</span> 
     </span>
     <span class='ocr_line' id='line_1_58' title="bbox 268 5565 1877 5645; baseline -0.002 -19"><span class='ocrx_word' id='word_1_604' title='bbox 268 5572 309 5640; x_wconf 84' lang='lat' dir='ltr'>tu)</span> <span class='ocrx_word' id='word_1_605' title='bbox 325 5574 480 5628; x_wconf 82' lang='lat' dir='ltr'>Simonem.</span> <span class='ocrx_word' id='word_1_606' title='bbox 520 5572 557 5645; x_wconf 82' lang='lat' dir='ltr'>(t)</span> <span class='ocrx_word' id='word_1_607' title='bbox 568 5568 723 5628; x_wconf 87' lang='lat' dir='ltr'>Bertrandi.</span> <span class='ocrx_word' id='word_1_608' title='bbox 1080 5568 1138 5625; x_wconf 87' lang='lat' dir='ltr'>buit</span> <span class='ocrx_word' id='word_1_609' title='bbox 1148 5570 1260 5625; x_wconf 81' lang='lat' dir='ltr'>interim</span> <span class='ocrx_word' id='word_1_610' title='bbox 1272 5583 1354 5625; x_wconf 90' lang='lat' dir='ltr'>suam</span> <span class='ocrx_word' id='word_1_611' title='bbox 1366 5568 1507 5625; x_wconf 83' lang='lat' dir='ltr'>Honorius</span> <span class='ocrx_word' id='word_1_612' title='bbox 1515 5565 1686 5623; x_wconf 86' lang='lat' dir='ltr'>reducendis</span> <span class='ocrx_word' id='word_1_613' title='bbox 1696 5580 1712 5621; x_wconf 89' lang='lat' dir='ltr'>a</span> <span class='ocrx_word' id='word_1_614' title='bbox 1724 5566 1877 5622; x_wconf 87' lang='lat' dir='ltr'>rebellione</span> 
     </span>
     <span class='ocr_line' id='line_1_59' title="bbox 269 5635 1807 5712; baseline 0.001 -19"><span class='ocrx_word' id='word_1_615' title='bbox 269 5641 310 5711; x_wconf 69' lang='lat' dir='ltr'>(a)</span> <span class='ocrx_word' id='word_1_616' title='bbox 324 5644 391 5699; x_wconf 70' lang='lat' dir='ltr'>tium</span> <span class='ocrx_word' id='word_1_617' title='bbox 405 5644 537 5698; x_wconf 80' lang='lat' dir='ltr'>Totosaui</span> <span class='ocrx_word' id='word_1_618' title='bbox 559 5644 733 5712; x_wconf 68' lang='lat' dir='ltr'>evesques</span> <span class='ocrx_word' id='word_1_619' title='bbox 748 5640 879 5696; x_wconf 85' lang='lat' dir='ltr'>maximis</span> <span class='ocrx_word' id='word_1_620' title='bbox 898 5639 1027 5697; x_wconf 87' lang='lat' dir='ltr'>cladibus</span> <span class='ocrx_word' id='word_1_621' title='bbox 1080 5640 1204 5709; x_wconf 79' lang='lat' dir='ltr'>civibus,</span> <span class='ocrx_word' id='word_1_622' title='bbox 1219 5654 1255 5696; x_wconf 90' lang='lat' dir='ltr'>eo</span> <span class='ocrx_word' id='word_1_623' title='bbox 1270 5639 1355 5697; x_wconf 79' lang='lat' dir='ltr'>inodo</span> <span class='ocrx_word' id='word_1_624' title='bbox 1370 5653 1426 5711; x_wconf 82' lang='lat' dir='ltr'>quo</span> <span class='ocrx_word' id='word_1_625' title='bbox 1445 5637 1548 5710; x_wconf 86' lang='lat' dir='ltr'>iegitur</span> <span class='ocrx_word' id='word_1_626' title='bbox 1562 5635 1589 5695; x_wconf 87' lang='lat' dir='ltr'>iu</span> <span class='ocrx_word' id='word_1_627' title='bbox 1605 5636 1659 5692; x_wconf 87' lang='lat' dir='ltr'>bac</span> <span class='ocrx_word' id='word_1_628' title='bbox 1673 5636 1807 5708; x_wconf 88' lang='lat' dir='ltr'>epistola.</span> 
     </span>
    </p>
   </div>
   <div class='ocr_carea' id='block_1_13' title="bbox 0 0 2009 6196">
    <p class='ocr_par' dir='ltr' id='par_1_18' title="bbox 0 0 2009 6196">
     <span class='ocr_line' id='line_1_60' title="bbox 0 0 2009 6196; baseline 0 0"><span class='ocrx_word' id='word_1_629' title='bbox 0 0 2009 6196; x_wconf 95' lang='lat' dir='ltr'> </span> 
     </span>
    </p>
   </div>
  </div>
 </body>
</html>
