3980 6206
78 302 133 364 761

80 459 213 523 dilectis
228 457 308 519 tiliis
320 455 433 520 abbati
455 457 490 518 et
512 456 689 531 conventui
711 456 880 519 monaste-

80 558 121 621 rii
137 558 179 619 de
196 556 300 618 Stella
322 554 650 617 Praemonstratensis
670 554 809 627 ordinis,
824 569 881 616 sa-

80 657 184 718 lutem
197 657 231 717 et
243 653 460 732 apostolicam
475 652 750 715 benedictionem.

119 753 343 815 sacrosancta
359 754 509 813 Romana
530 749 671 813 ecclesia
693 749 828 812 devotos
849 749 882 811 et

82 851 227 914 humiles
243 849 330 911 tilios
343 865 386 910 ex
396 850 539 911 assueta
549 849 683 927 pietatis
693 848 815 910 affectu
829 848 883 909 di-

82 950 190 1027 ligere
204 948 387 1020 consuevit,
404 947 438 1009 et
451 963 493 1009 ne
512 962 690 1025 pravorum
710 946 882 1008 hominum

82 1047 247 1110 molestiis
259 1047 451 1123 graventur,
468 1061 525 1106 eos
538 1046 695 1123 tanquam
712 1044 766 1122 pia
777 1044 883 1105 mater

81 1160 154 1205 suae
174 1142 390 1220 protectionis
418 1141 602 1203 munimine
624 1140 812 1203 contovere.
835 1142 882 1201 Ea

83 1243 232 1320 propter,
246 1240 358 1302 dilecti
373 1239 408 1300 16
423 1240 564 1301 Domino
584 1239 656 1312 tilii,
672 1239 793 1301 vestris
804 1241 890 1316 jus-¹

85 1340 128 1401 tis
144 1336 425 1417 postulationibus
448 1338 543 1413 grato
567 1337 804 1399 concurrentes
828 1351 885 1397 as-

84 1450 367 1512 sensu‚personas
378 1436 506 1496 vestras
520 1435 553 1496 et
562 1433 884 1496 monasteriumcum

85 1532 241 1597 omnibus
261 1532 358 1594 bonis
371 1548 445 1610 quae
461 1532 761 1609 inpraesentiarum
779 1531 886 1593 ratio-

85 1631 246 1694 nabiliter
269 1629 457 1709 possidetis,
483 1630 542 1692 aut
563 1629 598 1690 16
620 1629 767 1695 iuturrun
785 1629 885 1707 justis

85 1729 206 1798 modis,
215 1729 395 1806 praestante
404 1728 554 1800 Domino,
562 1728 714 1806 poteritis
731 1726 883 1804 adipisci,

86 1826 149 1889 sub
163 1826 253 1889 beati
269 1826 360 1888 Petri
376 1828 408 1887 et
420 1825 534 1887 nostra
557 1826 760 1904 protectione
775 1825 885 1887 susci-

86 1925 209 2002 pimus.
228 1922 424 2001 specialiter
436 1924 547 1985 autem
562 1923 720 1984 deAuton
735 1925 768 1984 et
780 1923 887 1984 sancti

86 2021 240 2083 Medendi
253 2020 293 2082 de
312 2020 463 2082 bokenes
478 2020 639 2082 ecclesias
659 2036 734 2082 cum
758 2020 887 2096 capella

86 2121 129 2182 de
147 2119 383 2181 Maisonoelles
406 2135 426 2180 a
448 2118 544 2180 bonae
566 2118 734 2180 memoriae
753 2120 792 2180 R.
807 2119 889 2179 car-

86 2217 224 2287 notensi
252 2218 286 2279 et
310 2218 363 2278 W.
388 2217 631 2278 cenomanensi
650 2215 826 2294 episcopis,
847 2214 888 2276 de

708 295 937 357 EPISTOLAE.
961 298 1038 357 LIB.
1064 299 1104 358 11.

933 456 1020 519 dono
1042 457 1192 527 caufridi
1218 459 1486 525 Castridunensis
1512 463 1729 541 vicecomitis

934 572 1036 616 unum
1056 555 1255 633 burgensem
1274 558 1360 636 apud
1380 560 1625 634 castridunum,
1647 564 1732 626 libe-

933 669 1007 713 rum
1022 653 1064 715 ab
1085 654 1176 716 omni
1191 656 1367 717 exactione
1388 658 1553 719 saecutari.
1574 661 1731 723 Eudone

934 751 1101 812 Hamelini
1115 752 1156 812 de
1171 755 1306 825 Roorta,
1322 756 1391 816 tres
1406 755 1513 817 minas
1531 756 1688 820 frumenti
1700 759 1733 821 et

934 848 1002 910 tres
1012 848 1157 925 siliginis
1164 850 1200 911 iu
1210 851 1371 927 gagneria
1384 853 1425 914 de
1435 853 1570 916 Roorta.
1585 858 1634 915 liu
1643 855 1730 918 dono

934 946 1527 1022 1616661666611161161661666616,
1544 967 1646 1013 unum
1657 968 1731 1015 mo-
1750 991 1756 1003 ·

936 1042 1026 1105 dium
1048 1043 1205 1108 frumenti
1230 1044 1266 1106 16
1288 1046 1419 1108 6611116
1445 1047 1486 1109 16
1506 1050 1672 1121 11661666,
1699 1050 1733 1111 61

936 1141 1004 1203 6116
1015 1141 1102 1203 bona
1116 1143 1238 1215 666166,
1251 1143 1337 1205 61661
1351 1159 1391 1205 66
1405 1144 1516 1206 omnia
1527 1146 1617 1222 iuste
1630 1147 1662 1209 et
1677 1163 1734 1224 pa·

937 1238 1031 1302 cilice
1041 1239 1230 1316 possidetis,
1244 1241 1338 1302 vobis
1353 1243 1386 1303 et
1396 1258 1455 1319 per
1468 1258 1528 1305 vos
1543 1243 1650 1305 eidem
1661 1260 1734 1306 mo-

937 1334 1084 1397 nasterio
1096 1336 1208 1398 vestro
1223 1336 1420 1399 auctoritate
1443 1337 1633 1414 Apostolica
1651 1355 1733 1400 con-

937 1432 1118 1506 firmamus,
1144 1434 1178 1496 et
1205 1434 1381 1511 praesentis
1407 1435 1523 1513 scripti
1547 1437 1747 1521 patrocinio

938 1531 1191 1592 communimus.
1214 1531 1307 1593 Nulli
1330 1548 1410 1608 ergo
1434 1532 1605 1601 hominum
1632 1534 1735 1597 liceat

938 1628 1025 1690 banc
1039 1629 1195 1706 paginam
1206 1630 1328 1691 nostrae
1339 1631 1553 1707 protectionis
1563 1632 1595 1694 et
1607 1632 1734 1693 contir-

939 1726 1095 1788 mationis
1115 1726 1309 1803 intringere,
1326 1727 1379 1788 661
1402 1729 1434 1788 61
1453 1744 1538 1788 6666
1557 1729 1737 1791 temerario

939 1824 1116 1885 contraire.
1154 1824 1189 1884 Si
1220 1823 1293 1900 6616
1326 1824 1438 1885 autem
1474 1825 1538 1886 boc
1573 1826 1736 1888 attentare

941 1920 1474 1999 praesumpserit,indignationem
1499 1923 1736 2000 omnipotentis

940 2019 999 2080 Dei
1015 2021 1049 2081 et
1058 2018 1230 2081 beatorum
1244 2019 1333 2079 Petri
1347 2021 1380 2081 et
1392 2019 1488 2080 Pauli
1499 2020 1735 2096 apostolorum,

941 2117 974 2178 61
987 2117 1135 2178 nostram
1145 2132 1180 2178 se
1195 2118 1327 2177 noverit
1341 2117 1564 2178 incursurum.

981 2216 1099 2276 Datum
1135 2217 1249 2276 Romae
1281 2213 1368 2291 apud
1405 2217 1562 2276 Sanctum
1599 2217 1735 2277 Petrum
1763 2210 1768 2220 ’

1673 308 1732 368 rea
1841 378 1845 383 ,

88 2315 314 2393 capitulorum
337 2330 484 2387 suorum,
505 2330 644 2376 assensu
663 2314 718 2392 pia
732 2313 826 2375 vobis
841 2313 888 2374 li·
941 2314 1032 2373 XVII
1046 2311 1445 2390 kal.j11nii‚p0ntinoatus
1459 2312 1737 2374 nostriannose-

88 2412 267 2475 beralitate
282 2428 469 2484 concessas,
477 2412 563 2474 sicut
578 2412 613 2473 in
625 2412 746 2474 litteris
761 2426 891 2473 eorum·
943 2409 1062 2472 cundo.

90 2511 165 2572 dem
182 2510 359 2573 didicimus
375 2509 614 2575 commertiis
632 2509 719 2571 dono
734 2507 889 2570 Balduini

90 2610 133 2671 de
161 2608 323 2685 Rupibus,
346 2608 478 2671 tertiam
500 2608 627 2685 partem
651 2606 742 2669 bladi
762 2607 796 2669 et
819 2606 890 2667 vini
1120 2680 1127 2692 ⁹
1274 2534 1412 2692 ‘CGLH

90 2706 133 2768 de
148 2706 384 2768 Maisoncelles
399 2706 432 2768 et
446 2705 650 2781 Charegnes.
669 2708 719 2766 Ex
732 2704 819 2766 dono
833 2704 892 2765 Al·
943 2679 995 2739 Ad
1013 2680 1206 2739 navarreum
1224 2691 1430 2752 episcopum,
1450 2678 1494 2738 ad
1508 2678 1741 2757 nroenosttum

91 2804 200 2866 berici
211 2803 252 2865 de
265 2807 419 2876 Bessons,
429 2804 552 2866 terram
568 2819 642 2881 quae
656 2803 795 2864 vocatur
809 2804 892 2863 1166-
1043 2775 1077 2836 3²
1098 2776 1336 2837 3011θωῖ10111
1356 2773 1638 2851 ’4116111111611361

93 2901 210 2974 menil,
225 2902 311 2964 sicut
324 2902 513 2966 Willelmus
534 2901 575 2962 de
589 2900 666 2962 Brie
690 2898 889 2977 possidebat.
1230 2896 1264 2953 11
1287 2896 1356 2953 mali
1377 2896 1454 2953 lits.

91 3003 145 3063 Ex
156 3000 243 3061 dono
255 2999 418 3063 Jobannis
435 2997 561 3061 domini
576 2999 617 3060 16
629 2997 893 3075 Μ661ο616,666·
1100 3000 1586 3069 [6666666666666616666]

93 3101 175 3161 tuor
189 3097 293 3159 libras
316 3098 349 3159 et
372 3096 543 3159 dimidiam
558 3096 662 3157 annui
685 3095 832 3158 redditus
856 3096 892 3157 in
945 3098 1063 3161 Mandat
1073 3107 1105 3157 ut
1117 3100 1290 3172 compellant
1304 3097 1443 3157 oitciales
1457 3098 1584 3172 episcopi
1600 3098 1743 3171 Spirensis

93 3196 195 3258 domo
221 3194 285 3257 lori
310 3196 351 3257 de
374 3194 551 3257 Mentorio.
581 3196 631 3255 Ex
655 3193 741 3255 dono
771 3193 894 3256 Johan·

94 3294 151 3354 nis
172 3293 302 3355 comitis
328 3291 586 3356 vindocinensis
610 3292 643 3355 et
667 3291 829 3354 iohannis
853 3291 893 3353 de

93 3390 265 3465 Ambasia,
279 3394 405 3454 terram
429 3406 503 3469 quae
527 3392 579 3452 est
599 3389 689 3451 inter
709 3388 798 3450 viam
821 3404 893 3465 quae

95 3489 139 3550 de
160 3489 290 3566 capella
313 3487 354 3550 de
376 3488 479 3551 Ibaiis
501 3487 594 3548 ducit
615 3486 650 3547 16
678 3485 848 3547 castinum
863 3487 896 3547 61

93 3586 221 3647 uallem
243 3586 408 3658 Belucem,
436 3585 469 3647 et
487 3585 576 3646 inter
596 3584 685 3646 riam
707 3598 780 3661 quae
801 3582 842 3644 de
857 3585 893 3643 Β.

95 3684 242 3760 Georgio
256 3684 348 3746 ducit
358 3684 401 3746 ad
417 3699 534 3760 rupem
550 3680 711 3753 Perdriel,
724 3682 759 3743 et
771 3681 896 3745 terram

95 3782 191 3844 Petri
206 3782 248 3842 de
261 3784 374 3844 Turrae
390 3798 464 3843 cum
479 3795 615 3843 nemore
625 3778 712 3858 quod
727 3778 898 3840 1616666-

95 3884 151 3944 tas
179 3880 377 3943 continetur.
404 3881 454 3941 Ex
475 3880 561 3941 dono
576 3877 715 3941 calterii
737 3876 778 3938 de
797 3877 895 3939 Ples-

96 3978 171 4039 seio
182 3979 308 4040 terram
320 3977 512 4055 decopepie
528 3976 677 4049 liberam,
695 3975 782 4038 sicut
791 3974 897 4052 ipsam
931 4004 933 4007 ·

97 4075 303 4155 possidebat.
326 4077 376 4138 Ex
394 4075 481 4137 dono
496 4073 642 4138 Bomerii
660 4073 701 4135 de
717 4072 896 4145 Lavardin,

96 4174 230 4245 vineas,
244 4174 278 4235 et
291 4188 434 4245 roccam,
450 4174 484 4235 et
495 4173 639 4250 plateam
660 4171 738 4233 ante
753 4187 897 4232 roccam.

99 4273 154 4333 Ex
177 4271 264 4333 dono
284 4270 440 4348 supplicii
460 4269 585 4332 domini
609 4267 786 4341 ambasiae,
817 4268 900 4330 duos

982 3188 1018 3246 ad
1028 3188 1145 3334 modgrm
1161 3188 1268 3261 agendi
1277 3188 1428 3262 justiorem
1437 3201 1507 3260 erga
1520 3194 1693 3244 conventum
1707 3186 1744 3245 de

982 3279 1087 3336 siena
1110 3292 1137 3335 e.

987 3386 1154 3448 Honorius
1169 3385 1344 3463 episcopus
1356 3400 1473 3446 666666
1484 3399 1658 3446 servorum
1671 3384 1742 3456 Dei,

947 3482 1132 3545 6666661111
1147 3481 1244 3543 166161
1262 3482 1418 3558 66166666
1442 3482 1475 3542 61
1495 3480 1625 3542 11166116
1652 3480 1742 3552 tiliis,

948 3580 1125 3659 praeposito
1145 3578 1178 3640 et
1209 3578 1408 3639 scholastico
1434 3577 1743 3652 Argentinensibus,

949 3675 1089 3737 salutem
1103 3671 1360 3750 etapostolicam
1375 3670 1651 3732 benedictionem.

990 3776 1039 3834 Ex
1056 3772 1150 3849 66616
1174 3770 1370 3832 dilectorum
1392 3769 1537 3830 illiorum
1564 3767 1692 3830 abbatis
1714 3767 1747 3830 et

950 3871 1132 3933 conventus
1148 3868 1327 3940 svarzahe,
1348 3870 1463 3928 nostro
1477 3867 1528 3930 est
1546 3865 1746 3942 apostolatui

951 3969 1136 4032 reseratum
1165 3965 1252 4045 quod
1281 3964 1423 4036 cumis,
1451 3980 1512 4041 pro
1535 3964 1696 4039 tempore,
1712 3963 1747 4023 in

952 4067 1066 4129 eodem
1095 4062 1300 4126 monasterio
1323 4061 1458 4139 eligitur
1476 4061 1511 4122 in
1538 4059 1748 4132 abbatem,a

952 4162 1138 4228 venerabili
1160 4160 1264 4223 tratre
1285 4161 1399 4221 nostro
1421 4159 1570 4236 Spirensi
1592 4157 1748 4235 episcopo

952 4260 1149 4339 temporalia
1164 4258 1315 4337 recipere
1327 4257 1496 4332 teneatur3
1518 4255 1677 4318 officiales
1692 4255 1749 4331 ip-

954 4361 1023 4422 sius
1036 4357 1183 4436 episcopi
1204 4356 1339 4418 minime
1361 4354 1569 4417 attendentes
1589 4352 1750 4431 66661666

955 4474 998 4520 err
1009 4457 1073 4518 hoc
1088 4472 1184 4519 suum
1199 4453 1371 4516 offendant
1388 4453 1536 4530 graviter
1548 4452 1748 4522 creatorem,

98 4370 232 4433 modios
249 4370 320 4435 vini
346 4370 488 4446 legitimi
511 4369 546 4429 in
562 4368 691 4430 decima
710 4366 819 4430 sancti
834 4368 901 4445 cy-

100 4468 200 4531 riaci.
226 4468 374 4529 Eudone
393 4466 552 4529 16166161
566 4466 696 4528 comitis
719 4465 899 4536 Blesensis,

101 4581 208 4628 unum
235 4564 436 4641 burgensem
461 4564 496 4624 in
525 4563 660 4625 civitate
690 4560 899 4624 carnotensi.
955 4571 1021 4616 non
1035 4554 1108 4616 sine
1123 4553 1205 4617 vitio
1227 4552 1419 4614 simoniacae
1437 4549 1611 4627 pravitatis
1630 4550 1747 4609 contra

101 4666 155 4724 Ex
169 4661 256 4723 dono
268 4660 504 4723 Bartholomaei
518 4660 559 4721 16
573 4659 663 4730 Τ661,
674 4674 778 4720 unum
790 4657 904 4719 sexta-
957 4652 1079 4715 statuta
1095 4649 1235 4712 concilii
1257 4647 1424 4725 generalis
1449 4661 1587 4722 pravam
1609 4660 1753 4706 consue-

101 4761 192 4822 rium
209 4757 531 4821 1666661116166616
543 4757 681 4818 decimae
696 4755 737 4817 de
751 4754 840 4817 Tori.
857 4758 904 4816 De
956 4749 1104 4811 tudinem
1120 4748 1161 4809 ad
1177 4763 1246 4807 suae
1269 4743 1454 4822 iniquitatis
1474 4741 1642 4803 cumulum
1664 4741 1750 4802 alle-

103 4858 194 4919 dono
216 4855 361 4918 Oddonis
380 4855 421 4917 de
444 4855 566 4918 Sancto
580 4852 741 4922 Amando,
762 4854 906 4930 quatuor
957 4847 1076 4924 gando,
1094 4844 1135 4907 ab
1151 4844 1255 4906 electo
1271 4843 1343 4919 ipso
1358 4839 1534 4918 pecuniam
1549 4840 1582 4900 et
1596 4855 1650 4900 res
1667 4840 1753 4900 alias

103 4952 275 5017 sextarios
289 4952 433 5029 siliginis
448 4953 485 5013 16
499 4952 629 5014 decima
641 4967 702 5012 sua
726 4949 767 5011 de
780 4950 813 5011 la
828 4952 906 5013 Jar-
959 4943 1113 5022 satagant
1132 4943 1343 5019 extorquere,
1368 4939 1502 5016 propter
1520 4937 1604 5015 quod
1630 4937 1753 5000 dictum

103 5053 157 5114 rie
171 5051 312 5122 Terriei,
329 5054 362 5113 et
379 5051 413 5111 in
432 5049 562 5112 decima
581 5048 623 5111 16
641 5052 746 5111 06666
759 5046 906 5125 6616666
958 5042 1198 5105 monasterium
1213 5039 1332 5100 damna
1344 5036 1460 5114 grauia
1475 5036 1509 5098 et
1522 5035 1665 5113 injurias
1680 5034 1756 5112 plu·

105 5150 275 5212 sextarios
287 5144 904 5223 6616666666166666616616166166,
959 5141 1062 5202 rimas
1082 5138 1231 5200 noscitur
1251 5135 1448 5207 incurrisse,
1475 5133 1624 5197 volentes
1644 5134 1755 5194 autem

105 5246 140 5309 et
162 5245 309 5306 tiliorum
328 5259 475 5306 suorum.
500 5245 550 5304 Ex
573 5242 659 5303 dono
681 5240 842 5301 Willelmi
866 5239 906 5300 de
959 5241 1052 5302 tanto
1076 5235 1219 5297 facinori
1245 5234 1394 5304 obviare,
1420 5231 1612 5293 discretioni
1633 5233 1755 5291 vestrae

105 5346 240 5413 Lomes,
255 5357 357 5402 unum
379 5341 563 5403 sextarium
584 5338 753 5410 frumenti,
770 5339 803 5401 et
817 5337 907 5398 alte·
960 5333 1216 5412 perApostolioa
1230 5332 1354 5409 scripta
1369 5329 1575 5398 mandamus,
1591 5329 1756 5405 praetenue

106 5457 183 5503 rum
198 5439 343 5516 siliginis
357 5439 394 5500 in
412 5438 542 5500 decima
554 5436 595 5499 16
609 5439 740 5499 Lomes,
758 5438 808 5497 Ex
821 5436 907 5497 dono
962 5431 1123 5494 officiales
1138 5429 1272 5492 eosdem
1288 5429 1325 5490 ut
1345 5427 1387 5489 ab
1402 5424 1549 5504 ejusdem
1562 5425 1758 5486 monasterii

107 5538 276 5601 iohannis
290 5538 331 5599 de
340 5537 494 5609 Brueria,
506 5534 746 5597 unamdomum
755 5533 797 5595 ad
808 5535 906 5605 Troo,
961 5545 1062 5608 super
1080 5528 1195 5595 hisde
1217 5528 1338 5590 caetero
1353 5522 1585 5586 molestatione
1609 5521 1754 5584 indebita

108 5636 253 5700 liberam
281 5634 322 5697 ab
349 5635 440 5697 omni
468 5633 643 5697 exactione
673 5631 839 5695 saeculari.
860 5633 909 5693 116
962 5626 1208 5705 666661666661,
1224 5624 1406 5688 monitione
1418 5620 1592 5699 praemissa
1604 5635 1665 5697 per
1677 5635 1759 5681 cen·
