3946 6196
166 356 226 417 331
782 355 957 416 HONORII
979 354 1024 414 ΙΙΙ
1046 355 1195 417 OPERA.
1748 357 1808 417 332

160 534 238 585 nen.
261 516 398 597 captituli
420 514 515 579 uobis
536 514 691 587 innotuit
715 514 898 592 quodcum
921 513 955 575 in
1010 512 1175 587 dioecesis‚
1200 515 1264 578 bac
1287 518 1463 581 occasione
1481 533 1602 581 usuras
1625 515 1668 580 ab
1691 515 1808 578 eadem

162 617 353 696 episcopatu
368 615 484 677 Elneu.
502 615 542 675 de
557 614 796 676 consuetudine
809 613 908 675 terrae
921 612 956 675 in
1011 611 1151 674 ecclesia
1164 615 1312 691 enarrat,
1329 617 1435 693 ipsam
1451 633 1552 695 super
1563 617 1626 678 boc
1640 613 1807 691 multipli-

160 716 272 778 causis
285 712 490 776 secularibus
501 714 690 790 jnrameuta
701 712 876 777 calumniae
890 727 956 773 non
1011 711 1094 772 citer
1109 712 1334 775 molestantes.
1353 715 1512 777 Nolentes
1532 715 1636 792 igitur
1659 712 1810 775 eamdem

160 814 371 892 praestantur,
382 813 494 889 plures
504 827 667 889 pauperes
681 812 714 873 et
725 826 875 888 personae
890 809 957 870 mi·
1012 809 1188 871 ecclesiam
1202 810 1251 872 sic
1270 813 1451 875 enormiter
1470 812 1660 891 aggravari,
1676 811 1810 872 discre-

162 911 322 974 serabiles
337 909 578 972 malitiosorum
593 909 869 972 calumniatorum
894 907 959 970 liti·
1012 907 1095 969 iioni
1109 913 1230 971 vestras
1245 926 1306 987 per
1317 912 1508 989 apostoliea
1527 911 1651 989 scripta
1666 908 1811 970 manda-

161 1010 223 1073 bus
236 1009 412 1081 molestati,
426 1010 460 1071 et
473 1024 638 1086 expensas
651 1024 770 1084 graves
781 1007 956 1078 sustinent,
1012 1021 1085 1067 mus
1107 1009 1280 1085 quatenus,
1302 1010 1332 1070 si
1354 1025 1425 1072 rem
1444 1009 1641 1072 inveneritis
1661 1008 1710 1070 ita
1724 1021 1810 1077 esse,

162 1112 195 1171 et
214 1124 274 1170 sua
289 1109 484 1184 plerumque
494 1106 628 1183 justitia
647 1105 896 1178 defraudantur,
918 1119 959 1167 eo
1013 1106 1171 1168 revocato
1192 1106 1228 1167 in
1256 1107 1388 1171 irritum
1414 1108 1573 1187 quidquid
1599 1109 1635 1170 in
1661 1105 1814 1168 fraudem

163 1206 248 1285 quod
265 1205 393 1268 frivolis
406 1203 655 1281 exceptionibus
684 1204 718 1265 et
738 1203 960 1266 frustratoriis
1014 1218 1192 1266 usurarum
1212 1204 1409 1269 inueneritis
1430 1207 1641 1278 attentatum,
1661 1204 1815 1266 baeredes

162 1303 378 1367 dilationibus
389 1302 511 1380 saepius
522 1303 602 1364 ordo
612 1301 813 1380 judiciarius
824 1300 961 1378 impedi·
1015 1303 1048 1364 et
1060 1304 1255 1365 executores
1270 1304 1462 1381 predictos,
1485 1306 1523 1367 ut
1536 1318 1659 1365 usuras
1681 1318 1701 1363 a
1724 1301 1815 1363 dicto

162 1405 228 1465 tur.
242 1403 323 1463 Cum
338 1402 441 1483 igitur
454 1399 657 1463 consuetudo
681 1399 873 1478 hujusmodi
889 1398 961 1477 jnri
1016 1404 1053 1462 P.
1070 1402 1217 1464 extortas
1232 1402 1420 1474 restituant,
1438 1404 1472 1465 et
1488 1401 1529 1463 ab
1546 1402 1696 1479 ipsarum
1710 1415 1815 1461 exac-

164 1500 312 1577 deroget,
320 1502 352 1562 et
355 1499 520 1578 judicium
528 1497 890 1570 subverterevideatur,
898 1497 962 1558 dis·
1015 1499 1106 1561 tione
1127 1499 1299 1573 desistant,
1316 1515 1376 1578 per
1394 1516 1525 1578 poeuam
1543 1499 1579 1562 in
1594 1497 1814 1561 Laterauensl

165 1598 305 1662 cretioni
318 1599 383 1660 tuae
398 1613 458 1675 per
471 1596 661 1673 apostolica
675 1596 799 1673 scripta
819 1595 962 1657 manda·
1017 1597 1159 1661 concilio
1178 1602 1293 1660 conae
1315 1599 1488 1660 usurarios
1509 1597 1644 1669 editam,
1667 1613 1735 1658 non
1753 1594 1816 1657 ob-

164 1713 238 1760 mus
262 1698 438 1775 quatenus,
459 1695 519 1757 tali
536 1694 775 1756 consuetudine
793 1709 861 1755 uon
881 1692 962 1755 obs-
1017 1697 1324 1775 stantejurameuto
1345 1696 1503 1774 praedicto
1518 1696 1560 1757 ab
1578 1695 1695 1756 iisdem
1711 1708 1816 1754 cano-

164 1796 267 1868 tante,
289 1795 323 1855 iu
343 1792 581 1872 quaestionibus
603 1791 811 1853 secularibus
833 1806 907 1869 quae
927 1790 964 1852 in
1018 1794 1103 1856 uicis
1139 1795 1176 1856 in
1213 1794 1363 1856 ecclesia
1402 1793 1569 1871 seperate
1603 1791 1815 1869 dispendium

165 1894 239 1956 toro
253 1892 377 1954 fuerint
399 1890 625 1953 ecclesiastico
644 1889 733 1951 iutra
748 1888 863 1951 Einen.
880 1887 965 1950 dioe-
1019 1893 1118 1965 edita,
1143 1893 1366 1970 appellatione
1390 1894 1517 1955 remota
1546 1892 1685 1968 cogatis.
1710 1891 1818 1966 Super

167 1990 236 2054 cesi
253 1989 433 2061 ventilata,
451 1988 643 2066 jnramenta
665 1987 842 2050 calumniae
860 1987 965 2049 iacias
1019 1988 1815 2068 aliisrero,partibusoonvooatisiacientesetc.

168 2088 330 2151 exhiberi.
347 2086 613 2149 contradictores
632 2085 662 2147 si
677 2085 734 2163 qui
749 2084 966 2163 apparuerint
1019 2092 1135 2152 Testes
1150 2092 1272 2162 autem,
1296 2090 1359 2151 eto.
1381 2088 1472 2161 Quod
1494 2088 1524 2150 si
1542 2103 1609 2148 uon
1634 2100 1760 2157 omnes,
1781 2086 1817 2145 tu

167 2187 221 2247 vel
246 2185 399 2258 rebelles,
419 2200 479 2262 per
505 2198 679 2245 censuram
704 2182 966 2246 ecclesiasticam
1020 2187 1123 2250 trater
1135 2187 1395 2265 archiepiscope,
1410 2189 1472 2249 etc.

168 2282 391 2362 appellatione
406 2282 586 2359 postposita
602 2279 852 2358 compescendo.
1063 2289 1183 2348 Datum
1198 2285 1367 2357 Laterani,
1382 2285 1493 2346 idibus
1506 2282 1630 2354 martii,
1649 2279 1819 2358 pontifica-

209 2383 328 2443 Datum
343 2379 510 2451 Laterani,
530 2378 639 2440 idibus
653 2379 777 2452 martii,
791 2377 968 2457 pontifica-
1019 2384 1074 2447 tus
1086 2383 1191 2464 nostri
1207 2400 1296 2446 anno
1308 2384 1426 2462 primo.

171 2476 573 2555 tusnostriannoprimo.
1085 2490 1089 2499 ·

1340 2624 1502 2715 ttbxll

1022 2820 1075 2880 Ad
1119 2818 1413 2891 archiepiscopum
1460 2813 1494 2874 ct
1541 2811 1824 2873 archidiaconum

1062 2918 1189 2978 Redcn.
1217 2914 1251 2976 ct
1285 2912 1470 2975 sacristam
1513 2911 1547 2972 S.
1582 2908 1688 2970 Pauli
1727 2907 1826 2966 Nar-

1065 3018 1182 3077 baltea.

490 2697 673 2787 GCLXIX

171 2875 224 2937 Aa
237 2873 531 2946 arctwpiscopam
548 2869 582 2932 et
600 2870 882 2932 arcttdtaconam
896 2871 968 2931 Re-

212 2974 334 3034 denses
370 2969 404 3031 et
426 2968 614 3031 sacratam
637 2969 673 3029 8.
708 2969 812 3029 Patdt
839 2969 970 3030 Narbo

214 3082 368 3132 caraem.

457 3193 492 3252 lt
505 3201 589 3251 mart.
606 3194 684 3252 1217.
1314 3159 1348 3219 lt
1358 3165 1441 3217 mart
1459 3158 1538 3217 till.

218 3322 328 3387 [aegea.
342 3317 931 3386 ra.1,spra.ens.uss.nar0rtsaumea.]
1072 3300 1181 3365 lunant-
1196 3295 1273 3355 lib-¹·
1286 3293 1358 3360 uin·
1371 3292 1426 3343 ³²⁸-
1445 3291 1502 3343 un·
1519 3292 1629 3354 unnnru
1645 3287 1680 3338 un
1697 3284 1792 3351 unul

175 3467 212 3526 Ut
224 3462 353 3523 haerodes
362 3463 449 3533 Petri,
463 3461 531 3520 dicti
544 3462 632 3520 Gauoi
643 3460 681 3520 de
695 3462 832 3536 Ptrpian,
849 3464 898 3536 qui
910 3464 972 3537 ipse
1027 3445 1062 3504 Ui
1077 3440 1210 3513 Emensis
1225 3436 1353 3497 00⁰¹&ae
1368 3434 1453 3502 b01¹⁸2
1476 3434 1510 3491 R·
1525 3432 1659 3490 Εῑῐῑθῦθῑθ
1678 3426 1828 3503 <dmum

211 3554 364 3612 ecclesiam
384 3552 538 3610 Elaensem
559 3552 657 3609 usuris
668 3558 832 3622 vexaverat,
849 3558 914 3626 popl
927 3554 971 3626 pp.
1062 3529 1188 3604 episcopi
1202 3528 1285 3601 culpa
1300 3525 1423 3584 alienate
1437 3523 1534 3580 illicita
1548 3520 1595 3578 vel
1608 3518 1743 3576 distracta
1762 3524 1827 3574 stu·

107 3676 112 3683 ·
211 3643 308 3701 siusin
320 3640 576 3714 lberomlymltana
585 3648 660 3698 terra
671 3639 973 3711 dmuffl‚0gmd0ffl
1062 3619 1149 3677 duent
1161 3616 1196 3674 ad
1214 3616 1261 3690 ius
1272 3622 1301 3672 et
1315 3612 1517 3688 proprietatem
1530 3610 1620 3684 ipsius
1634 3607 1765 3681 legitime
1779 3619 1828 3662 re·

212 3731 374 3801 ecclesiam,
394 3731 477 3787 novis
486 3730 581 3788 usuris
598 3729 790 3804 exagitantes,
805 3731 974 3789 auaoritete
1063 3721 1176 3766 Wlffl-

211 3820 375 3895 mmm
390 3826 564 3894 Ἥρωι
1068 3861 1248 3931 Honorius,
1268 3858 1344 3929 eto,
1364 3852 1551 3916 venerabili
1574 3850 1672 3912 tratri
1693 3847 1831 3910 ambie-

217 3974 395 4047 Honorius‚
414 3974 490 4046 ete,
512 3971 697 4036 venerabili
721 3971 817 4034 aaut
841 3971 976 4034 archie-
1029 3961 1175 4039 piscopo,
1191 3958 1225 4018 et
1236 3953 1474 4017 archidiacono
1488 3949 1612 4013 neden.
1627 3949 1661 4011 et
1678 3946 1830 4008 meristae

177 4073 324 4151 piscopo,
340 4073 374 4134 et
396 4071 526 4133 dilectis
548 4070 628 4131 tiliis
651 4069 889 4132 archidiacono
908 4072 977 4133 Re-
1030 4056 1136 4120 suncti
1151 4054 1247 4117 Pauli
1262 4050 1453 4114 Narbonen-

177 4170 252 4231 den.
267 4172 301 4232 et
314 4169 463 4230 sacristae
476 4167 583 4228 sancti
599 4167 696 4228 Pauli
711 4166 902 4229 Narbonen.
1070 4152 1188 4216 Dileoti
1200 4150 1299 4212 tilii...
1321 4147 1449 4209 electus
1468 4147 1502 4207 et
1512 4143 1695 4222 capitulum
1711 4141 1829 4203 Einen.

218 4266 364 4328 allectus
392 4265 481 4326 uum
512 4265 627 4325 utnon.
654 4263 780 4325 elatus
804 4264 977 4341 proposuit
1031 4268 1092 4314 sun
1115 4248 1210 4311 nobis
1229 4246 1457 4307 insinuatione
1479 4241 1718 4311 monstrarunt,
1742 4238 1831 4316 quoa

178 4377 291 4424 coram
306 4360 412 4429 nobis,
428 4360 605 4437 quodcum
625 4360 791 4436 quondam
815 4363 852 4421 P.
868 4360 976 4422 dictus
1032 4354 1070 4414 R.
1097 4349 1212 4411 alneu.
1236 4343 1402 4423 quondam
1423 4342 1610 4420 episeopus,
1636 4340 1670 4401 θῐ
1694 4337 1832 4416 quidam

180 4462 311 4520 Gauous
328 4458 369 4520 de
388 4458 536 4534 Pirpian.
559 4458 709 4519 mutuata
729 4458 879 4520 ecclesiae
907 4475 977 4521 suae
1032 4449 1089 4510 alii
1105 4445 1367 4524 praedecessores
1382 4441 1499 4517 ipsius,
1518 4436 1770 4517 quampluribus
1788 4434 1832 4495 <10

179 4557 322 4638 quadam
337 4571 465 4617 summa
485 4556 648 4633 pecuniae,
666 4555 762 4631 plura
781 4556 978 4618 extorsisset
1031 4546 1127 4608 bonis
1142 4542 1292 4605 ecclesiae
1305 4539 1422 4601 Elnen.
1438 4552 1570 4614 pereas
1585 4535 1740 4597 alienatis
1762 4533 1834 4593 illi-

178 4657 221 4718 ab
241 4671 282 4718 ea
307 4671 367 4733 per
387 4654 577 4715 usurariam
597 4653 805 4730 pravitatem,
827 4653 977 4716 contecto
1033 4645 1097 4711 cite
1112 4657 1152 4704 ac
1165 4638 1354 4709 distractis,
1369 4634 1545 4713 quamdam
1560 4632 1711 4710 pecuniae
1724 4646 1835 4707 quan-

178 4753 399 4817 instrumento
411 4750 544 4830 publico
560 4751 600 4813 de
614 4751 774 4813 solvendo
785 4751 848 4813 sibi
860 4752 893 4815 et
906 4751 979 4813 hee·
1032 4743 1171 4812 titatem,
1186 4753 1261 4815 quae
1273 4751 1339 4797 non
1354 4734 1453 4795 estin
1468 4730 1618 4794 ecclesiae
1631 4729 1723 4789 illius
1739 4728 1835 4789 utili-

178 4853 313 4914 redibus
335 4852 415 4923 suis,
445 4850 478 4913 et
500 4865 567 4912 non
591 4849 781 4927 repetendis
807 4850 929 4923 usuris,
946 4851 979 4912 et
1033 4841 1134 4903 tatem
1164 4849 1336 4905 conversa,
1362 4832 1437 4908 ipso
1465 4828 1609 4906 capitulo
1641 4825 1833 4888 inconsulto

178 4951 309 5012 extorto
330 4964 431 5026 super
453 4947 686 5009 observatione
703 4947 810 5024 ipsius
832 4962 853 5009 a
875 4962 981 5011 cano-
1033 4940 1149 4999 mutua
1168 4950 1188 4995 a
1206 4931 1347 4994 diversis
1372 4927 1592 4990 oreditoribus
1618 4924 1832 5002 acceperunt,

98 5080 103 5087 ·
177 5048 262 5110 uicis
297 5045 445 5123 ejusdem
477 5045 629 5107 ecclesiae
657 5046 865 5123 juramento,
900 5045 980 5107 licet
1034 5036 1171 5115 propter
1183 5046 1283 5110 quam
1293 5028 1381 5089 dicta
1392 5025 1535 5088 ecclesia
1561 5024 1602 5085 ab
1617 5022 1700 5100 ipsis
1721 5021 1833 5099 pluri-

178 5144 269 5207 omni
283 5141 445 5204 beneficio
460 5141 549 5219 juris
564 5144 597 5203 et
614 5142 863 5205 constitutionis
884 5142 919 5203 in
938 5157 978 5203 eo
1035 5149 1126 5196 mum
1142 5130 1328 5199 infestatur,
1352 5140 1427 5203 ¹1¹1ae
1443 5124 1543 5186 etiam
1562 5138 1623 5198 Pffl'
1645 5121 1770 5181 (fictum
1792 5120 1831 5179 R·

177 5242 575 5316 renuntieturexpresse3
591 5240 697 5317 ipsius
712 5241 844 5301 demum
859 5255 980 5317 corpus
1035 5232 1119 5294 alias
1132 5229 1252 5289 damna
1264 5239 1330 5287 non
1346 5222 1475 5284 modica
1490 5220 1541 5282 est
1554 5233 1723 5297 perpessa.
1741 5219 1835 5289 Quae-

177 5342 251 5403 siue
264 5338 490 5402 satisfactione
500 5337 653 5414 superiis
663 5338 775 5416 aliqua
791 5337 980 5400 decedentis
1035 5330 1111 5390 dam
1128 5327 1229 5389 etiam
1246 5322 1344 5384 feuda
1367 5318 1519 5382 uusslusiae
1544 5333 1563 5378 a
1586 5315 1742 5378 vassallis
1761 5316 1832 5392 ejus

176 5436 447 5515 lerosolymitani
456 5435 632 5514 hospitalis
644 5436 765 5497 tratres
775 5438 891 5497 alnon.
903 5436 982 5498 dioe-
1035 5425 1152 5488 illicite
1167 5423 1313 5484 alienata
1326 5419 1404 5480 sunt
1416 5419 1450 5478 et
1460 5415 1620 5477 distracta
1631 5414 1668 5474 in
1683 5414 1831 5489 ipsorum

178 5536 266 5598 cesis
290 5535 527 5597 ecclesiasticae
546 5534 757 5595 tradiderunt
776 5535 811 5594 in
832 5534 980 5612 ejusdem
1036 5526 1068 5586 et
1089 5521 1239 5584 ecclesiae
1264 5515 1493 5596 praejudicium
1522 5528 1589 5573 non
1610 5511 1776 5571 modicum
1799 5507 1835 5569 et

179 5632 330 5692 ecclesiae
344 5631 553 5707 dispendium
562 5632 752 5707 sepulturae.
769 5632 980 5708 Cujusetiam
1036 5635 1231 5699 gravamen.
1248 5616 1411 5689 Quocirca
1426 5608 1622 5674 discretioni
1634 5611 1754 5669 vestrae
1774 5622 1835 5685 per

180 5724 332 5815 baeredes
352 5727 386 5786 et
409 5729 604 5789 executores
618 5730 810 5792 testamenti
832 5730 982 5809 ejusdem
1036 5717 1226 5799 apostolica
1243 5713 1367 5791 scripta
1387 5709 1593 5779 mandamus,
1616 5706 1778 5785 quatenus
1791 5718 1833 5765 ea

1939 386 1946 403 Ι
1955 382 1957 393 t

1939 416 1947 513 Ι

1953 518 1957 525 ι
