3958 6204
226 339 288 401 ata
691 340 869 401 HONORII
890 340 936 403 111
957 342 1107 404 oraha.
1122 372 1161 387 ·-
1177 344 1409 407 SERMONES.
1558 386 1564 395 ·
1812 350 1874 410 276

265 498 358 562 visio
373 498 531 563 coelorum
544 498 596 560 est
609 497 695 562 vlslo
709 497 886 563 manifesta
904 500 1021 565 beato-
1075 500 1189 563 1111111
1211 502 1367 567 admonet
1385 502 1571 578 universos,
1587 506 1624 567 ut
1640 502 1740 568 simul
1756 523 1873 570 omues

225 610 310 668 rum,
321 613 387 674 qua
398 599 499 658 Deum
510 595 799 660 telicesanimaein
811 598 1021 662 asternahea·
1074 599 1107 661 et
1122 600 1245 677 singuli
1258 602 1380 679 quique
1395 602 1430 663 in
1445 617 1481 664 se
1500 603 1606 664 altare
1625 604 1764 665 Domino
1796 605 1873 667 stu-

224 693 366 756 titudine
380 695 561 756 intuentur.
586 695 781 756 Γ1111111111
797 695 882 758 facie
905 698 946 758 ad
966 698 981 759 1
1000 731 1020 744 -
1075 696 1173 758 deant
1190 696 1345 759 dedicare
1369 720 1378 758 z
1411 703 1474 761 Vos
1492 704 1550 774 put
1577 702 1764 764 transituri
1788 703 1875 763 estis

224 790 309 852 ciem
329 792 469 867 gloriam
492 791 677 854 ridebimus
703 795 900 857 conditoris.
926 796 1020 857 Unde
1073 796 1297 856 Iordanem...
1324 795 1479 857 iordanis
1499 798 1680 859 secundum
1701 800 1873 874 Hieronp-

224 889 349 949 Paulus
362 890 552 966 apostolus:
574 894 733 954 Videmus
751 908 920 968 canopea
937 909 1018 968 spe-
1074 907 1163 952 mum
1188 892 1426 970 interpretatur
1440 895 1613 956 descensio
1628 911 1754 967 eorum,
1773 896 1874 959 vide-

222 991 336 1047 cutam
357 990 395 1047 in
415 990 610 1064 enigmata,
627 991 708 1052 tunc
728 992 847 1053 autem
865 994 955 1067 facte
974 993 1020 1054 ad
1074 988 1152 1050 licet
1164 988 1346 1063 hominurn,
1363 992 1396 1052 11
1411 991 1576 1068 significat
1587 992 1746 1053 mundum
1757 994 1872 1066 istum,

222 1084 348 1158 factem
362 1081 392 1163 (I
404 1086 477 1148 Gor.
493 1103 567 1160 xm,
581 1086 644 1166 12).
658 1088 698 1150 Et
711 1091 855 1151 ioannes
869 1089 905 1150 ln
924 1089 1021 1166 Epis-
1074 1086 1130 1162 qui
1146 1087 1292 1163 quotidie
1305 1088 1476 1151 descendit
1502 1091 1536 1153 et
1556 1106 1737 1167 numquam
1752 1106 1876 1152 ascen-

98 1176 101 1181 ’
222 1180 291 1243 tola
308 1202 316 1243 z
331 1185 417 1245 Cum
434 1187 1017 1260 1111111111,111111111111111,
1074 1181 1132 1251 dit,
1157 1184 1190 1246 et
1216 1185 1272 1261 qui
1294 1200 1425 1262 semper
1448 1185 1521 1248 duit
1543 1186 1723 1248 secundum
1746 1202 1875 1249 morem

222 1281 1018 1362 11111111111111111111111111111111111.
1073 1280 1206 1342 fluentis
1232 1270 1328 1358 aquae
1356 1283 1389 1344 11
1412 1283 1544 1344 labitur.
1571 1283 1665 1346 Unde
1690 1285 1813 1360 legitur
1837 1285 1875 1346 in

222 1376 272 1448 ni,
289 1374 334 1456 2).
351 1378 564 1441 UndaDavid
581 1381 775 1453 1811111111,
796 1384 878 1443 dum
900 1385 1020 1444 marti-
1074 1378 1158 1440 libro
1174 1381 1312 1455 Regum,
1326 1380 1413 1458 quod
1436 1381 1587 1458 quaedam
1604 1383 1737 1459 sepiens
1752 1382 1876 1444 mulier

222 1474 527 1552 sectabiturptorta
542 1478 613 1540 toa.
1073 1474 1114 1535 ad
1143 1475 1246 1536 David
1273 1475 1321 1537 ait
1342 1477 1488 1539 :Omnes
1510 1480 1694 1550 1111111111,
1724 1478 1760 1540 ct
1781 1479 1875 1539 sicut

163 1622 165 1627 ,
264 1571 327 1632 Sed
340 1574 553 1650 quarendum
568 1574 628 1647 est,
641 1586 744 1653 quare
758 1574 889 1638 dicatur
896 1575 1020 1637 vidisse
1072 1588 1172 1646 optcoe
1183 1575 1367 1634 ditabimur
1378 1577 1415 1635 in
1426 1574 1658 1649 terramque
1669 1589 1738 1636 noa
1753 1589 1877 1637 rever·

223 1667 327 1730 Jacob
341 1669 377 1730 in
392 1672 543 1732 somniis.
558 1673 634 1734 Non
646 1674 734 1734 enim
751 1673 823 1734 sine
836 1688 938 1734 causa
952 1674 1019 1735 tam
1073 1667 1535 1751 iuratur(IlReg.x1v,14).ln
1551 1671 1674 1733 mundo
1686 1671 1750 1733 ista
1757 1672 1874 1732 omnia

222 1764 396 1841 signanter
404 1768 538 1831 additur
551 1773 588 1831 11
602 1773 757 1832 somatis.
770 1770 920 1848 Quinque
930 1771 1019 1831 enim
1073 1767 1242 1829 nascentia
1267 1769 1465 1841 moriuntur,
1495 1768 1637 1847 quiade
1664 1770 1755 1831 terra
1782 1768 1874 1830 facta

221 1862 328 1924 modis
348 1867 486 1928 vocatur
508 1866 667 1944 quidquid
687 1866 844 1930 viderunt
869 1869 1018 1930 homines
1073 1864 1150 1925 sunt
1159 1865 1281 1938 omnia,
1293 1867 1327 1928 et
1336 1866 1370 1926 in
1378 1866 1502 1927 terram
1510 1866 1635 1943 pariter
1644 1868 1872 1938 revertuntur,

222 1958 426 2024 dormiendo.
442 1965 508 2025 Aut
523 1965 613 2025 enlm
636 1965 687 2027 est
701 1965 866 2027 somnium
881 1968 938 2027 aut
960 1966 1018 2027 in·
1073 1962 1254 2024 secundum
1279 1963 1362 2024 illud
1393 1964 1581 2026 Salomonis
1609 1981 1617 2020 ε
1650 1966 1724 2026 Vidi
1747 1964 1875 2024 euvzcta

222 2058 400 2129 somnium,
416 2063 475 2122 aut
484 2061 691 2137 phantasma,
705 2063 763 2125 aut
771 2063 868 2135 visio,
880 2065 939 2125 aut
947 2078 1020 2125 ora·
1072 2074 1149 2133 11111
1157 2060 1246 2132 duat
1258 2064 1407 2133 sahsota,
1421 2062 1538 2123 eteoce
1553 2064 1720 2123 universa
1731 2061 1875 2122 11111111

222 2155 523 2219 culumsomnium
533 2159 582 2220 111
592 2160 752 2223 revelatio
762 2160 913 2237 quaedam
922 2162 1018 2238 plena
1072 2158 1105 2218 et
1119 2158 1262 2232 afflictio
1276 2159 1434 2232 spirtius,
1443 2159 1477 2219 et
1489 2162 1650 2220 vidinthtl
1659 2172 1874 2232 permanere

222 2267 323 2329 super
336 2254 525 2317 coelestibus
542 2257 775 2329 sacramentis,
801 2259 834 2319 et
852 2259 1018 2336 mysteriis
1071 2258 1133 2316 suh
1155 2260 1225 2316 sote
1251 2253 1353 2333 (Eccl.
1379 2256 1404 2327 i,
1433 2257 1495 2330 143
1521 2260 1559 2328 11,
1589 2254 1652 2332 12).
1682 2256 1751 2315 Nos
1770 2254 1874 2317 etiam

222 2349 412 2427 allegorice,
437 2354 474 2414 ut
494 2369 570 2414 cum
594 2354 668 2431 quis
693 2354 816 2416 viderit
835 2355 876 2415 11
891 2357 974 2417 ooelo
986 2356 1018 2417 11
1071 2352 1136 2429 ipsi
1151 2352 1302 2413 homines
1315 2353 1400 2413 sicut
1414 2353 1593 2425 nascimur,
1606 2353 1654 2414 111
1667 2352 1840 2413 morimur.

221 2448 356 2510 1111111
371 2449 410 2511 11
425 2465 538 2510 rarum
548 2450 777 2524 universitate,
790 2452 877 2513 sicut
890 2453 1018 2515 somnia
1113 2448 1394 2510 Considerandum
1413 2452 1464 2511 est
1477 2449 1518 2510 de
1535 2464 1600 2527 quo
1613 2449 1721 2511 lactus
1736 2451 1788 2510 est
1810 2448 1877 2511 ho-

220 2545 345 2622 ioseph
369 2547 403 2609 et
425 2547 623 2622 Pharaonis,
649 2548 957 2613 Nabuchodonosor
986 2551 1020 2613 et
1072 2561 1137 2619 mo,
1149 2545 1228 2623 quid
1239 2545 1341 2608 iaciat
1351 2546 1461 2619 homo,
1477 2547 1556 2624 quid
1566 2546 1697 2608 iuturus
1708 2546 1751 2607 sit
1759 2545 1874 2607 homo.

221 2643 381 2705 Danielis.
393 2646 597 2707 insomnium
608 2647 658 2708 est
675 2646 791 2707 illusio
799 2648 949 2724 quaedam
960 2662 1019 2725 per
1074 2647 1161 2705 Sane
1184 2643 1344 2705 formatus
1367 2647 1419 2705 est
1441 2643 1482 2704 de
1502 2646 1603 2716 terra,
1632 2646 1813 2720 conceptus
1836 2643 1874 2704 in

221 2741 387 2801 somnium
409 2742 496 2805 iacta
518 2760 538 2804 a
561 2743 658 2805 malis
686 2744 869 2821 spiritibus,
889 2746 1018 2807 terrens
1073 2741 1182 2817 culpa,
1206 2743 1303 2803 natus
1316 2741 1358 2802 ad
1379 2757 1521 2818 poenam.
1535 2741 1642 2802 Natus
1654 2740 1696 2801 ad
1710 2739 1873 2811 lahorem,

221 2837 370 2899 animum
389 2840 596 2914 dormientis,
609 2841 646 2903 ut
660 2857 735 2903 cum
750 2843 824 2919 quis
844 2842 965 2905 viderit
983 2859 1019 2903 se
1073 2839 1236 2911 timorem,
1253 2838 1412 2910 dolorem,
1435 2839 1469 2900 et
1480 2837 1567 2915 quod
1581 2838 1728 2900 deterius
1746 2838 1809 2909 est,
1831 2837 1876 2899 ad

221 2936 364 3011 opprimi
380 2952 400 2997 a
414 2938 527 3015 parvis
548 2937 601 2999 vel
617 2938 722 3014 nigris
737 2939 939 3013 hominibus,
966 2939 1019 3000 vel
1074 2938 1223 2998 mortem.
1246 2936 1322 3012 Agit
1343 2951 1447 3013 prava
1462 2952 1534 3013 quae
1549 2951 1616 2996 non
1632 2935 1744 3005 licent,
1760 2935 1876 3012 turpia

219 3034 484 3110 persecutionem
509 3050 545 3095 se
564 3034 633 3111 pati
656 3034 698 3096 ab
724 3035 880 3097 inimicis.
903 3037 1018 3099 Phan·
1074 3050 1148 3111 quae
1163 3050 1230 3094 non
1243 3034 1371 3106 decent,
1393 3048 1480 3094 vana
1502 3048 1575 3109 quae
1591 3048 1657 3093 non
1678 3032 1873 3109 expediunt.

219 3130 327 3190 tasma
347 3131 397 3191 111
421 3131 617 3207 imaginatio
639 3132 790 3209 quaedam
815 3132 899 3195 nihil
922 3135 957 3196 in
983 3150 1019 3196 se
1074 3130 1150 3207 Agit
1171 3146 1274 3208 prava
1297 3130 1417 3207 quihus
1439 3129 1578 3191 offendit
1595 3133 1710 3201 Deum,
1734 3129 1877 3192 offendit

220 3225 375 3288 utilitatis
396 3225 535 3300 hahens,
564 3228 600 3289 ut
620 3244 695 3290 cum
715 3229 789 3306 quis
803 3229 925 3292 viderit
936 3229 1019 3291 dor·
1074 3228 1274 3304 proximum,
1300 3227 1437 3290 offendit
1460 3243 1496 3289 se
1515 3227 1634 3305 ipsum.
1664 3227 1742 3302 Agit
1760 3226 1875 3303 turpia

220 3322 1020 3402 11111111111131111111111111111111111
1074 3323 1194 3400 quihus
1223 3321 1342 3400 polluit
1370 3322 1503 3396 lamam,
1538 3322 1657 3400 polluit
1681 3337 1874 3399 personam,

221 3420 305 3482 liunt
320 3421 505 3483 daemonum
520 3424 688 3486 illusione.
702 3424 796 3487 Visio
809 3425 859 3487 111
868 3425 1019 3502 quaedam
1075 3420 1192 3497 polluit
1201 3421 1452 3481 conscientiam.
1468 3420 1545 3497 Agit
1562 3435 1650 3481 vana
1670 3419 1792 3497 quibus
1808 3435 1874 3480 ne·

220 3532 332 3579 rerum
366 3520 590 3584 manifestatio
628 3520 830 3595 staturarum,
865 3525 1020 3584 eventum
1074 3518 1170 3594 gligit
1187 3518 1363 3595 justitiam,
1380 3518 1519 3594 negligit
1534 3518 1639 3590 utilia,
1656 3517 1796 3593 negligit
1811 3532 1874 3578 ne-

220 3630 335 3676 earum
363 3616 428 3677 cito
451 3618 638 3691 enuntians,
662 3619 698 3680 ut
716 3635 791 3680 cum
810 3620 884 3697 quis
899 3620 1021 3685 viderit
1075 3615 1232 3677 cessaria.
1249 3618 1355 3677 Homo
1375 3616 1409 3676 in
1429 3615 1543 3678 tuturo
1568 3615 1626 3677 liet
1647 3614 1741 3676 cibus
1768 3614 1873 3689 ignis,

219 3711 344 3790 aliquid
357 3730 417 3791 per
427 3717 591 3777 somnium
607 3717 743 3778 evenire
756 3717 832 3789 sihi,
849 3717 935 3795 qued
950 3734 1022 3794 pos·
1075 3729 1152 3775 esua
1176 3715 1311 3787 vermis,
1333 3729 1443 3775 massa
1458 3712 1656 3792 putredinis.
1683 3711 1754 3773 Fiet
1775 3711 1875 3773 cibus

219 3810 273 3872 tea
286 3810 320 3872 in
335 3811 389 3875 111
403 3812 516 3875 taliter
526 3815 647 3876 evenit.
665 3814 843 3877 Oraoulum
859 3818 909 3877 est
924 3831 1019 3892 quae-
1075 3812 1162 3887 ignis
1176 3812 1234 3889 qui
1255 3827 1386 3889 semper
1406 3811 1501 3872 ardet
1521 3812 1554 3873 et
1577 3811 1645 3871 urit
1665 3809 1878 3885 inextingui-

220 3909 296 3969 dam
306 3910 392 3972 visio
402 3926 463 3988 per
472 3912 609 3988 angelos
619 3912 718 3985 lacta
729 3928 799 3974 rem
813 3912 1020 3974 salutiferam
1075 3907 1164 3981 hilis,
1181 3924 1258 3970 esca
1266 3909 1389 3969 vermis
1402 3909 1458 3984 qui
1474 3922 1604 3985 semper
1617 3906 1706 3968 rodit
1714 3908 1748 3967 et
1761 3921 1877 3967 come-

220 4006 362 4082 prodens
378 4008 502 4071 indicio
526 4009 714 4082 manifesto,
730 4010 766 4071 ut
779 4026 854 4070 cum
869 4010 944 4087 quis
965 4010 1021 4072 11-
1075 4004 1123 4066 dit
1139 4004 1346 4077 immortalis,
1360 4019 1470 4065 massa
1485 4002 1670 4080 putredinis
1685 4017 1759 4079 quae
1778 4017 1874 4061 sem-

220 4103 307 4166 derit
321 4104 466 4180 aliquem
477 4106 668 4166 sanctorum
682 4104 746 4166 sibi
761 4105 880 4167 salutis
895 4108 1020 4168 monita
1075 4116 1134 4177 per
1148 4099 1402 4163 11111111111111
1416 4098 1600 4160 horribilis.
1614 4097 1697 4171 Quid
1711 4097 1763 4157 est
1772 4096 1876 4172 igitur

220 4199 453 4275 proferentem.
469 4201 631 4273 Quoniam
642 4201 745 4276 igitur
757 4200 859 4264 Jacob
871 4202 1020 4264 coelestiu
1075 4197 1173 4258 homo
1193 4197 1258 4258 nisi
1278 4197 1384 4258 lutum
1406 4196 1440 4258 et
1460 4196 1568 4257 cinist
1591 4194 1773 4256 secundum
1791 4193 1876 4254 illud

221 4297 381 4371 mysteria
398 4297 493 4370 vidit,
515 4298 552 4359 in
574 4298 714 4359 somniis
735 4313 774 4359 ea
791 4299 915 4360 vidisse
936 4316 1020 4360 nar·
1074 4293 1135 4355 Joh
1152 4315 1159 4355 ι
1177 4294 1406 4373 comparatus
1424 4295 1588 4356 suminio
1607 4293 1642 4355 et
1662 4292 1877 4353 assimitatus

220 4392 325 4452 ratur.
350 4393 441 4454 Vidit
466 4394 577 4472 ltaque
603 4395 727 4457 scalam
753 4396 894 4458 stantem
921 4413 1020 4474 super
1073 4406 1152 4453 11111
1176 4393 1302 4465 saumae
1328 4391 1363 4453 et
1389 4394 1501 4452 1111111
1526 4388 1614 4470 (ioh.
1640 4404 1724 4458 m,
1755 4386 1819 4468 19)·
1848 4389 1876 4448 0

219 4490 354 4551 terram.
372 4490 469 4553 Scala
483 4507 525 4553 ex
538 4491 667 4554 duobus
682 4493 783 4569 lignis
794 4494 829 4554 in
840 4493 944 4556 altum
957 4495 1021 4556 eri·
1075 4488 1171 4566 pellis
1183 4490 1335 4550 mortual
1358 4503 1378 4548 o
1400 4488 1506 4549 lutum
1519 4485 1631 4563 tigulil
1646 4484 1740 4547 Unde
1755 4500 1879 4561 supen-

220 4587 311 4663 gitur
336 4589 557 4651 materialiter
576 4591 734 4667 gradibus
758 4591 963 4668 interpositis
985 4594 1019 4653 in
1074 4584 1125 4645 his
1144 4586 1234 4647 terra
1249 4586 1282 4647 et
1302 4585 1413 4646 cinisl
1436 4586 1520 4646 11111
1537 4584 1612 4661 ipse
1633 4585 1721 4644 Deus
1744 4582 1825 4643 tuus
1843 4581 1878 4644 et

219 4686 424 4760 transverso,
441 4688 477 4749 ut
491 4687 589 4750 facile
608 4689 683 4767 quis
705 4704 765 4766 per
778 4704 836 4752 eos
855 4688 960 4767 possit
978 4690 1020 4752 ad
1076 4683 1229 4745 Salvator
1242 4682 1348 4745 voluit
1362 4682 1405 4743 de
1422 4681 1497 4744 rota
1521 4680 1603 4743 solis
1621 4679 1826 4741 descendere
1839 4679 1878 4739 in

221 4782 289 4845 alta
304 4785 538 4848 conscendere.
1075 4781 1187 4843 aulam
1205 4779 1366 4855 Virginis.
1394 4782 1473 4841 Cum
1497 4779 1587 4841 enim
1601 4778 1723 4839 missus
1738 4777 1791 4838 est
1804 4791 1873 4837 an-

1074 4878 1169 4955 gelus
1184 4877 1317 4939 Gehriel
1332 4876 1442 4939 ferens
1465 4876 1616 4939 chartam
1638 4873 1825 4936 salvatoris
1836 4873 1875 4935 in

556 4981 687 5069 XXIV
1075 4990 1187 5048 manu,
1207 4975 1241 5037 et
1265 4975 1436 5053 Virginem
1460 4973 1617 5036 salutavit
1635 4973 1669 5033 in
1690 4971 1873 5044 Nazareth,

291 5120 293 5125 >
1075 5076 1162 5136 Deus
1177 5073 1333 5146 cinerem,
1351 5073 1494 5134 Verhum
1510 5086 1656 5143 carnem,
1671 5069 1802 5148 ‚figulus
1821 5069 1879 5129 lu-

261 5192 725 5256 11,-1N1)p1>1ffl10N13
752 5195 978 5257 Egcfflgffl
1075 5173 1156 5246 tum,
1180 5171 1302 5233 artilex
1318 5186 1401 5247 opus
1422 5186 1531 5243 snum,
1552 5168 1711 5230 Dominus
1727 5182 1878 5239 1111111,

1074 5270 1144 5332 vita
1165 5269 1377 5331 morticinum
1400 5267 1522 5329 induit.
1548 5267 1584 5328 Si
1611 5280 1690 5341 ergo
1714 5280 1751 5325 se
1766 5264 1879 5341 ipsum

266 5372 329 5430 Vos
344 5369 603 5443 pertransiere
626 5371 710 5433 estis
730 5374 920 5433 dordonam
937 5374 1022 5431 cadi·
1075 5366 1262 5428 exinanivit
1296 5365 1436 5426 formam
1468 5365 1558 5426 servi
1593 5363 1772 5439 accipiens,
1798 5361 1881 5438 quid

221 5464 441 5535 11οαί1111111
451 5470 609 5539 Domine,
624 5470 939 5542 dctaptdttuspaos
948 5469 1022 5541 sar·
1076 5464 1162 5525 inter
1174 5463 1348 5525 mortalem
1370 5463 1489 5539 pellem
1505 5462 1620 5523 tremis
1635 5458 1794 5521 conclusa
1809 5458 1884 5519 sal-

222 5575 303 5646 vum
314 5576 385 5622 novt
398 5564 510 5640 tetigit
526 5562 635 5642 (Dent.
652 5569 758 5635 xxvii,
775 5563 861 5643 4,.1).
1076 5577 1157 5637 sugo
1172 5564 1179 5620 1
1210 5560 1377 5639 Numquid
1399 5560 1500 5633 dices,
1525 5557 1728 5637 figmentum,
1745 5555 1852 5632 tigulo
1870 5573 1880 5618 ε

262 5651 393 5720 Primus
408 5660 440 5722 11
454 5661 620 5723 maximus
637 5661 872 5739 prophetarum
888 5662 1022 5739 Moyses
1078 5659 1156 5738 quid
1169 5674 1221 5721 me
1236 5657 1344 5721 iecisti
1354 5657 1429 5719 sici
