3958 6204
240 350 300 410 323
704 349 881 411 HONORII
903 350 948 409 111
969 348 1118 411 OPERA.
1135 378 1173 394 —
1189 350 1422 414 SERMONES.

1741 441 1744 445 ¹
1826 357 1887 417 324

282 509 485 570 Suntautem
506 504 602 571 multi
617 523 699 585 quos
714 507 866 569 diabolus
881 523 1035 586 percon·
1132 510 1313 588 sequitur:
1329 512 1369 573 Et
1383 510 1524 573 tames...
1539 511 1657 573 Fames
1667 511 1795 575 suberit
1806 515 1887 576 tunc

239 605 479 683 cupiscentiam
512 605 624 666 carnis
649 621 715 667 non
751 606 867 680 allicit,
893 607 950 668 sed
974 623 1035 684 par
1088 607 1348 683 praedicationis,
1372 608 1461 686 quia,
1484 607 1660 671 sicutcaro
1676 610 1824 671 nutritur
1837 611 1889 673 ci-

231 704 456 780 ·cupiditatsm
470 702 674 764 exteriorum
687 704 832 781 captivat
845 706 878 767 et
893 705 1031 777 seducit,
1088 702 1150 776 bis,
1168 704 1213 765 ita
1226 705 1340 766 anima
1360 703 1589 783 spiritualibus
1604 705 1726 766 verbis.
1741 708 1783 768 Et
1800 707 1888 770 sicut

232 801 318 860 dum
339 799 529 861 inordinate
551 800 789 878 concupiscunt
811 802 934 874 aliena,
956 801 1033 863 dum
1088 816 1167 861 carc
1182 798 1417 875 deficitsinon
1431 802 1602 864 reficiatur
1615 803 1690 865 cibo
1704 805 1885 880 corporali,

239 897 363 974 injuste
389 896 567 974 acquirunt
580 898 668 960 male
686 900 874 976 concupita.
896 901 1031 977 injuste,
1087 899 1135 960 ita
1158 894 1283 970 anima,
1300 899 1330 960 si
1353 914 1420 960 non
1442 900 1592 961 reficitur
1607 899 1682 961 cibo
1703 901 1885 977 spirituali.

236 994 384 1071 inquam,
402 994 478 1071 quia
496 1010 555 1072 per
574 994 696 1068 dolum,
718 1012 779 1073 per
795 996 960 1074 rapinam,
974 1013 1034 1074 per
1089 996 1183 1058 Unde
1197 997 1232 1057 in
1253 996 1451 1073 Evangelio:
1467 1001 1595 1059 Nonio
1607 1003 1679 1059 solo
1691 1000 1886 1072 parturivit

236 1092 441 1153 coactionem
460 1092 620 1169 iniquam,
637 1110 698 1171 per
709 1095 898 1179 principum
916 1094 1035 1156 tactio-
1087 1097 1187 1155 borno
1208 1093 1401 1172 (ldatth.1v,
1424 1094 1474 1175 i).
1497 1096 1576 1167 Quis
1602 1097 1653 1157 ast
1674 1096 1762 1157 enim
1786 1097 1886 1174 panis

235 1205 312 1250 nem
327 1189 427 1266 atque
441 1190 633 1266 potentiam.
650 1191 707 1253 Isti
722 1193 799 1253 sunt
810 1192 936 1253 curiosi
959 1191 1032 1270 pis·
1088 1191 1163 1264 iste,
1180 1192 1246 1253 nisi
1261 1191 1330 1265 ille,
1346 1192 1387 1253 de
1402 1208 1469 1270 quo
1482 1194 1641 1270 scriptum
1655 1194 1707 1254 est
1721 1194 1756 1254 in
1772 1196 1888 1256 Evan-

236 1302 293 1348 ces
301 1287 416 1359 maris,
425 1303 565 1364 quorum
574 1288 1032 1367 circumventiones,quorum
1086 1290 1195 1365 gelio:
1215 1293 1296 1352 Noc
1313 1293 1350 1351 iii
1368 1296 1438 1352 seio
1450 1305 1542 1365 ponc
1553 1291 1639 1351 vivii
1651 1295 1762 1362 donia
1775 1295 1886 1354 sedin

236 1384 553 1461 astritiaeetnegotia
564 1386 813 1463 acquirentibus
821 1386 1032 1464 atacquisitis
1086 1387 1884 1468 omiiioarooqucaproccaitdcorebei(1bid.).

235 1480 451 1557 pereuntibus
462 1482 497 1543 in
508 1481 601 1543 brevi
612 1483 901 1545 transeuntstcito
912 1483 1031 1545 delen·
1086 1484 1135 1546 Ad
1148 1499 1296 1546 mensam
1308 1484 1408 1562 hujus
1422 1484 1518 1561 panis
1535 1484 1669 1561 quidam
1681 1500 1887 1547 necrecum·

234 1581 300 1639 tur.
309 1579 444 1639 Morbus
458 1580 569 1641 tamen
582 1579 773 1657 hujusmodi
783 1580 888 1642 dedic
900 1580 1032 1642 indiam
1086 1581 1169 1645 bunt
1182 1597 1243 1643 nee
1255 1581 1424 1657 frangunt,
1443 1584 1480 1643 ut
1501 1581 1653 1658 gentiles,
1678 1581 1798 1660 quibus
1814 1599 1884 1644 non

234 1676 359 1753 passim
374 1676 534 1748 ascendit,
546 1677 579 1738 et
593 1676 660 1738 late
673 1679 874 1754 pervagatur
888 1678 929 1738 ad
941 1678 1031 1739 viros
1086 1680 1163 1741 sunt
1172 1678 1294 1741 tradita
1307 1680 1439 1756 eloquia
1456 1679 1527 1740 Dei.
1545 1681 1619 1740 Non
1632 1680 1721 1739 enim
1736 1678 1816 1741 fecit
1828 1680 1885 1741 ta-

234 1774 428 1834 monasticae
459 1773 688 1850 professionis,
716 1775 772 1851 qui
800 1775 1029 1848 domunculas,
1086 1776 1164 1837 liter
1177 1776 1267 1837 omni
1280 1769 1418 1848 nationi,
1432 1776 1466 1839 et
1475 1776 1603 1854 iudicia
1616 1792 1677 1836 sua
1693 1791 1761 1836 non
1777 1777 1887 1837 mani·

234 1870 757 1949 agellos‚vineolas,atquaslibet
772 1874 1033 1950 pauperumter-
1086 1873 1219 1935 iestavit
1239 1872 1300 1935 eis.
1321 1873 1460 1945 Quidam
1481 1872 1678 1934 recumbunt
1692 1873 1825 1950 quidem
1840 1873 1884 1934 ad

234 1968 393 2029 ruriculas
420 1969 620 2031 auctoritate
638 1985 709 2042 sua,
734 1970 791 2031 sed
813 1971 926 2032 tamar
941 1986 1031 2047 praa·
1086 1986 1233 2031 mensam
1246 1970 1344 2031 istius
1356 1970 1529 2048 panis,sed
1544 1970 1699 2047 quianon
1710 1969 1883 2046 frangunt,

235 2066 340 2137 textu,
358 2066 570 2127 saecularium
588 2067 685 2128 modo
704 2067 890 2145 acquirunt.
1086 2084 1152 2129 non
1166 2067 1372 2141 reficiuntur,
1389 2069 1425 2129 ut
1439 2067 1559 2140 Judaei,
1576 2066 1752 2145 dequibus
1772 2068 1887 2144 scrip-

274 2163 422 2224 'l'ertium
436 2165 486 2225 est
502 2163 658 2241 superbia
669 2164 758 2237 vitae,
775 2180 848 2242 qua
859 2179 947 2226 nunc
959 2179 1033 2225 am-

234 2258 317 2320 bitio
332 2260 449 2320 saeculi
465 2260 656 2322 nominatur
675 2261 842 2334 videlicet,
871 2278 946 2322 cum
967 2261 1033 2322 ali-

235 2356 309 2433 quis
324 2357 477 2432 raptatur
497 2360 532 2417 et
554 2356 650 2419 ardet
663 2360 775 2434 utpote
790 2374 896 2420 vanus
909 2360 942 2420 et
956 2359 1030 2420 ela-

233 2454 290 2512 tus
312 2468 436 2513 vacans
462 2468 549 2514 vano
575 2453 753 2527 desiderio,
779 2455 856 2532 quia
881 2471 944 2516 nec
963 2457 1031 2516 Deo

172 2608 177 2613 .
234 2565 357 2610 vacare
392 2565 453 2610 nec
489 2550 553 2611 sibi
581 2567 684 2628 prope
713 2568 787 2613 esse
819 2568 942 2614 curans
980 2552 1031 2615 vel

235 2648 400 2724 proximo,
416 2648 521 2709 totum
545 2648 707 2726 impendit
723 2649 815 2711 laudi
828 2650 1031 2711 transitoriae

237 2744 271 2806 et
288 2744 396 2806 favori
410 2745 589 2819 mundano,
606 2748 639 2808 et
652 2746 687 2806 in
703 2747 939 2823 defatigatione
956 2762 1034 2808 cor-

235 2842 1033 2921 porisdererumexpensisdehonoribusadep-

234 2940 291 3013 tis,
305 2941 427 3017 praeter
448 2940 638 3017 buJusmodi
657 2941 883 3018 adjumentum
904 2941 1032 3003 nullum

238 3037 330 3097 aliud
355 3053 494 3114 prorsus
517 3038 637 3113 quaerit
661 3040 931 3101 emolumentum.
953 3041 1032 3100 Haec

237 3134 414 3209 sacrilegia
430 3134 604 3195 committit
624 3136 658 3196 et
677 3133 777 3197 furta.
790 3134 919 3213 Rapina
934 3150 1034 3197 oxon

236 3230 290 3291 cet
304 3230 338 3291 et
352 3230 497 3307 praedas3
518 3230 606 3292 bella
620 3232 708 3307 gerit
718 3234 752 3293 et
770 3230 966 3307 homicidia;
980 3233 1032 3293 si·

236 3328 390 3389 moniace
401 3328 516 3390 vendit
527 3329 560 3390 et
569 3329 664 3403 emit3
681 3329 796 3406 inique
808 3330 890 3406 petit
903 3329 936 3391 et
949 3329 1034 3391 reci·

235 3425 300 3502 pit3
316 3424 441 3504 injuste
455 3426 645 3502 negotiatur
663 3428 697 3487 at
710 3425 909 3502 loeneratar3
931 3426 1034 3488 instat

236 3522 322 3584 dolis
346 3523 379 3584 et
393 3523 544 3584 imminet
564 3523 752 3597 fraudibus;
777 3523 930 3585 dissolvit
950 3539 1033 3601 pac·

235 3621 351 3681 tumet
366 3619 469 3681 violat
479 3620 722 3697 jnramsntum3
742 3620 924 3697 corrumpit
938 3620 1034 3682 testi-

236 3717 385 3778 mouium
400 3718 433 3778 et
447 3717 606 3794 pervertit
620 3716 797 3794 judicium.
818 3719 922 3789 Quam
943 3718 1033 3778 mul-

235 3816 288 3877 tos
301 3814 433 3876 seduxit
446 3814 629 3892 cupiditast
646 3817 750 3887 Quam
763 3814 876 3892 plures
890 3815 1034 3893 perdidit

236 3913 398 3975 avaritia!
421 3913 515 3974 Unde
540 3912 576 3973 in
600 3912 688 3974 libro
709 3913 848 3975 Numeri
869 3913 1034 3974 :Balaam

237 4009 342 4072 asella
357 4010 539 4085 redarguit,
554 4011 588 4072 et
599 4010 716 4096 pedem
732 4010 878 4071 sedeatis
894 4009 1032 4082 attrivit,

238 4107 317 4184 quia
343 4108 460 4182 captus
482 4106 638 4182 cupidine
661 4106 899 4183 promissorum
920 4107 1036 4183 dispo-

238 4202 352 4265 suerat
385 4202 585 4264 maledicere
613 4203 729 4263 lsrael.
767 4204 808 4265 st
837 4203 871 4264 in
899 4206 1001 4266 iosus
1024 4225 1033 4265 ε

237 4299 349 4361 achor
371 4298 513 4375 populus
536 4298 708 4377 lapidavit,
734 4315 799 4377 qua
820 4300 898 4363 tulit
913 4316 1036 4377 argen-

238 4397 308 4458 tum
319 4395 354 4458 ot
368 4411 486 4458 aurum
502 4396 543 4457 de
557 4396 770 4459 anathemate
783 4397 928 4460 iericho.
948 4400 988 4460 Et
1000 4399 1035 4459 in

237 4493 325 4555 libro
344 4497 495 4570 Regum:
518 4492 651 4557 Nabotb
674 4494 910 4572 interremptos
925 4497 986 4567 est,
1000 4497 1036 4558 ut

1086 2167 1155 2226 tum
1167 2166 1218 2227 est
1236 2166 1272 2226 ln
1286 2166 1431 2227 ieremia
1446 2186 1453 2224 ε
1469 2167 1616 2226 Parvuli
1624 2165 1802 2240 petiens
1821 2180 1888 2239 pa-

1086 2276 1176 2334 cem,
1188 2264 1222 2324 et
1243 2276 1312 2323 aon
1323 2263 1402 2323 erat
1415 2264 1474 2335 qai
1487 2261 1730 2337 manumissis
1742 2260 1884 2339 (Thren.

1085 2375 1130 2431 iv,
1147 2358 1192 2438 l).
1209 2359 1352 2436 Ideoque
1362 2358 1457 2436 quasi
1468 2357 1559 2419 latua
1567 2356 1727 2419 animalia
1739 2358 1831 2419 stant
1839 2358 1885 2419 ad

1086 2472 1245 2534 praesepe.
1258 2458 1369 2534 Usque
1383 2455 1483 2518 bodie
1494 2470 1637 2533 namque
1650 2454 1804 2516 velamen
1817 2470 1886 2532 po-

1087 2555 1185 2615 situm
1213 2554 1266 2616 est
1295 2569 1395 2631 super
1420 2568 1479 2615 cor
1503 2568 1629 2624 eorum,
1652 2552 1730 2613 dum
1758 2551 1888 2628 legitur

1086 2650 1259 2728 Moysesin
1269 2649 1447 2727 synagogis
1454 2664 1569 2710 eorum
1582 2648 1634 2710 :et
1644 2648 1887 2725 licetparentes

1086 2747 1208 2809 Christi
1217 2747 1294 2819 sint,
1309 2746 1390 2808 loris
1402 2749 1512 2808 amen
1525 2745 1656 2808 stantia
1668 2745 1780 2808 littera
1792 2760 1886 2823 quae·

1086 2846 1198 2907 rentes
1212 2861 1299 2916 eum,
1316 2859 1377 2905 noc
1388 2843 1428 2905 ad
1440 2842 1660 2905 aumlntrant

1126 2943 1192 3004 Alii
1216 2943 1249 3004 et
1273 2941 1470 3005 recumbunt
1492 2942 1525 3003 et
1547 2940 1715 3017 frangunt,
1733 2939 1790 3000 sed
1804 2939 1888 3016 quia
1941 2926 1946 2935 ’

1087 3040 1218 3112 dicunt,
1246 3041 1279 3101 et
1303 3055 1369 3100 non
1397 3038 1547 3110 iaciunt,
1582 3052 1650 3098 non
1682 3035 1885 3098 reficiuntur

1088 3139 1124 3200 ut
1155 3136 1235 3198 mali
1270 3135 1456 3208 christiani,
1486 3134 1544 3213 qui
1564 3133 1650 3196 bene
1667 3133 1801 3211 quidem
1830 3134 1890 3193 in*-

1087 3233 1264 3309 telligunt,
1301 3232 1360 3293 ssd
1392 3231 1480 3293 male
1516 3230 1652 3305 vivuut;
1693 3229 1774 3307 quia
1807 3245 1887 3291 cum

1087 3332 1186 3392 bomo
1212 3330 1377 3392 situatas
1409 3329 1452 3390 ad
1479 3327 1650 3399 laborem,
1682 3341 1750 3389 non
1785 3326 1890 3388 labo-

1087 3431 1174 3498 rant,
1187 3426 1221 3489 et
1234 3428 1282 3491 ita
1305 3427 1369 3488 isto
1384 3441 1470 3503 pane
1489 3440 1556 3487 non
1574 3424 1771 3489 reficiuntur
1784 3424 1890 3501 iuxta

1087 3525 1170 3587 illud
1187 3545 1194 3585 :
1211 3528 1254 3586 ln
1276 3527 1404 3585 sudore
1421 3523 1536 3584 omiss
1551 3523 1602 3583 tui
1622 3524 1774 3584 vesceris
1792 3536 1892 3595 panc

1088 3624 1147 3685 tuo
1161 3620 1257 3702 (Gen.
1283 3636 1333 3693 111,
1355 3619 1419 3700 19).
1446 3619 1548 3691 Quasi
1569 3617 1716 3680 diceret:
1746 3616 1799 3678 Illi
1826 3618 1892 3694 qui

1088 3718 1165 3778 sunt
1179 3714 1352 3787 inlabere,
1368 3714 1564 3775 reficiuntur
1577 3713 1642 3773 isio
1654 3726 1749 3789 pane.
1762 3710 1832 3772 alii
1854 3714 1894 3774 et

1088 3813 1285 3874 recumbunt
1307 3811 1341 3873 et
1362 3811 1529 3887 frangunt,
1553 3810 1586 3871 at
1609 3809 1687 3887 qula
1707 3809 1744 3870 in
1767 3807 1893 3870 auditu

1088 3911 1180 3972 auris
1195 3908 1363 3980 medium,
1377 3908 1455 3969 dum
1477 3908 1556 3968 suut
1571 3905 1716 3968 factores
1729 3903 1837 3978 verbi,
1855 3908 1893 3968 et

1089 4024 1155 4070 non
1167 4007 1338 4070 auditores
1358 4005 1498 4077 tantum,
1513 4003 1706 4066 medullitus
1723 4002 1893 4064 reficiun-

1088 4108 1153 4169 tur.
1183 4107 1221 4167 lu
1244 4103 1437 4166 tortitudine
1459 4102 1555 4180 panis
1581 4101 1679 4163 istius
1700 4099 1893 4163 ambulavit

1089 4204 1203 4265 Helias
1224 4200 1444 4280 quadraginta
1465 4198 1581 4261 diebus
1602 4199 1636 4260 et
1658 4197 1890 4276 quadraginta

1089 4300 1241 4363 noctibus
1255 4314 1360 4375 usque
1374 4297 1416 4358 ad
1430 4298 1574 4358 montem
1584 4295 1644 4357 Dei
1659 4294 1757 4356 Oreb.
1768 4295 1812 4355 m
1825 4310 1895 4356 nos

1090 4394 1499 4475 ergoimtresoonilacta
1510 4391 1896 4462 testa,releotimedulla

1088 4494 1182 4559 verbi
1196 4495 1256 4556 bei
1270 4493 1307 4555 in
1321 4492 1385 4554 hoc
1393 4494 1545 4568 tempore
1552 4490 1756 4552 abstinentes
1767 4487 1897 4551 lortius

237 4591 352 4655 Achab
362 4591 493 4655 vineam
508 4591 704 4669 possideret.
715 4593 805 4654 Giesi
816 4592 1035 4670 lepraperlu-
1089 4592 1306 4663 ambulemus,
1323 4590 1408 4651 utin
1422 4587 1617 4651 fortitudine
1635 4588 1708 4664 eius
1723 4600 1831 4662 usque
1846 4585 1896 4647 ad

238 4691 297 4759 dit,
314 4690 392 4767 quia
407 4689 502 4767 petiit
516 4690 549 4750 et
560 4690 687 4767 recapit
700 4694 874 4767 argentum
885 4691 1035 4753 etvestes
1090 4690 1233 4751 montem
1243 4687 1303 4749 Dei
1315 4684 1641 4747 Orebvaleatnostra
1650 4681 1807 4743 debilitas
1816 4697 1900 4758 pen-

238 4786 300 4848 sub
314 4787 451 4853 nomine
470 4786 618 4849 Helisaei.
632 4789 673 4849 Et
694 4787 731 4849 in
746 4788 951 4865 Evangelio:
972 4791 1036 4851 Ju—
1089 4784 1215 4856 venire,
1232 4781 1290 4844 ubi
1303 4780 1361 4843 ille
1376 4780 1433 4859 qui
1445 4780 1601 4858 apparuit
1614 4778 1721 4856 Moysi
1733 4776 1769 4837 in
1788 4775 1899 4839 nubis

239 4883 301 4943 das
321 4882 440 4961 laqueo
463 4899 500 4945 se
525 4883 707 4960 suspendit,
732 4885 811 4961 quis
835 4884 986 4947 vendidit
1004 4884 1036 4946 et
1090 4882 1212 4961 specie,
1233 4878 1329 4945 nobis
1343 4880 1504 4956 appareat
1517 4877 1553 4938 in
1572 4876 1764 4953 majestat03
1782 4875 1818 4936 et
1840 4875 1901 4938 sic

126 5022 133 5029 -
238 4979 377 5042 tradidit
387 4981 566 5042 Christum.
579 4980 676 5044 Unde
693 4981 729 5042 in
745 4979 882 5044 actibus
895 4982 1036 5060 Aposto-
1091 4994 1266 5043 curramus
1288 4993 1350 5055 per
1374 4975 1529 5048 stadium,
1542 4976 1578 5037 ut
1592 4973 1635 5036 ad
1648 4972 1904 5049 braviumpen-

239 5078 348 5139 lorum
373 5098 382 5138 t
406 5077 573 5139 Ananiam
596 5077 630 5140 et
658 5078 833 5155 saphiram
861 5078 1035 5141 subitanea
1090 5077 1206 5140 venire
1235 5075 1412 5154 possimus.
1446 5074 1494 5134 De
1529 5069 1757 5132 subtractione
1785 5068 1902 5147 hujus

239 5190 330 5238 mors
345 5174 516 5248 exstinxit,
533 5175 612 5252 qnia
629 5175 671 5236 de
684 5176 791 5253 pretio
806 5176 879 5252 agri
900 5175 1037 5238 detran-
1090 5175 1187 5252 panis
1201 5172 1283 5235 dicit
1293 5171 1454 5234 Dominus
1466 5184 1526 5247 per
1546 5170 1647 5230 amos
1665 5165 1868 5244 propnetam
1887 5189 1901 5229 ε

240 5273 403 5335 daverunt
414 5272 618 5349 Apostolum.
634 5273 773 5346 licitos,
788 5273 900 5350 inquit
919 5273 1036 5337 Eccle-
1089 5275 1177 5334 Ecce
1191 5273 1264 5333 dies
1281 5269 1433 5340 centem,
1456 5267 1538 5328 dicit
1551 5266 1732 5336 Dominus,
1755 5264 1791 5325 ct
1805 5264 1905 5326 mii·-

240 5371 407 5443 sissimus,
440 5371 595 5444 perdidit
625 5385 754 5432 aarum
783 5370 817 5433 ci
850 5370 1036 5446 argenium
1091 5370 1163 5430 tarn
1176 5370 1308 5441 samam
1324 5369 1362 5428 in
1377 5367 1522 5436 terram,
1535 5377 1605 5425 non
1626 5365 1755 5436 tamem
1770 5363 1903 5436 mnis,

242 5467 344 5546 (Eccl.
359 5482 432 5540 vin,
445 5464 710 5547 stoicicorum
723 5467 844 5544 diligit,
857 5469 1037 5533 cciiiusii·
1090 5479 1200 5540 neque
1221 5465 1317 5527 sitim
1340 5478 1450 5538 aquia,
1473 5462 1534 5523 scd
1556 5460 1719 5521 aadwnai
1742 5459 1909 5522 verbum

241 5563 641 5644 flectitur(liccli.xxx1,
662 5564 707 5645 7).
728 5567 787 5631 Vae
801 5564 871 5626 illis
892 5564 949 5644 qui
963 5579 1037 5627 sec·
1090 5560 1373 5642 Dei(bm0sv1n,
1390 5559 1455 5639 11),
1472 5556 1603 5636 quando
1624 5553 1792 5617 subtrahit
1806 5569 1906 5630 gra-

241 5660 354 5720 tantur
368 5659 461 5720 illud.
1090 5660 1171 5722 tiam
1186 5657 1443 5737 praedicationis.
1458 5654 1635 5718 Sciendum
1651 5652 1702 5714 est
1716 5650 1811 5728 quod
1821 5652 1908 5713 ali-
