3900 6202
205 368 267 434 235
819 367 996 433 HONORII
1017 368 1062 431 111
1083 370 1231 432 OPERA.
1777 365 1829 428 236
1913 396 1914 423 3

208 531 294 607 dem,
303 531 683 609 prenlctumtermlnum
691 529 732 597 ad
742 530 1003 611 prosequendam
1057 530 1106 596 rei
1121 529 1324 593 evidentiam
1338 530 1487 593 tenorem
1501 516 1648 602 ipserum
1661 521 1827 585 litterarum
1913 526 1914 577 3

208 630 466 707 appellationem
503 630 694 708 praedictam
734 630 883 709 partibus
918 629 1006 693 assi·
1058 627 1277 707 praesentibus
1299 626 1454 687 duximus
1466 620 1687 692 inserendum,
1700 620 1753 697 qui
1762 620 1828 681 talis
1913 660 1914 663 ,

208 727 471 806 gnend03quam
483 728 571 790 idem
581 728 852 807 archiepiscopus
865 744 923 806 per
932 728 1005 791 ido·
1059 729 1128 790 est:

209 841 308 886 neum
340 826 566 905 responsalem
600 827 755 904 prosequi
787 843 854 889 non
876 827 1006 888 curarit
1098 821 1402 887 ‹Praecedentium
1425 817 1621 881 auctoritate
1640 814 1762 893 patrum
1779 814 1830 874 ed·
1913 900 1914 903 Ἴ

210 924 335 986 diutius
348 926 552 1002 expectatus,
570 941 758 1003 quenquam
773 925 815 988 ad
837 925 1007 988 contradi·
1059 938 1244 992 monemus,
1269 920 1305 982 ut
1327 917 1485 998 quidquid
1506 916 1698 994 perpetuum
1715 927 1752 973 ac
1772 911 1831 973 sta·
1913 936 1914 947 ¹

210 1022 351 1084 cendum
366 1023 399 1084 et
412 1022 656 1100 impetrandum
674 1023 849 1100 quemdam
871 1022 912 1084 ed
927 1038 1007 1084 nos-
1059 1022 1126 1083 bile
1141 1021 1214 1082 deri
1226 1020 1379 1081 volumus
1392 1014 1525 1093 scriptis
1539 1028 1580 1074 ec
1591 1009 1708 1073 litteris
1718 1009 1832 1072 traden-

210 1121 297 1183 tram
312 1121 523 1198 praesentiam
534 1121 722 1183 destinarit.
733 1120 825 1183 Licet
835 1121 937 1198 igitur
947 1136 1006 1198 pro
1060 1121 1137 1181 dnm
1161 1117 1375 1197 praesentium
1407 1117 1441 1176 et
1467 1113 1653 1174 futurorum
1682 1108 1830 1169 memorias
1913 1124 1914 1185 j

212 1232 252 1278 eo
273 1217 360 1295 quod
384 1218 539 1296 prosequi
560 1218 817 1296 appellationem
836 1235 931 1280 suem
946 1233 1009 1279 ne-
1061 1216 1337 1281 commendemns.
1383 1209 1591 1289 Quapropter
1632 1220 1696 1282 ego
1729 1203 1830 1280 regina

211 1313 326 1391 glexit,
343 1331 442 1393 quam
456 1315 632 1394 prosecuta
639 1316 690 1377 est
699 1315 847 1393 legitime
860 1331 938 1393 pers
953 1314 1008 1376 ed·
1060 1314 1234 1387 Therasia,
1250 1311 1388 1390 gloriosi
1410 1305 1622 1387 imperatoris
1638 1301 1783 1365 ildefonsi
1794 1300 1830 1361 d·
1913 1356 1914 1359 ,

212 1428 322 1481 versa,
337 1412 425 1474 idem
446 1413 717 1492 archiepiscopus
738 1415 827 1476 esset
845 1413 951 1475 eidem
972 1414 1008 1474 in
1061 1415 1119 1487 lie,
1145 1413 1186 1474 ed
1209 1411 1340 1473 laudem
1366 1410 1399 1471 et
1425 1406 1568 1485 gloriam
1596 1399 1725 1464 Domini
1743 1397 1831 1459 nostri

213 1511 371 1587 expensis
394 1510 551 1588 legitimis
573 1511 854 1585 condemnandus,
876 1526 937 1573 nos
955 1511 1010 1573 ta-
1061 1515 1142 1575 Jesu
1155 1510 1278 1571 Christi
1296 1511 1329 1570 et
1343 1505 1384 1569 ob
1396 1505 1557 1567 honorem
1571 1501 1604 1563 et
1615 1495 1832 1560 amorembea·
1913 1510 1914 1573 ᾗ

213 1625 290 1670 men
300 1608 335 1669 in
347 1608 411 1670 hoc
424 1610 587 1671 senectuti
601 1612 675 1687 ejus
686 1610 873 1687 parcentes,
887 1609 1010 1670 discre-
1061 1610 1199 1672 tissimae
1214 1606 1364 1683 Virginis
1383 1603 1498 1665 Mariae
1518 1601 1552 1661 et
1574 1614 1635 1676 pro
1659 1592 1832 1656 remissione
1913 1610 1914 1671 }

214 1706 298 1769 tioni
321 1707 441 1769 restrae
467 1723 529 1784 per
550 1708 733 1785 apostolica
747 1707 870 1784 scripta
885 1706 1008 1786 praeci·
1062 1707 1273 1785 peccatorum
1291 1716 1438 1764 meorum
1457 1700 1490 1760 et
1509 1694 1708 1759 remissione
1732 1690 1832 1752 anime
1913 1694 1914 1731 ³

214 1804 335 1881 piendo
348 1804 555 1875 mandemus,
572 1806 747 1882 quatenus,
761 1806 790 1866 si
803 1804 897 1868 robis
911 1820 1011 1866 cons
1063 1821 1146 1866 meae
1159 1804 1192 1865 et
1208 1802 1384 1879 parentum
1404 1811 1554 1860 meorum
1571 1792 1657 1855 facio
1676 1789 1834 1852 testamen·

215 1902 320 1964 titerit
332 1902 535 1964 comitissam
548 1903 732 1980 praefetam,
748 1903 820 1981 ipsa
831 1904 941 1966 tamen
956 1902 1012 1962 in·
1062 1904 1133 1966 tum
1147 1904 1181 1963 et
1192 1899 1342 1961 chartam
1360 1893 1551 1958 donationis
1565 1907 1624 1969 per
1634 1890 1730 1965 bans
1741 1885 1832 1961 scrip-

215 2000 312 2062 terhn
327 1999 488 2062 beneflcio
503 2000 670 2077 praedictae
689 2000 908 2062 relaxationis
927 2016 1012 2076 gau·
1063 2002 1148 2063 turae
1161 1998 1351 2059 tinnitatem
1359 1992 1576 2070 portugalen.
1590 1987 1660 2051 sedi
1670 1987 1708 2047 de
1720 1982 1834 2045 civitate
1913 2042 1914 2047 ,

216 2097 326 2170 dente,
343 2096 417 2169 sibi,
445 2097 482 2159 ut
501 2097 625 2159 dictum
640 2098 700 2170 est,
723 2098 881 2160 obtulisse
893 2097 1015 2175 brijus-
1066 2095 1280 2171 Portugalen.
1297 2093 1370 2154 sine
1384 2091 1452 2153 alio
1464 2087 1600 2151 haerede
1616 2101 1689 2147 oum
1704 2078 1834 2144 omnibus

216 2194 306 2256 modi
315 2195 554 2271 iuramentum,
571 2195 624 2257 uel
640 2195 724 2257 alias
739 2211 782 2258 ex
796 2197 890 2273 parte
905 2194 1011 2272 ipsius
1066 2196 1137 2258 suis
1156 2190 1340 2255 redditibus
1361 2189 1394 2251 et
1416 2188 1486 2250 suis
1501 2182 1708 2262 adjacentiis,
1727 2180 1756 2240 et
1774 2190 1834 2236 cum
1913 2212 1914 2251 ;

216 2291 321 2354 misse
335 2292 483 2369 legitime
493 2293 705 2370 appellatum,
718 2293 919 2355 denuntietis
931 2307 1014 2369 prae·
1066 2292 1207 2355 ecclesia
1222 2290 1328 2351 sancti
1344 2286 1434 2350 Petri
1454 2287 1487 2347 et
1508 2280 1694 2345 Rotundele
1707 2278 1737 2340 at
1752 2272 1834 2337 anto
1913 2278 1914 2359 ᾗ

217 2390 339 2451 dictam
365 2391 563 2452 sententiam
582 2390 804 2468 appellatione
831 2389 1014 2468 postposita
1066 2392 1100 2453 et
1116 2390 1225 2451 cestro
1247 2386 1371 2467 quoda
1394 2384 1493 2460 vulgo
1508 2380 1633 2443 dicitnr
1645 2375 1763 2439 Lunata
1775 2389 1835 2434 cun
1913 2418 1915 2457 ,

217 2487 344 2548 nullam
355 2503 441 2559 esse,
449 2487 597 2549 audituri
609 2487 822 2566 postmodum
837 2485 952 2564 siquid
965 2502 1015 2547 re-
1067 2485 1221 2551 omnibns
1235 2483 1445 2563 pertinentiis
1460 2480 1530 2541 suis
1544 2480 1578 2541 et
1592 2473 1751 2539 Germiadi
1766 2469 1835 2547 quod

219 2584 380 2647 manserit
403 2584 609 2663 questionis,
638 2587 671 2647 et
689 2583 771 2647 illud
792 2583 1015 2662 appellatione
1067 2586 1221 2664 primitus
1236 2598 1332 2645 soror
1345 2596 1420 2643 mea
1440 2578 1560 2655 regine
1576 2576 1695 2639 Urtace
1712 2568 1835 2639 dederat,

218 2682 346 2744 remota
367 2682 434 2743 fine
453 2680 564 2744 debito
578 2681 734 2755 decisuri,
757 2680 910 2744 iaciendo
929 2678 1015 2760 quod
1069 2685 1102 2745 et
1133 2681 1286 2745 omnibus
1320 2677 1489 2754 regalibus
1517 2668 1759 2735 haereditatibus
1777 2679 1837 2743 qua

219 2780 435 2842 decreveritis
462 2796 523 2858 per
555 2795 731 2843 censuram
755 2778 1016 2843 ecclesiasticam
1069 2781 1157 2843 inire
1180 2779 1314 2842 cautum
1332 2774 1558 2838 eontinentur.
1582 2774 1672 2834 Dono
1691 2768 1792 2844 itaque
1811 2760 1838 2822 at
1913 2814 1914 2859 ἐ

219 2877 362 2941 tirmiter
377 2875 560 2939 obseruari.
580 2879 700 2941 Datum
715 2878 884 2950 Laterani,
901 2880 931 2940 11
949 2876 1016 2939 he·
1070 2877 1215 2943 concedo
1242 2875 1401 2955 perpetua
1434 2870 1618 2934 stabilitate
1658 2860 1837 2943 supradictas
1913 2920 1914 2941 2

160 3028 163 3035 .
220 2971 336 3037 lendes
360 2971 534 3046 februarii,
562 2974 774 3053 pontificatus
801 2973 907 3036 nostrl
929 2988 1018 3035 anno
1070 2975 1282 3041 haereditates
1307 2971 1380 3034 sire
1405 2968 1572 3047 piscarias
1600 2965 1717 3027 sanctae
1742 2957 1837 3022 uarie
1913 2950 1915 3035 l

220 3068 338 3146 primo.
1071 3072 1283 3149 Portugalen.
1298 3054 1836 3140 sedisetdominougoni,ejusnem

1070 3171 1221 3236 ecclesiae
1236 3168 1403 3246 episcopo,
1419 3167 1561 3243 ejusque
1575 3150 1838 3245 successoribusct
1913 3186 1914 3191 κ

562 3290 678 3380 CXCI
1072 3262 1540 3335 iaoiooantumtlmnissimum
1552 3250 1838 3359 pertehminossuos
1913 3272 1914 3319 3

1071 3366 1228 3431 videficet
1245 3379 1305 3443 per
1319 3362 1491 3429 Lunatam,
1503 3354 1624 3421 deinde
1642 3358 1788 3416 Paconan
1799 3359 1838 3406 n·
1913 3384 1914 3443 3

1071 3466 1186 3529 vnlum
1204 3461 1262 3541 qui
1276 3459 1381 3524 currit
1394 3458 1493 3537 juxta
1509 3455 1670 3534 palatium
1687 3451 1725 3512 de
1742 3440 1838 3508 denda

1073 3562 1248 3632 Gonsaluz,
1272 3557 1390 3620 deinde
1409 3555 1450 3617 ad
1468 3555 1582 3633 petras
1611 3549 1723 3627 Styles,
1742 3537 1838 3605 deinde
1913 3598 1914 3601 ,

515 3669 547 3729 ³¹
566 3668 627 3742 l‘flss·
649 3669 729 3727 ¹²¹⁷·
1073 3663 1302 3741 perParamos
1315 3655 1356 3718 ed
1372 3657 1562 3725 Barrosam,
1583 3649 1659 3711 inde
1681 3650 1838 3706 ercamra-

331 3513 385 3573 Ad
398 3512 596 3588 episcopum
608 3511 909 3590 carcassensem.

228 3792 301 3856 [Cod.
318 3792 366 3845 lat.
384 3790 455 3853 3934,
475 3807 502 3858 p.
524 3791 578 3844 tal.
592 3793 652 3845 lisa.
671 3790 852 3858 bibliotheque
868 3789 1019 3854 nationale]
1072 3760 1178 3825 ῘΘΓΘῙΠ
1191 3771 1264 3836 (1¹¹3e
1275 3755 1326 3816 Ost
1338 3767 1441 3831 ΡῙὊΡΘ
1459 3749 1595 3820 memo
1617 3744 1693 3807 indi)
1705 3739 1742 3802 ad
1757 3735 1838 3798 aliam

1074 3872 1197 3927 arcam,
1217 3852 1336 3915 deinde
1353 3849 1395 3911 ad
1416 3849 1544 3927 petrem
1560 3844 1727 3911 iuroetem,
1741 3828 1840 3897 deinde

226 3961 369 4036 Episcopo
403 3961 603 4036 portugalensi
630 3960 781 4020 condrmat
804 3961 1021 4019 concessionem
1074 3954 1116 4018 ad
1135 3951 1280 4014 montem
1301 3936 1363 4026 qui'
1378 3945 1519 4009 vocatur
1537 3940 1722 4009 Pedemule,
1741 3925 1840 3995 deinde

262 4065 278 4107 a
303 4050 439 4108 Therasia
466 4050 666 4125 Portugalensi
684 4051 797 4124 regina,
819 4050 876 4108 tilin
895 4051 1027 4123 impera·
1074 4049 1289 4130 permantum
1304 4046 1346 4107 do
1363 4043 1515 4121 captivis,
1539 4039 1657 4103 deinde
1677 4022 1838 4097 sicutdiri·
1913 4028 1914 4073 t

262 4139 333 4196 toris
347 4138 521 4211 ildephonsi,
547 4137 651 4196 lactem
667 4153 703 4194 ex
718 4145 889 4195 testamento
907 4136 1022 4211 hugoni
1075 4147 1248 4212 emp-0110
1271 4143 1359 4205 sacta
1376 4156 1451 4203 cum
1473 4136 1652 4209 (sommi,
1673 4127 1840 4199 deindeper

263 4228 454 4298 episcoparet
471 4225 821 4300 ecclesieppertugalensl
846 4224 883 4282 de
906 4227 1022 4283 ellim&
1075 4242 1239 4308 curtinum
1254 4232 1695 4301 fratrumindeadtlenalem
1705 4225 1839 4300 majorem

264 4314 436 4387 Pomugaliae
454 4328 520 4372 cum
545 4312 679 4371 omnibus
704 4314 885 4387 pertinentiis
906 4321 937 4371 et
955 4328 1022 4371 cum
1075 4337 1318 4405 sqcutdecuffit
1332 4335 1367 4397 in
1378 4334 1459 4396 Dori
1475 4333 1611 4394 fiumen,
1635 4323 1840 4401 Quodcumque

263 4403 385 4460 eochsie
398 4403 426 4460 S.
443 4404 518 4460 Petri
532 4401 729 4462 ethelendcla
744 4411 773 4459 et
788 4404 875 4460 Busta
889 4409 1023 4461 cicestro
1075 4439 1178 4517 igitur
1209 4439 1266 4515 jus
1300 4434 1335 4496 ot
1368 4444 1609 4510 quamcumque
1634 4415 1839 4503 proprietatem

263 4490 443 4594 Qum?
457 4490 560 4549 ‘mm'
574 4492 682 4591 Luna?
697 4504 763 4548 ⁰⁰³¹
784 4488 917 4592 Quum
934 4490 1019 4563 Μ’
1075 4536 1163 4600 intre
1190 4531 1397 4611 supradictos
1422 4528 1584 4592 terminos
1604 4522 1706 4586 habeo
1725 4512 1774 4578 rel
1791 4509 1841 4568 he·

263 4587 369 4639 neum
388 4595 459 4650 Μ’
479 4587 507 4638 ⁰⁸
532 4577 686 4648 Germmm’
705 4593 769 4651 (μω
789 4584 920 4651 mmm
942 4592 1024 4637 '⁵⁰¹⁰'
1075 4631 1269 4696 beredebeo
1283 4630 1319 4691 in
1333 4628 1465 4698 Baneis,
1482 4626 1554 4688 sire
1568 4623 1610 4685 de
1625 4615 1738 4681 Sancta
1751 4601 1839 4671 Maria

263 4669 326 4744 ejus
339 4669 441 4743 regim
455 4671 558 4730 um
572 4662 739 4726 donaverat.
1076 4731 1110 4793 et
1130 4728 1235 4807 Aquis
1263 4724 1404 4804 Sanctis,
1421 4724 1493 4785 sive
1522 4722 1562 4783 de
1585 4717 1680 4781 dictis
1696 4700 1839 4784 regalibus

268 4829 372 4891 iustis
399 4817 596 4907 petentium,
621 4827 724 4890 ete...
739 4839 848 4902 usque
868 4841 1022 4888 assensu.
1076 4823 1342 4906 possessionibus
1350 4822 1454 4884 totum
1462 4818 1611 4882 ecclesis
1619 4813 1734 4876 sancte
1743 4804 1839 4865 Millae

229 4929 277 4988 Ea
294 4942 367 5002 que
389 4925 431 4987 ab
449 4926 573 4988 inclitae
591 4924 833 4987 recordationIs
846 4924 1021 4994 Therasia,
1076 4921 1326 4999 Portugalensis
1341 4918 1430 4980 sedis
1443 4918 1478 4979 et
1491 4916 1623 4979 domino
1634 4903 1735 4985 Ugoni
1746 4904 1840 4972 supra·

230 5022 394 5101 quondam
416 5021 648 5099 Portugalensi
666 5022 795 5098 regina,
811 5037 912 5098 super
925 5021 1023 5083 cauto
1076 5021 1172 5083 dictae
1192 5017 1344 5081 ecclesie
1359 5015 1526 5092 episcopo,
1542 5015 1676 5089 ejusque
1686 5004 1838 5064 successo·

230 5122 264 5181 et
291 5118 442 5180 terminis
466 5119 536 5179 suis
564 5118 660 5180 bonae
686 5119 856 5181 memoriae
890 5118 1023 5194 Hugoni
1076 5117 1169 5180 ribus
1182 5114 1287 5178 testor
1301 5115 1334 5176 et
1343 5113 1429 5174 dono
1437 5111 1471 5173 et
1480 5126 1540 5189 per
1549 5107 1678 5171 centum
1692 5092 1837 5193 confirmo,

228 5215 467 5294 predecessori
494 5214 552 5276 tuo
571 5215 605 5276 et
630 5214 780 5276 ecclesie
808 5215 1020 5291 Portugalen.
1076 5190 1838 5299 uthabeetetpossideatecclesiePortuglldsst}s

228 5314 285 5390 pia
307 5312 386 5375 sunt
402 5309 603 5373 liberalitate
624 5310 757 5384 collata,
773 5311 860 5373 sicut
872 5311 909 5373 in
926 5315 1022 5391 ejus·
1076 5329 1148 5376 aevo
1163 5309 1301 5390 perenni
1316 5308 1351 5369 in
1366 5305 1498 5369 saeculis
1513 5301 1714 5366 seculorum.
1736 5290 1766 5349 Sl
1779 5290 1838 5359 i¹¹¹³

230 5409 305 5470 dem
332 5409 457 5485 reginae
473 5406 595 5469 litteris
612 5406 800 5468 mnhnetur
820 5408 862 5469 de
882 5424 1023 5485 quarum
1074 5425 1155 5472 vero
1172 5408 1213 5469 de
1233 5404 1427 5486 propinquis
1446 5402 1530 5465 meis
1548 5397 1601 5461 vel
1615 5396 1655 5457 de
1668 5385 1776 5453 alienis
1788 5379 1838 5438 110⁰

229 5504 345 5567 tenore
359 5504 454 5567 nobis
467 5504 615 5566 constitit
628 5503 809 5577 evidenter,
826 5505 1022 5567 auctoritato
1073 5505 1306 5571 testamentum
1320 5505 1354 5564 et
1367 5502 1494 5564 cartam
1509 5489 1693 5562 donationis
1708 5498 1761 5546 seu
1773 5486 1839 5539 cau·

230 5600 420 5673 apostoliea
434 5599 667 5662 confirmemus
680 5600 714 5662 et
721 5601 896 5678 praesentis
906 5602 1022 5680 scripti
1073 5605 1144 5666 tum
1161 5602 1346 5678 irrumpere
1368 5598 1422 5661 vel
1443 5596 1588 5664 eraseris,
1604 5605 1661 5651 seu
1681 5579 1838 5650 intringere

231 5692 354 5767 vigim
381 5694 706 5783 communimused
725 5700 883 5776 majorem
911 5700 1021 5761 eutem
1074 5699 1262 5771 tentaverit,
1279 5696 1443 5777 imprimis
1465 5695 1554 5757 iram
1568 5688 1626 5751 Dei
1639 5667 1838 5747 incurrateta
