3900 6202
749 346 992 411 *EPISTOLAE
1015 347 1094 408 ΜΒ.
1118 349 1143 408 Ι.

128 346 184 407 301
1717 361 1776 419 302

128 504 322 582 pecuniam,
352 519 451 582 quam
476 504 512 567 ut
537 506 745 582 praemissum
771 512 835 580 est,
864 506 925 569 sub
1020 507 1197 585 Episcopis
1223 510 1373 584 Tusciae,
1398 513 1559 576 Marcbiae
1593 516 1781 593 spoletanae

126 602 409 665 testimonialibus
442 602 564 664 litteris
592 619 705 665 secum
741 604 923 695 attulerint,
979 604 1179 682 Campaniae.

126 716 200 762 esse
226 701 470 777 crucesignatis
489 701 631 763 fideliter
653 703 685 763 et
712 704 839 764 utiliter
852 703 925 764 dis·
1018 703 1192 780 Episcopis
1207 705 1239 767 et
1251 704 1425 770 abbatibus
1440 711 1603 788 exemptis
1617 728 1677 789 per
1692 714 1778 774 Sici-

125 798 296 870 tributam,
309 800 342 860 et
355 800 423 861 tam
437 800 677 861 testimoniales
694 800 814 862 litterae
826 816 926 878 super
978 800 1057 861 liam
1076 802 1274 865 constitutis.

124 895 311 972 quantitate
337 896 487 973 pecuniae
514 898 701 958 commissae
730 898 925 960 distributo-
1018 900 1188 978 Episcopis
1212 903 1246 963 et
1266 901 1439 965 abbatibus
1461 907 1622 984 exemptis
1646 909 1775 986 Apuliae

122 992 215 1054 ribus
229 993 315 1070 ipsis
339 1009 438 1071 qaam
458 994 623 1071 scriptura
637 995 818 1067 ratiocinii,
836 995 924 1073 quod
978 998 1011 1059 et
1026 1000 1137 1059 Terrae
1153 997 1304 1061 Laboris.

5 1084 7 1147 1
121 1092 289 1153 cardinali
300 1091 509 1167 etmagistris
519 1090 725 1155 reddiderint
735 1094 921 1167 antedictis
971 1104 975 1109 ’
1018 1095 1170 1173 capitulo
1190 1098 1223 1159 et
1241 1098 1406 1178 episcopis
1423 1100 1646 1178 suffraganeis
1668 1106 1776 1168 eecle-

121 1188 923 1265 diligentissimeconserventur,uteteorumdem
978 1193 1038 1255 siae
1056 1194 1333 1258 Ravennatensis.

121 1286 376 1348 distributorum
407 1287 489 1349 fides
520 1289 553 1348 et
580 1288 753 1365 diligentia
788 1289 922 1351 illarum
1019 1290 1138 1355 Abbati
1153 1292 1185 1354 et
1200 1293 1376 1357 conventui
1392 1295 1576 1358 casinensi.

121 1385 314 1447 testimonio
338 1386 483 1462 pateant,
516 1386 549 1447 et
567 1386 828 1463 suspiciosorum
843 1402 924 1448 con-
1018 1390 1191 1469 Episcopis
1216 1394 1250 1454 et
1279 1392 1454 1456 abbatibus
1485 1396 1646 1474 exemptis
1677 1400 1777 1460 Lom-

121 1482 297 1559 quiescant
308 1485 436 1544 mentes
447 1484 480 1544 et
489 1482 578 1544 labia
589 1484 824 1547 conticescant.
839 1487 923 1556 Quo·
975 1485 1113 1551 bardiae.

121 1580 211 1641 circa
245 1580 448 1643 fraternitati
483 1584 603 1643 vestrae
639 1597 698 1659 per
731 1582 922 1660 Apostolica
1016 1586 1128 1648 Electo
1146 1588 1401 1650 Mediolanensi.

121 1678 247 1755 scripta
275 1679 489 1747 mandamus,
514 1681 678 1757 quatenus
702 1680 774 1741 haec
795 1681 920 1741 solem·
1015 1685 1186 1762 Episcopis
1194 1684 1407 1748 etabbatibus
1417 1689 1581 1766 exemptis
1589 1691 1771 1762 Teutonico,

121 1776 208 1838 niter
222 1792 284 1853 per
298 1778 426 1839 vestras
440 1777 600 1839 dioeceses
613 1778 818 1855 publicantes
832 1778 922 1839 diid-
976 1780 1009 1841 et
1018 1780 1114 1855 regni
1126 1782 1289 1842 Franciae.

122 1873 279 1935 cultatem
305 1890 365 1936 seu
397 1891 525 1937 moram
554 1877 701 1954 aliquam
730 1876 920 1938 nullatenus
1013 1877 1194 1941 Abbatibus
1214 1879 1376 1957 exemptis
1396 1878 1565 1944 Hibernia
1585 1882 1618 1944 et
1640 1883 1770 1946 Scotiat.

122 1970 312 2044 innectatis,
322 1972 376 2034 rel
396 1973 594 2050 permittatis
608 1973 744 2047 innecti,
759 1974 839 2051 quin
852 1974 920 2037 tam

122 2069 275 2132 collectio
298 2071 467 2133 vicesima
494 2088 554 2148 per
581 2087 649 2145 eos,
667 2071 723 2149 qui
747 2072 788 2133 ad
813 2072 876 2134 hoc
900 2089 920 2135 a

121 2167 215 2229 bonae
248 2169 420 2230 memoriae
449 2170 642 2231 Innocentio
668 2173 759 2247 Papa
791 2170 921 2248 praede-

122 2281 252 2327 cessore
275 2267 390 2328 nostro
409 2265 554 2340 fuerunt,
575 2267 660 2329 vela
681 2266 777 2329 nobis
796 2267 921 2332 suerint

5 2390 7 2443 ς
121 2363 278 2441 deputati,
297 2365 371 2426 sine
395 2363 512 2426 fraude
536 2381 575 2427 ac
599 2382 821 2443 expensarum
847 2367 919 2428 dis-

122 2463 292 2535 crimine,
312 2466 410 2541 prout
444 2464 486 2524 ad
522 2480 580 2526 eos
621 2464 782 2541 pertinet,
820 2482 919 2543 quam

5 2570 6 2583 ³
121 2561 197 2633 alia,
213 2564 316 2639 prout
329 2562 483 2638 superius
505 2563 582 2624 sunt
604 2562 781 2640 descripta,
805 2563 921 2625 effica-

5 2692 6 2713 .
121 2658 202 2720 citer
235 2659 372 2721 valeant
406 2659 595 2720 executioni
629 2660 795 2721 mandari.
831 2663 919 2721 Sane

120 2757 296 2832 pecuniam
309 2756 481 2818 collectam
497 2756 529 2818 et
541 2756 762 2832 colligendam
777 2758 814 2817 in
829 2757 920 2819 trun-

120 2853 168 2914 cis
197 2870 260 2931 per
292 2853 524 2916 distributores
560 2855 736 2932 praedictos
765 2855 919 2917 distribui

120 2951 273 3014 volumus
295 2954 329 3014 et
347 2952 543 3013 mandamus
570 2953 659 3014 inter
670 2954 918 3029 crucesignatos

121 3050 276 3112 strenuos
300 3050 334 3110 et
359 3051 537 3127 prudentes
563 3051 603 3111 de
624 3050 746 3128 populo
769 3052 845 3123 illo,
862 3050 919 3113 ubi

121 3147 222 3211 fuerit
235 3148 379 3225 pecunia
397 3149 471 3225 ipsa
482 3148 630 3220 collecta,
646 3148 765 3225 quibus
780 3149 821 3210 ad
837 3165 917 3225 per-

1290 2040 1454 2128 dextr

973 2212 1025 2271 Ad
1045 2213 1225 2273 Nicotamn
1243 2211 1398 2272 abbatem
1419 2212 1625 2274 azotenstertt
1638 2216 1771 2276 carecta

1025 2311 1145 2371 Crucis
1158 2311 1200 2370 cle
1217 2311 1402 2381 Semootco,
1420 2312 1559 2384 ejusque
1570 2310 1714 2384 fratres.

1257 2439 1292 2497 28
1310 2437 1381 2496 iebr.
1405 2440 1487 2498 intr.

973 2545 1111 2612 [incolum
1124 2546 1289 2598 monumenta
1297 2546 1324 2596 di
1333 2546 1357 2599 S.
1372 2544 1453 2596 &acc
1465 2546 1491 2596 di
1505 2546 1652 2607 Sassouiao,
1663 2563 1690 2612 p.
1701 2548 1768 2613 ddi]

973 2653 1128 2714 Confirmat
1141 2652 1315 2711 monasterio
1334 2654 1476 2711 Saxovivo
1487 2655 1637 2728 privilegia
1650 2656 1770 2717 aliorum

1007 2757 1123 2801 suorum
1143 2741 1397 2814 predecessorum,
1419 2749 1448 2800 et
1470 2746 1655 2814 monasteria,
1675 2747 1767 2803 eccle·

1007 2833 1076 2901 sias,
1091 2831 1289 2904 possessiones
1302 2830 1556 2889 dictimcnasterii.

1012 2949 1179 3010 Honorius
1218 2949 1406 3026 episcopus,
1437 2964 1553 3010 servus
1593 2964 1766 3012 servorum
1844 2947 1846 2951 ’
1942 3015 1945 3025 ,

972 3047 1043 3121 Dei,
1060 3046 1189 3108 dilectis
1204 3045 1283 3107 filiis
1296 3046 1436 3108 Nicolao
1452 3045 1564 3107 abbati
1574 3049 1769 3109 monasterii

973 3146 1097 3208 sanctae
1112 3146 1228 3207 Crucis
1250 3145 1290 3206 de
1308 3144 1486 3217 saxovivo,
1503 3148 1641 3223 ejusque
1652 3146 1769 3208 tratri-

122 3247 287 3322 agendum
301 3248 415 3308 votum
436 3263 532 3307 suum
547 3247 679 3323 proprie
703 3263 770 3308 non
791 3264 917 3325 suppe—
971 3244 1044 3318 bus,
1057 3244 1126 3304 tam
1137 3242 1357 3320 praesentibus
1370 3259 1472 3320 quum
1484 3241 1617 3317 suturis,
1628 3245 1768 3321 regula-

118 3343 191 3404 tunt
205 3342 383 3403 facultates
395 3364 403 3417 ;
420 3359 493 3419 quae
506 3344 638 3419 recepta
651 3344 712 3404 sub
729 3344 917 3406 testimonio
972 3359 1045 3404 rem
1059 3343 1163 3404 vitam
1178 3341 1349 3419 professis.

119 3441 267 3502 virorum
295 3438 444 3500 fidelium
468 3442 708 3517 crucesignatis
732 3443 813 3518 ipsis
848 3444 919 3503 dis·
1012 3443 1259 3517 inperpetuum
1278 3439 1470 3514 religiosam
1489 3441 1593 3501 vitam
1614 3441 1770 3517 eligenti-

120 3536 284 3599 tribuatur
304 3538 453 3615 tempore
468 3538 651 3616 arripiendi
664 3539 795 3600 itineris
807 3540 860 3601 rel
881 3541 917 3600 in
970 3539 1043 3610 bus,
1078 3537 1297 3615 apostolicum
1325 3537 1480 3599 convenit
1504 3537 1620 3599 adesse
1649 3542 1770 3616 praesi-

120 3637 224 3712 pcrtu,
251 3636 351 3713 prout
373 3634 540 3697 ridebitur
563 3637 731 3713 expedire,
743 3638 826 3713 ipsis
848 3638 918 3698 dis-
971 3639 1072 3709 dium,
1089 3653 1130 3696 ne
1145 3635 1229 3697 forte
1244 3633 1421 3713 cujuslibet
1437 3635 1635 3698 temeritatis
1649 3637 1768 3698 incur-

5 3766 7 3787 .
119 3732 347 3805 tributoribus,
364 3733 528 3795 rationem
547 3734 589 3795 de
607 3733 776 3810 illa‚}siout
792 3735 832 3795 de
848 3735 916 3797 alia
970 3752 1037 3808 sus,
1051 3736 1109 3796 aut
1123 3750 1180 3795 eos
1196 3749 1216 3794 a
1231 3735 1400 3809 proposito
1418 3736 1562 3805 revocet,
1578 3736 1636 3796 aut
1650 3734 1763 3805 robur,

119 3829 302 3908 inscriptis
323 3829 464 3891 fideliter
478 3830 668 3892 reddituris.
685 3830 803 3894 Datum
818 3833 918 3893 Late·

120 3929 202 4000 rani,
219 3927 368 3990 secundo
383 3927 544 3990 kalendas
566 3928 689 4003 martii,
705 3929 915 4007 pontificatus

121 4027 222 4088 nostri
234 4042 326 4089 anno
341 4025 461 4103 primo.

157 4334 381 4395 incarnatam
407 4335 546 4395 enodem
571 4331 779 4394 Patriarchis
806 4330 914 4409 Aqui·

121 4426 245 4501 leiensi,
263 4430 431 4491 Gradensi
443 4431 476 4492 et
490 4430 712 4507 suffraganeis
727 4445 852 4491 eorum.

156 4526 426 4604 archiepiscopis
446 4526 479 4588 et
500 4526 665 4603 episcopis
686 4526 826 4598 Siciliae,
847 4526 914 4587 Ga-

120 4620 242 4694 labriae,
258 4623 390 4700 Apuliae
405 4626 438 4685 et
452 4626 563 4686 Terrae
580 4623 729 4685 Laboris.

154 4721 426 4799 Arcbiepiscopis
439 4721 605 4793 Jadrensi,
624 4720 826 4798 spalatensi,
843 4723 915 4783 Ra-

119 4820 275 4894 gusiensi,
291 4819 494 4891 Coloniensi,
511 4819 693 4891 Bremensi,
710 4818 915 4894 Magdebur-

117 4918 220 4991 gensi,
240 4916 509 4993 Salzeburgensi,
529 4917 732 4988 Trevirensi,
749 4915 915 4978 Taranta-

118 5015 234 5088 siensi,
264 5015 455 5087 Bisuntino,
481 5014 724 5087 Ebredunensi,
752 5014 913 5091 aquensi,

970 3833 1056 3913 quod
1079 3831 1176 3902 absit,
1205 3846 1309 3891 sacrae
1330 3830 1504 3905 religionis
1523 3830 1695 3906 infringat.
1720 3836 1766 3893 Ea

969 3931 1115 4011 propter,
1129 3927 1241 3989 dilecti
1267 3927 1302 3987 in
1316 3927 1454 3988 Domino
1470 3927 1543 4001 dlii,
1557 3928 1678 3990 restris
1689 3932 1767 4006 Jus-

967 4030 1012 4092 tis
1026 4025 1303 4106 postulationibus
1326 4024 1507 4086 clementer
1524 4025 1713 4098 annuimus,
1732 4030 1765 4088 et

969 4126 1142 4205 praefatum
1157 4124 1407 4196 monasterium,
1424 4122 1458 4183 in
1474 4138 1539 4201 quo
1554 4122 1667 4185 diuino
1683 4126 1764 4185 estis

969 4225 1127 4303 obsequio
1160 4221 1351 4299 mancipati,
1388 4221 1429 4282 ad
1456 4221 1629 4299 exemplar
1656 4221 1765 4285 felicis

969 4321 1137 4385 memoriae
1168 4319 1353 4382 innocentii
1385 4320 1426 4392 II,
1462 4320 1657 4392 Alexandri,
1688 4320 1765 4382 Cle-

968 4420 1099 4492 mentis,
1116 4415 1295 4490 coelestini,
1310 4416 1343 4479 et
1366 4416 1551 4480 innocentii
1566 4420 1623 4490 ΙΙΙ,
1644 4420 1768 4480 Roam-

969 4534 1088 4580 norum
1102 4515 1311 4587 Pontificum,
1331 4515 1615 4592 predecessorum
1629 4517 1765 4576 nostro-

969 4633 1054 4689 rum,
1083 4615 1144 4676 sub
1175 4616 1211 4675 B.
1237 4612 1338 4684 Petri,
1367 4612 1399 4673 et
1424 4612 1538 4673 nostra
1562 4611 1766 4688 protectione

971 4713 1185 4789 suscipimus,
1208 4711 1242 4771 et
1263 4708 1438 4785 praesentis
1451 4707 1565 4784 scripti
1580 4707 1765 4784 patrocinio

969 4810 1223 4880 communimus
1253 4805 1451 4877 statuentes,
1475 4804 1511 4866 ut
1543 4820 1767 4883 quascumque

969 4904 1211 4983 possessiones,
1228 4916 1444 4979 quacumque
1465 4898 1563 4972 bona,
1586 4900 1675 4962 idem
1693 4919 1767 4963 mo-

968 5001 1155 5064 nasterinm
1169 5000 1205 5059 in
1219 4995 1432 5074 praesentiam
1440 4996 1542 5073 juste,
1556 5013 1596 5059 ac
1606 5001 1767 5060 canonico

117 5113 321 5185 Arelatensi,
340 5113 538 5185 Viennensi,
559 5112 788 5189 Lugdunensi,
811 5114 917 5172 Seno-
971 5097 1129 5178 Ρῡθὸἱᾶθῒ»
1145 5097 1203 5158 dul
1219 5095 1254 5155 in
1270 5093 1429 5167 futurum,
1446 5097 1662 5158 concessione
1676 5100 1768 5158 Pon-

117 5212 222 5285 nensi,
240 5210 411 5282 Remensi,
429 5210 700 5286 Rothomagensi,
717 5209 914 5277 Turonenst,

117 5308 331 5379 bituricensi,
353 5308 603 5385 Burdegalensi,
627 5308 805 5379 auxitano,
828 5308 918 5377 Nar-

970 5198 1106 5268 titlcum,
1132 5193 1310 5270 largitione
1332 5206 1461 5269 regum,
1490 5193 1543 5255 rel
1567 5194 1765 5271 principum,

970 5294 1138 5357 oblatione
1160 5290 1317 5363 fidelium,
1341 5307 1401 5351 seu
1425 5290 1506 5352 aliis
1524 5291 1764 5369 justismodis

117 5403 269 5478 bonensi,
290 5405 534 5478 cantuariensi,
560 5404 772 5476 Eboracensi,
793 5402 917 5465 Nidro-
971 5387 1483 5470 praesslaflieDOmiss0290i01'ltiS
1502 5387 1767 5464 adipissssi2firffla

119 5503 232 5575 aiensi,
249 5502 457 5575 bublinensi,
472 5503 694 5575 armachano,
708 5499 914 5567 castellensi,

970 5489 1074 5559 robis,
1091 5478 1281 5564 rastrisque
1302 5485 1562 5557 successoribus,
1585 5500 1624 5546 ea
1636 5486 1766 5549 illibata

119 5600 311 5672 Tuamensi,
321 5600 521 5673 calaritano,
534 5600 722 5671 Turritan0,
734 5598 916 5660 Arborensi
970 5584 1197 5667 permaneant,
1221 5584 1255 5645 1¹¹
1277 5582 1397 5661 i{Uibus
1412 5582 1484 5643 haeO
1503 5583 1648 5660 PPOPPiiS
1661 5585 1765 5647 duxi·

122 5699 154 5758 et
168 5696 391 5773 suffraganeis
404 5713 529 5762 eorum.

971 5701 1044 5747 mus
1056 5681 1272 5761 exprimenda
1288 5677 1459 5742 vocabulis
1476 5701 1484 5740 :
1510 5682 1634 5743 Locum
1646 5683 1763 5761 ipsum,
