3946 6196
15 338 16 347 ,
124 295 184 357 385
763 290 991 356 EPISTOLAE.
1016 288 1093 354 LIB.
1117 290 1142 353 1.
1699 285 1778 357 ,386

123 454 323 518 norerimus
344 454 381 517 in
404 454 532 533 partem
560 446 794 516 sollicitudinis
822 470 925 516 assu·
979 453 1040 516 trae
1053 454 1086 517 et
1100 451 1217 515 annuli
1233 452 1332 529 atque
1343 452 1573 516 sandaliorum
1588 453 1649 516 tibi
1664 457 1698 516 et
1716 471 1776 532 pro

124 552 258 624 mendo,
290 552 328 615 ia
358 551 455 614 nobis
483 551 660 624 honorem,
688 548 927 629 plenitudinem
979 550 1777 628 temporesucoeasorihustuisdeconsuetasedis

124 650 313 729 potestatis,
331 651 365 713 et
381 649 468 728 apud
487 651 591 711 Deum
607 648 772 722 meritum,
793 652 826 711 et
839 649 927 726 apud
980 648 1178 725 Apostolicae
1196 648 1400 724 benignitate
1421 647 1576 709 duximus
1598 649 1778 728 indulgen-

125 748 281 810 homines
294 747 357 810 tibi
376 762 549 826 compares
567 762 687 809 nomen
703 745 837 807 bonum.
858 748 927 808 Nos
981 746 1069 807 dum.
1084 746 1300 823 praecipimus
1315 749 1437 820 autem,
1449 749 1486 808 ut
1496 746 1653 821 chrisma,
1666 750 1776 810 oleum

16 914 17 917 Ἴ
124 846 215 908 enim
234 846 448 913 sententiam,
469 860 568 922 quam
584 843 829 906 rationabiliter
841 843 929 906 tule-
981 844 1143 916 sanctum,
1160 845 1426 906 consecrationes
1446 844 1613 919 altarium,
1635 847 1776 908 ordina·
1894 928 1897 937 y

124 945 172 1006 ris
185 944 222 1005 in
232 943 390 1017 rebelles,
402 944 508 1005 ratam
519 938 713 1004 babebimus
725 943 758 1004 et
767 940 927 1004 iaciemus
980 942 1099 1015 tiones,
1124 943 1159 1004 et
1181 957 1396 1019 quaecumque
1418 941 1513 1004 vobis
1532 959 1575 1005 ex
1594 945 1777 1021 pontificali

126 1042 263 1104 auctore
283 1041 422 1103 Domino
441 1041 582 1103 tirmiter
601 1039 784 1102 observari.
807 1041 927 1102 batum
981 1039 1058 1102 sunt
1077 1040 1262 1101 ministerio
1284 1040 1486 1113 necessaria,
1503 1056 1523 1102 a
1544 1041 1636 1103 nullo
1656 1043 1776 1105 catino-

127 1138 298 1212 Laterani,
328 1138 375 1200 ΙΙΙ
406 1137 568 1200 kalendas
591 1136 683 1208 maii,
714 1136 927 1216 pontificatus
981 1139 1046 1200 lico
1065 1139 1220 1216 episcopo
1246 1138 1340 1200 vobis
1360 1138 1546 1216 vestrisque
1568 1143 1776 1203 successori-

127 1236 234 1299 nostm'
249 1251 339 1298 anne
353 1236 472 1314 primo.
982 1236 1042 1298 bus
1063 1236 1277 1313 denegentur.
1288 1238 1375 1298 Sane
1390 1237 1520 1309 missas,
1537 1238 1775 1312 ordinationes,

982 1334 1140 1396 stationes
1161 1334 1203 1395 ab
1218 1334 1309 1396 omni
1327 1334 1482 1413 episcopo
1497 1335 1550 1397 vel
1568 1336 1658 1399 clero
1677 1338 1779 1400 Pari-

437 1426 625 1520 CCGXIV
726 1464 729 1467 ·
982 1433 1066 1494 sien.
1084 1432 1234 1495 ecclesiae
1255 1433 1290 1494 in
1303 1432 1419 1494 eodem
1438 1434 1639 1496 monasterio
1657 1435 1779 1512 praeter

982 1531 1184 1593 voluntatem
1196 1529 1326 1593 abbatis
1341 1531 1397 1592 vel
1416 1532 1684 1608 congregationis
1704 1531 1778 1596 ileri

131 1589 181 1658 Μ
194 1597 381 1673 mem
391 1584 548 1656 abbatem
561 1582 768 1655 mmmm
782 1594 816 1654 S·
841 1594 930 1654 (Μ’
982 1627 1218 1705 prohibemus3
1244 1640 1307 1689 nec
1338 1627 1461 1690 babeat
1487 1629 1683 1706 potestatem
1714 1630 1782 1692 ali-

196 1693 698 1765 marcommannas
711 1690 854 1765 nctres.
982 1725 1061 1804 qum
1089 1725 1137 1788 an
1164 1725 1362 1804 imperandi,
1389 1726 1447 1787 sea
1468 1742 1530 1788 nec
1557 1727 1670 1789 arvina
1698 1728 1780 1806 ipsis

423 1840 461 1900 29
474 1855 536 1915 apr,
551 1841 630 1902 1217,
983 1823 1093 1885 officia
1108 1823 1317 1896 interdicere,
1332 1839 1394 1885 nec
1403 1825 1704 1899 excommunicare,
1719 1842 1781 1887 nec

175 1956 293 2032 mma
305 1954 351 2017 ἰῶ·
363 1964 385 2025 l,
397 1964 472 2030 cpio.
482 1964 538 2017 m
551 1967 609 2018 „a
620 1967 657 2018 ue
667 1966 744 2018 rone
752 1964 787 2015 du
796 1962 877 2015 rnen.
983 1920 1024 1983 ad
1037 1920 1200 1999 synodum
1214 1913 1338 1984 vocare
1352 1925 1411 1983 aut
1424 1921 1575 1985 abbatem
1590 1926 1650 1985 aut
1663 1940 1782 1986 mona-

392 2080 406 2103 -‚
983 2019 1075 2091 cbos,
1099 2018 1311 2096 presbyteros
1325 2019 1385 2081 aut
1399 2019 1541 2081 clericos
1563 2021 1781 2084 ecclesiarum

130 2084 313 2153 &adamatis
335 2091 551 2165 privilegiorum
570 2098 600 2149 et
619 2089 769 2159 bonorum,
781 2105 800 2148 a
814 2088 927 2150 childe-
982 2116 1088 2194 ipsius
1102 2117 1168 2178 1001
1179 2117 1357 2179 tribuimus
1371 2115 1574 2179 facultatem·
1597 2119 1780 2196 gdjicimus

164 2181 255 2251 “⁸²⁰¹
271 2181 394 2240 ffl⁰¹³ff⁰
415 2180 535 2253 ⁸¹i³⁸q⁰⁰
554 2183 728 2239 Ff³¹¹⁰⁰f¹¹m
749 2178 866 2254 ‘egum
887 2178 930 2236 ⁰³⁸
983 2215 1083 2277 etiam
1107 2215 1143 2277 ut
1167 2215 1202 2276 in
1231 2214 1478 2292 parochialibus
1505 2216 1670 2285 ecclesiis,
1695 2234 1778 2295 quas

163 2282 380 2325 ‘mmmm'
982 2314 1078 2375 extm
1095 2312 1236 2389 burgum
1250 2312 1340 2374 beati
1353 2313 1509 2375 Germani
1527 2314 1659 2388 tenetls,
1679 2331 1779 2392 pres-

15 2480 16 2491 2
169 2410 338 2474 Honorius
352 2410 429 2484 etc„
445 2411 577 2475 dilectis
591 2411 670 2474 tiliis
693 2410 801 2488 Ugoni
816 2409 929 2472 abbati
982 2410 1162 2488 hyteriper
1179 2426 1239 2473 vos
1262 2410 1441 2487 eligantur,
1464 2410 1497 2472 et
1518 2412 1672 2490 episcopo
1694 2428 1783 2490 prae-

15 2554 16 2557 *
130 2509 328 2572 monasterii
371 2510 483 2571 Sancti
521 2509 676 2572 Germani
705 2508 927 2579 parisiensis,
983 2509 1165 2581 sententur,
1182 2508 1312 2586 quibus,
1329 2509 1359 2570 si
1373 2508 1485 2570 idonei
1502 2509 1637 2582 luerint,
1655 2512 1782 2588 episco-

15 2596 17 2639 ἕ
130 2610 269 2685 ejusque
294 2607 453 2670 iratribus
481 2608 549 2670 tam
580 2607 800 2685 praesentibus
830 2620 929 2684 quarn
983 2623 1043 2682 pus
1069 2607 1257 2668 animarum
1283 2622 1396 2668 curam
1418 2584 1613 2680 committat,
1633 2608 1671 2671 ut
1690 2609 1720 2670 ei
1741 2609 1782 2671 de

15 2706 17 2725 '
132 2705 253 2767 tuturis
274 2704 464 2782 regularem
482 2705 587 2768 vitam
612 2704 770 2782 professis
792 2704 827 2766 in
851 2718 930 2781 per-
982 2703 1088 2781 plebis
1102 2720 1195 2773 cura,
1209 2703 1250 2765 de
1266 2703 1366 2765 rebus
1380 2720 1460 2765 vero
1480 2704 1718 2782 temporalibus
1739 2707 1781 2768 ad

130 2804 278 2879 petuam.
821 2862 824 2871 ,
982 2802 1220 2864 monasterium
1249 2800 1491 2879 pertinentibus
1514 2801 1609 2865 robis
1639 2819 1786 2882 respon-¹

169 2902 206 2961 ln
230 2900 420 2963 imminenti
446 2901 644 2979 apostolica
673 2895 768 2963 Sedis
794 2900 928 2980 specula
983 2899 1092 2962 deant.
1117 2899 1208 2972 Quod
1231 2900 1260 2960 si
1278 2898 1389 2961 facere
1409 2898 1493 2962 sorte
1511 2899 1690 2970 noluerint,
1706 2902 1782 2964 sub·

15 3028 17 3071 3
129 2996 255 3060 adhoc
279 3007 406 3071 sumus,
437 2998 515 3061 licet
539 2999 708 3072 immeriti,
735 2998 930 3076 disponente
982 2998 1136 3060 trahendi
1156 2999 1206 3060 eis
1220 2997 1417 3076 temporalia
1429 3014 1503 3075 quae
1516 3014 1536 3060 a
1550 2999 1645 3061 vobis
1665 3000 1780 3064 tenent

129 3096 282 3168 Domino,
298 3096 480 3167 constituti,
504 3098 541 3159 ut
551 3099 660 3175 justas
680 3096 859 3175 petitiones
875 3096 930 3158 de·
983 3096 1121 3159 liberam
1134 3095 1285 3159 habeatis
1305 3096 1503 3159 auctoritate
1524 3098 1713 3175 apostolica
1728 3098 1781 3161 ia-

128 3193 267 3257 beamus
280 3193 422 3256 libenter
436 3194 620 3268 admittere,
631 3195 664 3257 et
677 3195 727 3256 eis
738 3194 929 3256 studeamus
983 3195 1150 3257 cultatem.
1167 3195 1372 3257 auctoritato
1387 3196 1487 3257 etiam
1499 3195 1691 3272 apostolica
1711 3198 1781 3260 sta-

129 3292 286 3355 enectum
311 3291 426 3354 utilem
453 3292 637 3368 indulgere.
654 3294 846 3370 Eapropter,
872 3292 928 3352 di·
982 3294 1117 3366 tuimus,
1138 3293 1171 3355 et
1190 3292 1285 3355 vobis
1304 3293 1345 3355 de
1366 3294 1524 3355 consueta
1549 3295 1725 3358 clementia
1746 3296 1781 3358 et

15 3364 16 3395 ³
128 3389 206 3452 lecti
218 3391 255 3451 in
270 3390 411 3451 Domino
432 3389 506 3462 tilii,
519 3390 642 3452 vestris
652 3390 755 3468 justis
774 3389 928 3466 postula·
982 3390 1186 3467 benignitate
1199 3391 1500 3468 SedisApostolicae
1510 3392 1731 3469 indulgemus,
1745 3395 1781 3457 ut

127 3487 277 3551 tionibus
289 3488 485 3561 annuentes,
497 3487 737 3550 monasterium
749 3486 840 3549 beati
852 3491 930 3549 Ger·
983 3488 1107 3549 nullius
1120 3488 1278 3563 legationi
1293 3487 1357 3548 nisi
1371 3503 1391 3548 a
1407 3488 1510 3550 latere
1526 3492 1667 3552 Romani
1683 3495 1777 3554 Pon·

15 3618 17 3657 p
127 3586 220 3647 mani
244 3585 286 3647 de
307 3586 429 3659 Pratis,
455 3585 492 3647 in
516 3601 580 3663 quo
609 3585 722 3648 dinuo
747 3586 929 3663 mancipati
982 3585 1080 3647 tifiois
1096 3584 1286 3662 specialiter
1300 3584 1591 3662 iueritdelegatus,
1607 3587 1779 3665 subjacere

15 3664 17 3707 ἕ
127 3684 209 3746 estis
244 3682 416 3760 obsequio,
449 3684 535 3762 quod
566 3684 693 3761 proprii
722 3683 811 3745 beati
837 3684 928 3745 Petri
981 3683 1034 3743 vel
1061 3681 1197 3743 subesse
1218 3682 1336 3744 amodo
1357 3681 1515 3754 debeatis,
1532 3700 1593 3746 nec
1616 3685 1717 3746 alicui
1733 3686 1779 3746 li-

15 3768 17 3797 *
124 3781 213 3858 juris
233 3780 360 3850 existit,
376 3780 418 3841 ad
439 3782 611 3859 exemplar
629 3780 738 3843 felicis
759 3782 929 3843 memoriae
983 3780 1056 3841 ceat
1076 3779 1212 3841 obtentu
1233 3778 1409 3854 legationis
1428 3777 1470 3839 ab
1485 3781 1673 3856 apostolica
1693 3783 1777 3843 Sede

15 3894 16 3901 ¹
128 3878 316 3953 Pascbalis,
333 3879 530 3951 innocentii,
543 3880 647 3952 Lucii,
660 3880 811 3957 Eugenii,
825 3883 930 3941 Anas·
981 3876 1129 3949 indultae,
1156 3892 1216 3937 ros
1246 3875 1299 3938 vel
1327 3891 1537 3937 successores
1565 3879 1693 3940 vestros
1717 3895 1777 3941 seu

127 3976 220 4049 tasii,
235 3975 431 4049 Alexandri,
449 3978 556 4046 Lucii,
577 3978 715 4050 Urbani,
737 3977 926 4051 Clementis,
981 3973 1219 4037 monasterium
1245 3973 1392 4035 vestrum
1417 3973 1471 4034 vel
1508 3974 1680 4042 ecclesias.
1704 3994 1778 4053 quae

15 4078 17 4163 g
129 4062 346 4137 Goelestiniet
360 4075 544 4137 innocentii
557 4074 930 4151 praedecessorumnos·
981 4072 1068 4134 inira
1090 4072 1232 4148 burgum
1246 4071 1334 4133 beati
1357 4072 1515 4133 Germani
1530 4073 1617 4146 sunt,
1635 4074 1703 4136 ullu
1723 4075 1778 4136 in-

127 4171 257 4233 trornm
282 4174 506 4234 Romanorum
523 4171 733 4245 Pontificum,
759 4172 820 4234 sub
838 4172 928 4235 beati
981 4170 1111 4232 terdicti
1145 4170 1199 4231 vel
1227 4169 1579 4232 excommunicationis
1613 4175 1778 4237 sententia

129 4270 219 4332 Petri
256 4273 292 4330 et
323 4271 436 4331 nostra
468 4270 673 4348 protectione
710 4271 925 4349 suscipimus,
981 4284 1204 4346 praegravare,
1221 4268 1274 4330 vel
1289 4284 1390 4346 super
1408 4285 1467 4331 vos
1482 4271 1540 4331 aut
1559 4285 1659 4347 super
1672 4272 1778 4335 dictas

130 4368 163 4429 et
189 4367 368 4446 praesentis
394 4368 510 4445 scripti
532 4368 710 4446 privilegio
737 4369 927 4430 communi·
981 4366 1141 4429 ecclesias
1152 4366 1421 4444 jnrisdictionem
1440 4367 1586 4446 aliquam
1606 4385 1775 4444 exercere,

130 4480 214 4525 mus.
230 4465 401 4527 Praeterea
416 4481 641 4544 quascumque
662 4466 926 4543 possessiones...
982 4464 1047 4526 nisi
1063 4464 1253 4542 specialiter
1274 4464 1337 4526 hoc
1352 4463 1453 4526 luerit
1476 4481 1496 4526 a
1518 4468 1666 4527 Romano
1689 4471 1779 4529 Pon-

130 4577 237 4637 tusque
265 4564 494 4639 permaneant.
520 4567 585 4624 Per
608 4564 784 4641 praesentis
815 4564 928 4642 itaque
981 4562 1070 4625 tilice
1084 4562 1135 4623 illi
1150 4561 1352 4624 mandatum.
1378 4565 1547 4624 Praeterea
1564 4565 1780 4640 compositic—
1847 4566 1851 4575 '

132 4659 300 4736 privilegii
310 4661 466 4737 paginam
477 4661 572 4724 vobis
591 4661 776 4738 vestrisque
791 4676 927 4723 succes-
982 4678 1068 4733 nem,
1094 4676 1168 4739 quae
1194 4660 1282 4721 inter
1305 4660 1542 4721 monasterium
1570 4661 1717 4723 vestrum
1746 4667 1779 4726 et

132 4756 262 4819 sonibus
276 4758 313 4820 in
329 4758 781 4836 perpetuumconiirmamus,
794 4761 929 4837 utquae-
981 4759 1076 4820 honae
1098 4757 1266 4819 memoriae
1281 4756 1475 4828 (luidonem,
1492 4756 1656 4834 quondam
1672 4761 1780 4823 Seno-

131 4869 271 4933 cumque
284 4855 434 4929 libertas,
452 4872 668 4937 quaecumque
687 4855 834 4934 dignitas
858 4858 929 4935 pri·
982 4854 1365 4932 nenarchiepiscopum,
1376 4869 1477 4931 super
1485 4858 1776 4932 procurationibus

131 4952 253 5031 vilegio
277 4952 369 5015 beati
383 4955 550 5027 Germani,
568 4956 700 5033 scriptis
715 4955 926 5028 childeberti,
982 4970 1064 5032 quas
1088 4969 1108 5014 a
1132 4951 1226 5015 vobis
1252 4952 1286 5014 et
1304 4951 1501 5029 quibusdam
1524 4953 1613 5015 villis
1633 4957 1777 5033 petebat,

132 5049 280 5123 Clotarii,
300 5051 399 5128 atque
422 5051 565 5114 aliorum
588 5068 705 5129 regum
724 5055 928 5115 Francorum
981 5050 1225 5114 rationabiliter
1248 5048 1449 5124 intercessit,
1472 5051 1559 5114 sicut
1580 5054 1716 5130 provide
1738 5072 1778 5118 ac

15 5160 17 5195 l
130 5149 239 5210 vestro
253 5150 457 5211 monasterio
468 5150 588 5213 collata
601 5150 663 5223 est,
677 5151 783 5212 eidem
797 5166 930 5229 perma-
982 5148 1054 5210 sine
1066 5149 1230 5227 pravitate
1251 5147 1339 5210 iacta
1363 5151 1423 5221 est,
1439 5150 1472 5213 et
1485 5153 1617 5230 recepta
1637 5155 1670 5215 et
1692 5152 1777 5216 hac·
1792 5199 1798 5216 -.

131 5246 207 5307 neat
223 5246 365 5308 illibata.
386 5248 435 5309 Ad
464 5248 537 5311 haeo
560 5248 710 5311 volentes
735 5251 779 5323 te,
810 5249 929 5312 dilecte
981 5246 1778 5325 tenusobservata,atqueininstrumentoeninde

132 5342 177 5403 tili
192 5347 290 5422 Hugo
305 5344 420 5417 abbas,
443 5346 478 5408 et
488 5347 726 5409 monasterium
748 5347 842 5409 tuum
861 5347 927 5409 ho·
983 5343 1131 5408 coniecto
1147 5344 1298 5422 plenarie
1313 5345 1511 5418 continetur,
1526 5346 1632 5408 ratam
1647 5346 1778 5411 liaben-

132 5442 222 5503 noris
259 5443 294 5505 et
324 5443 442 5519 gratiae
470 5444 646 5521 privilegio
681 5444 850 5517 decorare,
887 5444 928 5505 ad
981 5445 1033 5506 tes
1057 5441 1254 5504 auctoritate
1268 5431 1457 5519 apostolica
1480 5443 1635 5505 duximus
1656 5448 1782 5509 contir-

133 5538 237 5601 instar
252 5540 536 5617 praedecessorum
562 5542 752 5605 nostrorum
766 5542 929 5604 dictorum
982 5541 1148 5602 mandam.
1175 5541 1224 5603 Ad
1247 5542 1408 5618 majorem
1436 5542 1547 5602 autem
1577 5543 1778 5608 evidentiam

133 5636 325 5710 Alexandri,
338 5638 519 5709 Coelestini,
535 5641 731 5714 innocentii,
745 5657 841 5703 usum
861 5641 928 5702 mi·
982 5638 1232 5717 compositionis
1261 5638 1365 5716 ipsius
1393 5639 1591 5718 rescriptum
1623 5641 1706 5705 illud
1738 5645 1779 5707 de

276 5784 393 5827 naraon.
413 5784 487 5827 rous
506 5773 541 5829 ll.
955 5801 963 5817 ·
1592 5775 1626 5831 lt
