3958 6204
229 283 290 343 aaa
694 274 871 343 nononn
892 275 938 337 111
957 244 1421 341 opem-semones!
1814 284 1879 346 aar

231 441 295 503 sui.
312 441 398 517 Drgo
412 438 542 503 cantate
554 437 694 500 Domino
709 436 875 499 canticum
890 450 1023 508 novum,
1078 438 1237 512 guantum
1249 435 1417 515 significat
1423 435 1567 503 landem.
1580 437 1758 516 Unguento
1773 440 1879 519 pedes

231 538 310 617 quia
328 537 494 600 mirabilia
507 534 586 599 tecit
602 537 700 596 Deus.
712 536 805 596 Tunc
819 532 1026 596 novumsecit
1079 532 1211 596 Domini
1231 551 1369 612 ungere,
1387 536 1438 598 θεῖ
1465 533 1729 600 incarnationem
1749 536 1879 603 Christi

229 637 389 699 Dominus
399 635 434 697 in
449 648 602 711 persona,
616 647 738 694 novum
752 629 831 693 lecit
842 632 877 693 in
891 631 1022 703 natura,
1079 631 1178 708 digna
1193 631 1291 693 laude
1306 633 1499 710 praedicare.

231 729 1025 807 novumlecitingratia.Inpersona3quianovum
1118 727 1291 790 Moraliter
1317 748 1325 789 ε
1355 729 1473 791 civitas
1499 730 1652 807 designat
1677 732 1875 808 Ecclesiam,

231 830 310 893 iecit
320 831 356 892 in
368 829 485 901 matre,
502 843 625 890 novum
635 825 714 888 iecit
727 825 762 887 in
775 825 878 903 prole.
895 826 1025 889 Novum
1079 825 1199 885 mulier
1213 823 1382 902 peccatrix
1396 826 1576 903 quamlibet
1590 829 1735 890 animam
1750 828 1786 891 in
1800 847 1878 908 pec·

230 927 309 988 lecit
329 926 364 988 in
389 927 505 999 matre,
533 924 611 1002 quia
635 923 729 1000 virgo
753 921 881 1001 peperit
902 923 1023 995 virum,
1079 922 1162 983 catis
1177 921 1353 995 detentam,
1368 923 1570 986 alabastrum
1580 925 1668 1002 quod
1680 942 1786 1003 genus
1798 944 1879 990 can·

230 1024 327 1086 stella
346 1023 482 1101 protulit
496 1023 610 1095 solem,
628 1021 697 1083 tilia
711 1021 862 1098 concepit
884 1021 1022 1097 patrem,
1080 1019 1243 1081 didiscimi
1276 1021 1452 1083 marmoris
1480 1022 1546 1093 est,
1575 1022 1729 1099 designat
1755 1041 1879 1103 puram

231 1123 383 1184 creatura
420 1121 536 1198 genuit
562 1120 774 1195 creatorem3
807 1117 961 1179 similitor
989 1117 1025 1178 in
1079 1113 1340 1181 conversionem.
1357 1116 1479 1181 Mulier
1490 1112 1589 1181 affert
1598 1116 1801 1183 alabastrum
1815 1140 1878 1185 un·

230 1235 333 1279 unum
344 1206 449 1281 mater
464 1219 497 1280 et
508 1217 588 1290 illia,
603 1216 750 1294 genitrix
763 1212 940 1288 etancilla,
951 1230 1025 1291 quae
1078 1215 1203 1291 guenti,
1219 1217 1350 1292 quando
1364 1214 1534 1293 peccatrix
1554 1217 1667 1279 anima
1686 1235 1768 1295 pure
1788 1236 1876 1282 con·

230 1333 305 1378 cum
333 1316 524 1392 integritate
552 1314 701 1393 peperit,
734 1330 809 1380 cum
834 1312 1025 1389 virginitate
1078 1312 1273 1375 vertiturad
1288 1316 1402 1375 Deum.
1417 1314 1522 1376 Pedes
1537 1314 1668 1377 Domini
1683 1316 1878 1393 significant

230 1412 393 1489 concepit.
418 1415 456 1474 ln
482 1414 614 1484 natura,
640 1411 718 1488 quia
742 1426 864 1472 novum
886 1409 965 1471 lecit
989 1407 1025 1470 in
1079 1410 1221 1471 sanctos.
1249 1410 1371 1472 Mulier
1398 1411 1463 1473 stat
1488 1427 1585 1474 secus
1611 1412 1712 1492 pedes
1737 1413 1876 1487 Christi,

230 1510 434 1586 signo,nov0
459 1509 536 1571 lecit
559 1508 594 1569 in
609 1508 716 1570 modo.
741 1509 779 1569 In
802 1506 922 1583 gratia,
946 1505 1024 1583 quia
1079 1506 1210 1584 quando
1225 1507 1337 1569 anima
1356 1508 1527 1586 peccatrix
1541 1508 1690 1571 imitatur
1703 1525 1804 1588 opera
1819 1512 1877 1573 vel

229 1622 350 1667 novum
365 1606 444 1668 fecit
467 1606 501 1666 in
515 1605 649 1678 loedere,
672 1620 794 1666 novum
806 1603 885 1665 lacit
899 1603 934 1663 in
946 1619 1025 1664 mu·
1078 1604 1231 1681 exempla
1247 1606 1448 1667 sanctorum.
1465 1606 1636 1685 lacrymis
1655 1606 1742 1683 rigat
1757 1607 1874 1684 pedes,

230 1717 322 1775 nere,
336 1703 415 1781 quia
440 1705 528 1764 Deus
547 1701 654 1764 lactus
677 1702 729 1762 est
749 1700 859 1772 bomo,
876 1699 913 1761 ut
925 1699 1024 1761 homo
1078 1700 1210 1777 quando
1227 1701 1434 1766 commendat
1454 1718 1491 1763 se
1510 1702 1717 1765 orationibus
1733 1706 1875 1766 sancto-

229 1797 324 1860 tleret
336 1803 434 1861 Deus.
449 1802 535 1860 Deus
550 1798 591 1860 de
610 1798 693 1860 coelo
709 1798 751 1860 ad
764 1801 874 1860 terras
885 1796 1026 1859 descon-
1077 1813 1162 1858 rum.
1174 1798 1310 1876 capillis
1320 1799 1391 1861 suis
1400 1796 1512 1875 tergit,
1521 1799 1653 1877 quando
1663 1799 1876 1865 Christianus

229 1895 288 1968 dit,
306 1897 342 1958 ut
355 1895 454 1958 homo
477 1895 518 1956 de
532 1895 632 1957 torris
649 1894 690 1958 ad
705 1895 806 1957 coelos
816 1893 1022 1957 ascenderet.
1078 1894 1231 1957 subvenit
1244 1896 1497 1960 necessitatibus
1512 1912 1693 1974 pauperum
1713 1898 1754 1959 de
1773 1896 1875 1959 bonis

228 1994 316 2055 Deus
331 1993 437 2055 lactus
450 1993 501 2054 est
514 2008 641 2063 servus,
655 1992 691 2053 ut
704 1992 800 2053 floret
812 1991 912 2053 homo
926 1990 1021 2052 liber.
1077 1993 1326 2070 temporalibus,
1336 1995 1414 2072 quia
1424 2009 1485 2071 por
1494 1994 1632 2070 capillos
1640 1994 1877 2070 intelliguntur

226 2091 315 2150 Dens
325 2089 432 2151 factus
447 2088 498 2150 θεῖ
510 2088 672 2160 mortalis,
689 2091 726 2150 ut
736 2088 836 2150 homo
850 2088 946 2149 lieret
959 2088 1025 2148 im·
1077 2087 1164 2151 bona
1178 2091 1386 2168 temporalia.
1403 2091 1442 2152 nt
1460 2090 1547 2152 sicut
1565 2105 1626 2152 nos
1641 2107 1707 2152 non
1721 2091 1876 2153 dolemus

227 2185 389 2249 mortalis.
403 2188 491 2247 Deus
505 2184 613 2247 lactus
640 2187 692 2247 est
714 2201 850 2264 pauper,
877 2185 914 2248 ut
929 2185 1024 2247 tlerot
1078 2186 1118 2247 de
1137 2187 1300 2249 incisione
1323 2188 1530 2265 capillorum,
1556 2187 1603 2250 ita
1624 2204 1690 2250 non
1714 2188 1876 2250 debemus

227 2283 326 2345 homo
342 2283 445 2345 dives.
475 2284 616 2345 Tantum
630 2285 719 2344 Deus
731 2283 850 2345 dilexit
864 2283 1023 2344 mundum
1077 2282 1190 2346 dolere
1204 2284 1245 2346 de
1263 2284 1512 2363 temporalibus,
1533 2301 1607 2362 quae
1620 2285 1746 2347 vadunt
1759 2287 1794 2347 et
1808 2301 1876 2349 ve-

227 2380 481 2443 utllliumsuum
494 2380 702 2457 unigenitum
713 2379 809 2441 daret
817 2396 877 2458 pro
888 2379 1021 2443 mundo.
1078 2382 1174 2443 niunt
1191 2382 1401 2445 anormatim.
1418 2382 1594 2444 osculatur
1606 2383 1718 2459 pedes,
1738 2383 1875 2460 quando

224 2482 318 2544 Nam
329 2481 475 2553 proprio
488 2478 558 2550 litto
577 2491 640 2539 suo
655 2492 724 2539 nen
744 2478 900 2553 pepercit
916 2482 1020 2550 Deus,
1077 2480 1254 2541 veneratur
1277 2481 1310 2541 et
1330 2479 1411 2542 lacit
1434 2479 1656 2541 reverentiam
1682 2479 1820 2553 sanctis,
1839 2481 1877 2543 et

225 2579 287 2655 sed
318 2590 383 2651 pro
418 2577 514 2636 nebu
552 2577 709 2636 omnihus
745 2575 889 2636 tradidit
927 2578 1023 2637 alum
1076 2575 1171 2637 bonis
1188 2574 1392 2637 christianis.

227 2670 335 2754 (Rom.
353 2687 424 2743 vni,
441 2669 509 2751 32).
522 2672 609 2747 Eme
619 2670 752 2733 cantate
766 2671 906 2733 Domino
921 2671 1025 2734 canti·
1116 2672 1196 2733 Tria
1217 2673 1294 2735 sunt
1312 2672 1425 2735 oscula
1442 2694 1449 2733 ε
1465 2673 1609 2750 primum
1623 2674 1665 2735 ad
1679 2673 1792 2751 pedes,
1813 2689 1874 2737 se-

226 2785 301 2830 cum
314 2785 448 2841 novum,
465 2768 543 2846 quia
556 2767 724 2829 mirabilia
738 2765 818 2830 iecit
829 2770 928 2845 Deus;
945 2769 1022 2847 quia
1077 2770 1220 2831 cundum
1234 2770 1277 2831 ad
1296 2786 1426 2843 manus,
1444 2770 1579 2833 tertium
1598 2770 1640 2832 ad
1657 2788 1695 2833 os
1716 2771 1872 2834 sumitur.

226 2866 347 2928 mulier
368 2883 443 2949 qum
463 2866 536 2927 erat
558 2865 593 2926 in
613 2865 749 2927 civitate
770 2866 950 2942 peccatrix,
978 2867 1021 2928 ad
1077 2867 1114 2926 ln
1128 2865 1236 2942 primo
1250 2864 1414 2943 accipitur
1427 2865 1579 2927 remissio
1596 2867 1818 2943 peccatorum,
1835 2867 1874 2928 in

226 2979 325 3041 quam
349 2961 502 3025 omnibus
527 2962 661 3040 patebat
674 2977 841 3035 accessus,
863 2964 896 3025 ot
909 2964 1022 3025 nullus
1077 2961 1221 3024 secundo
1238 2978 1359 3024 munus
1373 2962 1544 3032 virtutum,
1559 2964 1595 3024 in
1611 2963 1710 3026 tertio
1725 2963 1873 3039 cognitio

225 3060 415 3138 patiebatur
426 3060 550 3137 abipsa
564 3059 745 3135 repulsum,
757 3058 845 3129 lacta
855 3062 909 3122 est
922 3063 1023 3139 Apos-
1076 3059 1288 3121 secretorum.
1301 3059 1449 3120 Primum
1464 3061 1515 3120 est
1528 3059 1806 3137 propitiatorium,
1820 3077 1876 3123 se·

223 3158 367 3218 totorum
393 3156 556 3234 apostola,-
576 3171 637 3234 per
655 3171 754 3233 quam
782 3157 943 3219 Dominus
966 3174 1023 3219 ro-
1076 3157 1219 3219 cundum
1233 3156 1546 3239 remuneratorium,
1563 3156 1698 3218 tertium
1717 3158 1873 3219 contem·

225 3254 441 3315 surrectionis
452 3270 521 3315 suae
529 3253 687 3328 gaudium
698 3253 868 3331 Apostolis
883 3255 1022 3317 nuntia·
1075 3253 1264 3331 platoniam.
1285 3253 1462 3321 osculatur
1481 3252 1581 3330 pedes
1601 3254 1660 3329 qui
1676 3254 1810 3315 veniam
1829 3254 1873 3316 de

223 3351 283 3412 vit.
299 3352 339 3412 Et
350 3353 460 3412 tamen
474 3350 611 3411 dimissa
624 3350 702 3413 sunt
711 3350 743 3412 ei
753 3352 890 3428 peccata
900 3352 1018 3424 multa,
1075 3351 1220 3428 peccatis
1234 3351 1433 3431 assequitur,
1445 3350 1531 3431 sicut
1542 3349 1640 3411 beata
1654 3351 1761 3412 Maria
1776 3352 1875 3429 Mag-

225 3447 383 3528 quoniam
395 3447 514 3509 dilexit
528 3447 681 3511 multum.
882 3480 885 3487 ·
1075 3447 1207 3519 dalens,
1223 3464 1296 3525 qua
1315 3448 1469 3529 assecuta
1491 3448 1543 3508 θεῖ
1553 3447 1695 3527 gratiam
1710 3463 1730 3508 a
1744 3449 1824 3519 Deo,
1840 3449 1876 3510 et

263 3546 393 3606 Mulier
418 3545 533 3606 attattt
555 3545 769 3607 muhcstrum
796 3546 965 3627 unguenti
986 3548 1020 3609 el
1075 3544 1161 3607 sicut
1184 3542 1378 3607 servus-cui
1400 3543 1437 3605 dt
1457 3558 1479 3604 a
1501 3543 1641 3605 Domino
1661 3543 1873 3619 indulgentia

223 3642 441 3716 paauperes
452 3644 593 3704 Domini
605 3638 700 3720 (Duc.
715 3657 774 3713 vn,
791 3639 858 3721 37).
876 3641 1020 3704 Alabas-
1074 3641 1216 3719 alicujus
1231 3640 1378 3721 offensae,
1391 3640 1432 3701 ad
1446 3640 1547 3719 pedes
1558 3640 1708 3705 inclinat
1721 3643 1790 3702 Hos
1804 3657 1873 3717 pe·

224 3739 312 3799 trum
350 3739 401 3800 est
432 3754 538 3815 genus
565 3738 793 3801 candidissimi
818 3739 1017 3813 marmoris,
1074 3738 1132 3801 des
1147 3737 1254 3801 tidelis
1268 3737 1450 3811 osculatur,
1467 3738 1544 3799 dum
1560 3753 1596 3799 se
1610 3754 1704 3799 reum
1714 3737 1874 3816 judicans

222 3835 327 3898 variis
342 3835 509 3898 coloribus
533 3835 675 3908 intincti,
701 3835 787 3913 quod
803 3836 917 3897 cavari
936 3835 1021 3900 solet
1074 3838 1107 3898 ot
1121 3836 1356 3918 confitensper
1371 3835 1637 3920 misericordiam
1651 3835 1721 3905 Dei,
1737 3834 1875 3896 veniam

223 3932 265 3994 ad
292 3949 373 3995 vasa
399 3934 640 4011 unguentaria,
670 3934 703 3995 et
726 3932 893 4010 significat
921 3933 1019 3995 tidem
1073 3933 1114 3995 de
1129 3933 1275 4011 peccatis
1296 3928 1497 4009 assequitur,
1512 3932 1590 3993 inde
1611 3931 1654 3993 ad
1675 3947 1795 3992 manus
1814 3947 1876 3995 ac-

222 4032 382 4107 gentium,
399 4047 474 4108 quae
489 4030 552 4093 fuit
565 4046 649 4108 pura
662 4032 696 4091 et
720 4031 845 4092 munda
867 4032 900 4093 et
915 4032 1018 4093 variis
1073 4031 1170 4103 cedit,
1190 4045 1267 4091 nam
1282 4045 1401 4091 manus
1415 4029 1457 4091 ad
1477 4045 1579 4106 opera
1600 4029 1777 4107 pertinent
1801 4032 1873 4091 Has

222 4127 402 4190 virtutibus
428 4126 600 4187 adornata.
617 4129 682 4188 Per
700 4127 801 4204 pedes
819 4129 951 4189 Domini
965 4131 1020 4191 in-
1073 4127 1242 4189 osculetur
1256 4126 1334 4187 dum
1348 4126 1488 4204 suscipit
1502 4142 1523 4186 a
1535 4128 1603 4188 Deo
1618 4125 1735 4203 gratiae
1750 4142 1875 4188 munus

221 4222 385 4299 telligitur
405 4224 598 4300 mysterium
615 4223 871 4286 incarnationis.
897 4226 1019 4288 Mulier
1073 4240 1137 4301 quo
1160 4223 1244 4286 hene
1263 4224 1428 4300 operetur,
1456 4222 1695 4284 abrenuntians
1717 4222 1877 4299 volupta-

222 4318 393 4397 peccatrix
414 4319 504 4381 stetit
528 4335 625 4381 secus
648 4319 749 4397 pedes
777 4323 860 4399 ejus,
886 4324 1018 4398 quando
1071 4321 1160 4383 tibus
1174 4322 1208 4382 et
1216 4319 1392 4383 desideriis
1408 4321 1609 4392 carnalibus,
1619 4321 1665 4392 ut,
1676 4319 1764 4381 sicut
1778 4319 1876 4380 exhi·

222 4414 435 4492 congregatio
446 4415 595 4493 gentium
605 4415 747 4478 credidit
766 4420 840 4495 post
856 4418 1017 4480 incarna-
1071 4418 1143 4480 huit
1165 4417 1312 4480 membra
1327 4433 1388 4479 sua
1404 4417 1622 4479 immunditiae
1635 4418 1669 4478 et
1685 4415 1872 4493 iniquitati,

221 4514 346 4577 tionem
364 4517 448 4592 eJus.
482 4517 664 4591 Lacrymae,
685 4514 772 4577 sicut
797 4515 878 4576 dicit
901 4514 1017 4579 beatus
1071 4515 1118 4579 ita
1141 4532 1229 4577 nunc
1249 4514 1406 4578 exhibeat
1422 4515 1562 4593 justitia
1584 4514 1617 4576 ot
1635 4513 1810 4575 munditiae
1830 4513 1874 4575 ad

221 4611 413 4689 Gregorius,
431 4611 509 4673 sunt
522 4610 613 4673 intus
628 4610 664 4673 et
676 4613 799 4673 exeunt
824 4610 918 4673 loris.
937 4614 1017 4675 Mu·
1072 4613 1379 4675 sanctificationem.
1410 4614 1529 4673 Manus
1563 4611 1673 4673 dantis
1701 4611 1876 4672 osculatur

220 4712 285 4775 lior
296 4711 418 4789 rigavit
429 4710 587 4788 lacrymis
602 4709 703 4788 pedes
717 4710 860 4782 Domini,
886 4711 1017 4788 quando
1072 4710 1128 4787 qni
1150 4709 1285 4787 aliquod
1306 4724 1426 4770 munus
1449 4707 1588 4784 suscipit
1609 4707 1663 4768 vol
1682 4707 1739 4783 qui
1759 4707 1872 4770 offert.

220 4809 435 4887 congregatio
445 4808 594 4888 gentium
603 4809 705 4875 etiam
715 4808 912 4886 sanguinem
921 4825 1018 4871 suum
1072 4808 1121 4869 lta
1131 4807 1239 4869 tidelis
1250 4806 1305 4884 qui
1316 4821 1353 4868 se
1361 4806 1500 4868 devovet
1509 4807 1541 4867 et
1554 4803 1723 4881 mancipat
1731 4804 1874 4866 servitio

220 4906 305 4969 ludit
320 4923 379 4983 pro
391 4908 534 4971 Christe.
548 4906 668 4985 capilli
688 4906 808 4984 capitis
823 4906 901 4969 sunt
921 4906 1018 4983 cogi·
1071 4904 1142 4976 Dei,
1158 4919 1294 4966 manum
1314 4903 1438 4965 dicitur
1456 4896 1612 4965 osculari.
1629 4900 1786 4962 Osculum
1803 4902 1874 4964 oris

220 5002 365 5066 tationes
404 5005 535 5067 mentis.
575 5005 681 5066 Pedes
717 5004 849 5083 capillis
886 5005 1017 5082 tergere
1071 5001 1249 5074 desiderat,
1278 5000 1374 5072 idest,
1401 5000 1511 5076 ipsum
1537 4996 1756 5074 contemplari
1781 4998 1876 5060 desi-

220 5101 271 5162 est
284 5097 480 5160 munditiam
499 5100 743 5162 incarnationis
762 5100 886 5162 Christi
907 5104 1016 5163 mente
1071 5098 1177 5171 derat,
1194 5100 1289 5176 cujus
1309 5096 1516 5159 dulcedinem
1534 5098 1605 5174 jam
1627 5094 1874 5172 aliquantulum

220 5194 380 5271 cogitare.
409 5195 523 5256 Solent
547 5194 637 5256 enim
659 5194 807 5258 tersione
828 5197 943 5258 sordes
957 5196 1018 5258 do-
1070 5195 1295 5273 praegustavit,
1313 5194 1372 5256 sed
1394 5191 1648 5271 contemplando
1670 5190 1809 5254 anhelat
1828 5192 1872 5253 ad

220 5291 293 5353 leri.
309 5289 464 5351 Osculum
478 5289 669 5367 estsignum
681 5290 881 5354 dilectionis.
896 5292 1016 5354 Mulier
1070 5294 1267 5356 suavitatem
1283 5292 1316 5355 et
1333 5291 1492 5369 gaudium
1510 5289 1662 5353 visionis.
1680 5288 1783 5371 Ungit
1803 5304 1873 5349 un-

219 5387 435 5451 osculabatur
463 5387 563 5466 pedes
590 5388 740 5462 Domini,
768 5390 900 5467 quando
932 5405 1016 5452 con·
1069 5390 1203 5467 guento,
1223 5388 1356 5468 quando
1371 5387 1558 5450 humilitate
1578 5384 1612 5448 θῖ
1626 5384 1804 5447 devotione
1819 5385 1874 5446 di-

219 5486 368 5563 gregatio
396 5486 545 5564 gentium
566 5485 724 5564 diligebat
748 5487 1014 5551 incarnationem
1069 5488 1144 5564 tigit
1163 5487 1297 5550 sanctos
1313 5486 1477 5564 otjustos,
1502 5486 1577 5564 pios
1591 5484 1625 5555 et
1644 5482 1824 5558 religiosos
1840 5484 1875 5545 et

220 5583 1011 5664 Christi,perquamliberataestapeccatis.Un·
1070 5585 1222 5649 timentes
1237 5586 1352 5647 Doum.
1783 5620 1787 5625 -
