3958 6204
194 293 254 357 135
651 289 829 352 333333
851 289 897 349 111
918 255 1370 352 33333-’33333333
1782 282 1842 354 toa
1973 320 1974 373 ³

191 451 268 515 sunt
282 452 410 531 quaerit,
428 466 494 515 non
509 465 582 530 quae
598 465 698 526 super
708 450 847 524 terram;
863 449 896 511 et
906 463 987 526 pos-
1021 436 1257 521 'confitemini
1292 449 1502 512 atterutrum
1537 448 1680 523 peccota
1718 449 1841 513 oestro
1973 444 1974 447 ’

192 547 352 613 teriorum
375 549 487 622 oblita,
511 550 548 610 in
570 547 740 610 anteriora
756 545 936 608 extendens
950 560 987 608 se
1041 545 1123 625 (133.
1140 562 1174 617 v,
1197 545 1260 625 lo).
1281 546 1321 608 Et
1346 544 1381 606 in
1403 544 1636 609 Ecclesiastico
1653 567 1661 606 ε
1677 543 1843 622 Princtpt

191 649 311 724 ipsam,
326 664 400 725 quaa
415 662 546 708 sursum
566 645 643 706 suut
667 644 754 721 sapit
768 643 824 705 ubi
837 643 986 704 Christus
1040 647 1167 705 1331133
1188 644 1415 718 cepaticum,
1431 643 1466 703 et
1477 640 1681 718 presbytero
1694 648 1842 706 tamdia
1973 646 1974 685 ⁴

191 747 242 807 est
266 747 302 807 in
331 744 467 806 dextera
489 742 549 804 Dei
577 742 706 804 sedens.
729 744 766 803 13
790 741 853 802 hoc
873 741 988 801 firma-
1038 736 1841 819 onintomtuomOEcoli.1v,7).'lertiamspeciem

192 838 985 917 3331333311333133331113313331331331113
1040 837 1135 899 docet
1161 853 1222 898 nos
1246 852 1412 914 apponere
1435 839 1582 899 Joanues
1610 839 1761 915 Baptista
1785 840 1845 899 iu-

190 939 369 1000 luminaria
416 937 521 999 variis
567 936 770 1015 temporibus
809 935 984 1011 fulgentes.
1040 935 1156 1012 quiens
1171 957 1178 995 :
1192 936 1310 997 Facite
1335 936 1471 1009 1133133
1489 937 1846 1011 dionospoeottentice
1973 944 1974 947 ’

191 1036 331 1097 Sanctus
339 1035 464 1097 Paulus
474 1035 523 1097 ait
538 1035 657 1098 :Inter
666 1049 750 1109 quos
761 1036 883 1096 lucetis
895 1034 987 1094 tem·
1041 1030 1133 1111 (buc.
1143 1048 1193 1105 nr,
1203 1030 1249 1111 8).
1262 1035 1308 1094 De
1318 1032 1382 1093 hac
1394 1032 1474 1094 dicit
1484 1032 1625 1094 Paulus:
1638 1026 1844 1095 sicutenim

190 1149 294 1210 quoni
334 1136 524 1195 luminario
558 1133 758 1195 sanctorum
792 1135 830 1192 iu
860 1132 986 1204 sirme-
1040 1131 1243 1192 cetibuistis
1260 1132 1416 1191 membro
1427 1130 1547 1191 oestro
1557 1134 1693 1192 servire
1705 1133 1843 1204 iniqui-

190 1232 307 1292 meato
323 1228 459 1309 (Philip.
475 1246 512 1303 11,
537 1228 600 1310 15).
624 1233 661 1291 In
680 1228 847 1307 spirituali
872 1228 988 1288 firma-
1041 1216 1847 1302 13113311313333133,113133333131131331333ί

189 1328 311 1400 mento,
334 1326 430 1399 idest,
449 1328 562 1390 sancta
578 1326 750 1396 -Ecclesia,
778 1326 842 1386 duo
866 1339 987 1401 magna
1041 1327 1231 1387 prunestre
1243 1326 1535 1398 servirejusttttae
1548 1329 1585 1386 tn
1598 1327 1845 1398 3313113313-

190 1425 369 1486 luminaria
386 1424 576 1501 fabricavit3
593 1423 724 1502 quando
746 1422 828 1485 'duos
849 1438 986 1499 germa-
1040 1437 1119 1484 aem
1139 1420 1391 1501 (homuntii).
1418 1424 1468 1485 Ex
1491 1422 1544 1483 bis
1567 1437 1647 1499 ergo
1665 1412 1842 1499 speciebus

189 1538 250 1583 nos
271 1511 402 1595 fratres,
418 1524 580 1585 ioannem
604 1521 760 1583 videlicet
787 1523 819 1583 31
833 1520 985 1588 Paulum,
1040 1516 1844 1598 3313131331333931133331333311313133333331

188 1620 229 1680 ad
243 1620 430 1697 passionem
445 1619 597 1697 martyrii
621 1618 825 1681 convocavit.
840 1618 898 1681 Isti
911 1618 988 1678 sunt
1040 1618 1112 1678 sine
1121 1618 1299 1695 punctura3
1314 1617 1459 1679 secunda
1467 1617 1663 1693 mitigativa,
1673 1617 1752 1694 quia
1762 1633 1841 1679 cum

188 1717 254 1778 duo
269 1717 443 1789 columnae,
457 1733 540 1794 quas
554 1732 653 1778 verus
668 1716 827 1793 pacificus
842 1715 877 1776 13
889 1715 987 1776 vosti-
1041 1716 1204 1792 peccator,
1223 1713 1409 1776 confitendo
1435 1715 1581 1791 peccata,
1600 1713 1755 1776 effuderit
1778 1729 1840 1775 cor

187 1811 265 1872 bulo
276 1812 389 1889 templi
412 1812 522 1889 posuit
546 1812 623 1874 ante
638 1811 770 1884 ostium,
787 1826 869 1887 quas
884 1809 988 1870 ambit
1040 1829 1136 1873 suum
1156 1812 1383 1875 statim'sentit
1400 1811 1652 1887 mitigationem,
1668 1812 1747 1888 quia
1760 1811 1841 1873 dum

187 1907 356 1971 funiculus
377 1908 550 1970 duodecim
571 1908 769 1980 cubitorum,
785 1908 826 1968 de
844 1922 986 1984 quorum
1039 1926 1078 1971 ea
1102 1908 1266 1971 retinebat
1292 1910 1328 1969 13
1350 1908 1467 1980 corde,
1489 1908 1585 1984 quasi
1606 1908 1740 1970 inflatus
1766 1909 1843 1972 erat

187 2007 296 2069 medio
313 2006 434 2068 Christi
455 2006 575 2067 ostium
594 2005 743 2082 aperitur
763 2000 984 2075 credentibus,
1040 2008 1106 2067 illis
1122 2009 1155 2068 et
1169 2010 1337 2079 oneratus,
1359 2004 1445 2083 quod
1462 2005 1689 2082 experimento
1709 2005 1840 2074 didicit,

190 2106 248 2184 qui
259 2106 298 2165 de
315 2120 351 2165 33
363 2103 444 2165 11311
457 2107 554 2179 :Epo
565 2118 646 2163 sum
657 2104 798 2173 3311333
811 2116 944 2175 perine
955 2105 987 2163 st
1040 2106 1095 2182 qui
1109 2104 1397 2166 dicerecousuevit
1409 2125 1417 2165 2
1431 2106 1516 2165 Diei
1524 2122 1535 2165 :
1549 2103 1735 2173 confitebor
1749 2104 1784 2164 et
1800 2104 1841 2165 tu

188 2205 264 2278 quis
275 2202 462 2272 introierit,
476 2200 940 2275 salvabiturettapredietur,
953 2199 987 2259 et
1039 2203 1217 2262 remisisti.
1234 2200 1345 2262 Tertia
1361 2200 1411 2261 est
1423 2198 1590 2260 odorifera
1602 2201 1636 2260 et
1647 2190 1839 2271 attractiva,

189 2300 388 2375 epredictur
406 2299 440 2359 et
454 2311 587 2372 pascuo
600 2296 753 2358 inueniet
765 2294 875 2376 (1333.
890 2311 925 2367 x,
939 2292 984 2373 9).
1040 2299 1117 2376 quia
1140 2298 1217 2359 dum
1234 2298 1293 2359 lux
1314 2297 1517 2375 poenitentiae
1536 2296 1624 2357 lucet
1638 2295 1786 2372 inopere
1803 2298 1842 2358 ut

230 2399 328 2471 Ergo,
357 2394 487 2465 fratres,
505 2394 737 2455 convertamur
759 2392 801 2453 ad
822 2395 927 2453 Deum
951 2392 987 2452 iu
1040 2397 1088 2457 sic
1103 2396 1213 2457 luceat
1227 2396 1286 2455 lun
1301 2410 1361 2455 sua
1385 2410 1497 2456 coram
1512 2391 1712 2464 hominibus,
1737 2394 1844 2455 3111-

190 2492 375 2556 totocorde
395 2493 508 2552 nostro
532 2489 681 2551 dolentes
704 2490 737 2551 ot
755 2488 987 2565 3333313333
1040 2493 1139 2555 deant
1153 2508 1254 2570 opera
1278 2508 1338 2553 sua
1353 2491 1450 2563 bona,
1465 2492 1499 2552 et
1510 2491 1697 2567 glorificent
1710 2492 1841 2567 patrem

192 2588 485 2669 peccatisnostris.
506 2589 671 2663 Rogemus
692 2587 794 2648 etiam
815 2586 897 2646 istos
910 2601 988 2663 pre-
1041 2606 1138 2651 suum
1152 2590 1209 2667 qui
1223 2591 1258 2650 13
1271 2590 1364 2650 ooelis
1379 2590 1439 2660 est,
1456 2588 1489 2650 et
1500 2588 1637 2649 comant
1654 2589 1688 2647 in
1702 2587 1842 2649 odorem

189 2687 293 2749 tiosos
305 2686 468 2762 martyres
488 2686 649 2746 ioannem
677 2684 710 2744 et
731 2682 882 2755 Paulum,
900 2692 985 2760 quo·⁴
1041 2688 1283 2763 unguentorum
1298 2702 1445 2747 suorum.
1457 2688 1582 2747 Horum
1596 2683 1849 2761 ergovestigia,

188 2800 263 2847 rum
278 2782 506 2845 bodiefestum
518 2781 735 2853 celebramus,
752 2782 789 2842 ut
802 2795 987 2857 pereorum
1040 2784 1171 2856 fratres,
1201 2783 1378 2845 imitemur.
1407 2784 1493 2844 Nam
1521 2782 1550 2843 31
1578 2781 1731 2843 volumus
1753 2797 1840 2842 con-

189 2880 452 2943 miserioordiam
481 2878 642 2940 excusent
666 2893 727 2938 333
755 2878 791 2937 13
811 2878 988 2954 conspectu
1041 2897 1193 2957 regnare,
1220 2881 1350 2957 oportet
1375 2882 1408 2941 et
1430 2879 1583 2956 compati,
1605 2879 1642 2941 ut
1663 2878 1704 2940 ad
1720 2893 1839 2940 eorum

189 2980 312 3041 divlnae
323 2977 519 3054 majestatis,
537 2974 763 3038 etconcedant
782 2974 820 3035 ut
839 2973 920 3035 talia
937 2973 990 3034 fa·
1042 2980 1185 3057 palmam
1200 2977 1375 3054 pervenire
1390 2975 1570 3039 valeamus.

189 3077 329 3147 ciamus,
343 3073 430 3151 quod
441 3088 501 3149 per
515 3072 633 3133 merita
644 3086 758 3133 eorum
772 3073 841 3131 Deo
855 3071 989 3148 placere

190 3173 366 3251 possimus.
393 3169 491 3229 Scitis
519 3167 620 3240 enim,
647 3167 779 3239 fratres,
805 3165 891 3243 quod
907 3168 988 3227 Cain
1382 3206 1495 3295 XVII

190 3268 332 3346 tegendo
348 3267 381 3329 et
390 3265 580 3327 excusando
593 3264 776 3341 peccatum,
791 3264 826 3324 13
837 3263 990 3340 despera·

190 3364 293 3430 tionis
320 3362 475 3441 laqueum
502 3361 630 3433 issssidit,
655 3362 689 3423 et
714 3360 817 3422 Dab'id
836 3376 896 3437 pel*
910 3375 991 3421 0011·
1098 3392 1143 3455 ΙΝ
1165 3392 1195 3454 N
1197 3393 1338 3455 ΑΤΝΓΓ
1338 3394 1419 3453 ΑΤΕ
1441 3392 1590 3455 SANCTI
1609 3390 1790 3454 JOANNIS

192 3463 370 3525 fossionem
386 3459 518 3522 veniam
532 3458 731 3536 impetravit.
757 3457 827 3518 Etsi
841 3456 990 3518 dolemus
1326 3490 1557 3550 BAPTISTAE⁰

192 3561 291 3623 corde
304 3559 337 3620 et
349 3557 545 3620 confitemur
557 3571 625 3627 ore,
638 3554 883 3616 satisfaciamus
893 3553 991 3614 nibil·

193 3659 325 3721 ominus
352 3670 464 3732 opere.
492 3656 572 3716 Haec
599 3655 651 3714 est
676 3667 755 3727 ergo
779 3650 990 3713 commutatio
1084 3658 1256 3719 Elisabeth
1270 3657 1508 3731 impletumest
1522 3656 1657 3730 tempus
1667 3656 1843 3730 portendi,

191 3758 338 3818 dexterae
357 3751 490 3815 Excelsi
511 3749 671 3821 tribuero,
697 3748 834 3820 scillcet,
857 3748 992 3810 terrena
1045 3753 1847 3839 31333333111131331333313333313333333133

195 3871 254 3933 pro
269 3851 470 3922 coelestibus,
481 3847 668 3926 corporalia
677 3862 737 3924 pro
750 3845 989 3923 spiritualibus,
1044 3855 1196 3913 ,1333333
1211 3849 1304 3931 (Luc.
1321 3866 1344 3922 1,
1361 3848 1426 3929 57).

192 3950 385 4015 transitoria
399 3963 458 4026 pro
473 3946 619 4009 aeternis.
633 3947 713 4007 Haec
731 3944 797 4006 tria
812 3943 993 4020 designan-
1085 3948 1233 4010 Ecclesia
1257 3949 1325 4009 tres
1352 3946 1498 4007 celebrat
1519 3932 1726 4020 nativitatem
1749 3944 1849 4007 vide-

193 4054 248 4114 tur
262 4051 297 4111 in
311 4047 465 4110 tunsione
480 4043 634 4121 pectoris,
648 4058 714 4119 qua
728 4043 862 4119 pectora
879 4040 992 4102 nostra
1045 4046 1134 4118 licet,
1167 4045 1374 4107 nativitatem
1406 4042 1542 4112 Christi,
1572 4042 1605 4104 et
1636 4042 1848 4103 nativitatem

193 4148 362 4211 tundimus
390 4142 536 4202 dicentes
561 4138 733 4201 :Dimitte
759 4140 855 4199 uobis
882 4137 993 4199 3131113
1045 4138 1849 4218 Β3313311331313,313311311313131133111333·

193 4243 326 4306 ttostra.
348 4240 387 4300 Et
401 4238 430 4299 si
444 4236 593 4299 dolemus
609 4234 718 4305 corde,
744 4235 778 4295 et
800 4233 994 4295 confitemur
1047 4239 1109 4300 nis.
1126 4241 1173 4300 De
1185 4237 1312 4299 duabus
1327 4237 1412 4298 nihil
1427 4237 1468 4297 ad
1481 4251 1639 4314 praesens.
1661 4235 1851 4297 113331131-

195 4357 265 4413 orc,
281 4335 525 4400 satisfaciamus
545 4330 763 4394 nibilominus
782 4345 892 4407 opere.
1046 4338 1113 4398 tate
1125 4335 1263 4398 1333313
1278 4334 1400 4396 dicitur
1417 4334 1454 4394 in
1469 4332 1649 4409 Evangelio
1665 4354 1673 4391 ε
1689 4335 1771 4394 Erit
1786 4333 1849 4394 tibi
1911 4402 1912 4405 Ἴ

232 4437 311 4499 Tria
323 4434 412 4496 enim
431 4430 537 4492 inilia
553 4429 709 4491 tunsione
723 4427 989 4499 considerantur,
1045 4435 1212 4510 patmum
1226 4434 1260 4495 et
1273 4433 1454 4503 eoetttatto,
1470 4431 1504 4492 et
1522 4434 1560 4491 tn
1573 4430 1757 4491 nativitate
1771 4432 1851 4501 ejus

194 4536 290 4599 laesio
314 4530 451 4602 scilicet,
476 4542 579 4590 sonus
592 4528 626 4588 61
643 4541 772 4588 manus·
791 4526 828 4586 In
843 4524 991 4598 1111101111,
1046 4531 1146 4593 multi
1162 4528 1368 4606 pandebant.
1385 4532 1422 4590 In
1434 4528 1609 4590 nativitate
1623 4526 1734 4588 autem
1748 4528 1851 4588 Joan·

196 4632 367 4706 contritio;
383 4630 420 4690 in
430 4642 523 4699 som,
540 4623 772 4699 1011611101111
784 4638 896 4695 11111111,
913 4637 993 4683 101·
1047 4629 1100 4690 313
1111 4628 1257 4705 gaudent
1264 4628 1297 4690 et
1304 4626 1455 4690 exultant
1462 4641 1529 4687 non
1537 4624 1643 4687 solum
1651 4623 1847 4697 Christiani,

196 4733 288 4813 poris
302 4726 496 4793 satisfactio.
513 4725 583 4787 Nec
593 4722 694 4785 etiam
708 4720 864 4783 contritio
876 4722 910 4782 et
920 4719 995 4781 c'ou·
1048 4722 1105 4784 sed
1129 4719 1243 4784 etiam
1256 4720 1372 4798 gentes
1386 4719 1531 4797 gaudent
1551 4721 1585 4780 et
1596 4718 1747 4780 exultant
1768 4732 1849 4778 cre-

196 4831 297 4893 fessio
312 4824 492 4897 sufficiunt,
508 4823 538 4884 si
559 4819 794 4898 contempserit
805 4817 880 4895 quis
894 4817 996 4879 satis·
1048 4820 1163 4881 dentes
1176 4819 1286 4895 ipsum
1305 4833 1379 4880 esse
1400 4832 1515 4879 verum
1535 4814 1740 4892 prophetam.
1757 4816 1853 4875 Gau-

198 4929 309 4991 facere
326 4924 424 5003 juxta
444 4920 621 4985 arbitrium
642 4916 811 4980 Ecclesia.
837 4915 896 4977 Isti
918 4917 996 4977 sunt
1049 4916 1139 4978 dium
1161 4914 1248 4978 istud
1271 4915 1307 4976 13
1334 4914 1530 4992 quibusdam
1555 4911 1670 4974 mundi
1696 4910 1849 4989 partibus

199 5025 294 5105 quasi
309 5024 378 5086 tres
393 5016 729 5098 33331333333131331.
745 5012 892 5075 Primam
914 5026 994 5090 spe·
1049 5013 1147 5076 bodie
1176 5012 1419 5090 repraesentant
1448 5010 1568 5089 puellas
1607 5008 1788 5086 psallentes
1812 5007 1851 5068 in

198 5126 283 5187 ciem
300 5118 396 5182 docet
408 5132 475 5179 ⁴nos
489 5115 661 5194 poenitere,
674 5111 747 5176 1331
768 5108 929 5188 propbeta
943 5109 997 5170 iu·
1049 5109 1210 5188 cymbalis
1232 5109 1266 5173 31
1290 5109 1468 5172 coronulas
1497 5106 1694 5178 deferentes,
1710 5106 1746 5166 in
1770 5104 1851 5165 aliis

198 5221 316 5301 quiens
330 5240 338 5280 :
354 5216 505 5280 scindite
514 5211 748 5276 cordavestra
761 5209 795 5271 et
807 5221 877 5270 non
891 5208 998 5269 oesti-
1049 5223 1129 5270 vero
1155 5206 1303 5285 partibus
1330 5205 1425 5284 pueri
1449 5218 1526 5265 ossa
1540 5203 1726 5264 cremantes
1744 5200 1778 5263 et
1792 5201 1851 5261 lu-

197 5319 315 5381 mento
338 5313 458 5377 oestro
481 5310 569 5390 (1331
590 5325 626 5383 11,
645 5306 709 5388 12).
726 5307 766 5369 Et
787 5306 824 5367 in
842 5303 994 5383 psalmo:
1050 5305 1165 5367 dentes
1179 5304 1220 5366 ad
1235 5300 1357 5381 ig'nem.
1378 5302 1471 5365 Licet
1486 5300 1576 5362 enim
1590 5294 1756 5361 institutio
1770 5297 1851 5359 talis

200 5421 268 5479 Cor
293 5413 482 5477 contritum
507 5410 542 5473 et
565 5408 783 5471 humiliatum
809 5408 903 5466 Deus
929 5416 997 5464 non
1050 5402 1137 5480 apud
1158 5401 1311 5480 antiquos
1332 5416 1419 5463 vana
1443 5398 1554 5470 fuerit,
1575 5396 1714 5459 intentio
1735 5396 1851 5457 tamen

199 5511 334 5586 sperasti
345 5511 415 5590 (Ps.
426 5525 459 5579 3,
474 5507 537 5588 18).
556 5505 741 5569 Secundam
751 5502 895 5581 speciem
903 5500 998 5562 docet
1050 5499 1137 5577 apud
1152 5512 1213 5560 nos
1227 5514 1310 5560 sana
1324 5498 1384 5560 est.
1402 5492 1602 5573 Euangeliou
1617 5493 1727 5565 133113,
1739 5507 1853 5569 quam·

199 5624 260 5671 nos
280 5622 399 5684 parare
415 5606 560 5671 lacobus
582 5605 618 5668 in
641 5598 789 5681 Epistola
809 5598 995 5662 canonica:
1051 5598 1101 5661 vis
1116 5595 1280 5660 mirabilis
1294 5596 1338 5658 sit
1351 5592 1394 5656 in'
1406 5595 1527 5665 littera,
1551 5590 1649 5667 longe
1664 5585 1852 5652 mirabilior
