3958 6204
696 194 875 261 ΗΟΝΟΒΠ
895 194 941 259 111
962 193 1111 259 OPERA·
1126 222 1168 251 v·
1182 193 1417 263 SEBMONES.

229 373 274 434 ln
296 369 414 433 ιιιειιιι
434 367 510 442 «βω
530 357 783 428 moererent
802 355 903 432 notet
918 369 1029 432 oom-
1082 354 1160 419 dltls
1175 355 1257 419 suis,
1271 354 1376 421 Debet
1388 356 1551 439 prelatis
1571 360 1740 440 comigere
1754 364 1789 427 et
1802 378 1887 428 cas·

227 467 485 541 reconsignent
502 475 603 525 mare
623 456 799 531 ademisti
816 455 898 517 sont
917 468 1028 530 snpra
1080 453 1188 530 ligare
1205 454 1339 533 iniquos
1357 458 1392 518 et
1414 471 1591 535 perversos
1605 458 1767 534 subditos,
1785 461 1836 526 ita
1849 465 1889 527 nt

224 561 498 642 modumfflocli.
515 575 547 632 n,
572 556 619 638 3).
644 553 742 618 Putel
765 567 926 632 aquarum
951 553 1029 615 sunt
1080 555 1216 615 revocet
1225 553 1386 631 superbos
1395 554 1436 617 ad
1447 554 1681 629 numnintem,
1690 558 1887 623 luxuriosos

230 663 310 727 libri
331 661 519 724 divinarum
535 655 793 734 scripturarum,
807 652 865 730 qui
885 666 1026 713 emana-
1081 650 1123 713 ad
1137 651 1390 725 continentiam,
1408 651 1572 716 violentos
1591 656 1634 718 ad
1656 659 1889 723 mansuetudi-

229 760 351 825 verunt
377 759 413 819 in
429 755 546 817 diebus
564 753 656 815 beati
683 749 846 827 Gregorii,
863 749 941 828 quia
954 749 1027 827 ipse
1081 764 1168 822 nem,
1184 764 1306 815 avaros
1320 749 1361 813 ad
1381 750 1581 828 largitatem.
1604 754 1641 816 Si
1665 755 1823 832 praelatus
1838 756 1890 819 le·

230 858 293 920 brit
311 854 482 933 expositor
502 852 699 915 Sanctarum
720 848 979 927 scripturarum,
994 849 1028 908 et
1082 845 1286 911 oeritomnis
1297 847 1375 921 ista,
1389 850 1468 912 tunc
1485 851 1607 915 occidit
1626 868 1767 926 vermes,
1782 854 1885 929 idest,

227 957 303 1033 ipse
317 951 544 1015 manifestavit
560 966 680 1030 aquam
704 946 877 1026 sapientiae
899 946 1029 1007 saluta·
1079 945 1260 1011 daemones.
1281 946 1376 1011 Unde
1394 949 1572 1026 Apostolus
1599 972 1607 1011 ε
1632 954 1806 1027 Corrtpttc
1823 957 1888 1015 tn-

224 1052 290 1116 ·ris.
307 1055 388 1125 Quae
402 1067 490 1130 aqua
503 1049 659 1127 usquead
670 1049 802 1125 tempus
817 1048 890 1123 ejus
905 1042 1028 1107 latebat
1080 1045 1885 1130 quetoc‚comonmiotpsuotornmec(1rnss.v‚

228 1152 265 1213 iu
277 1150 400 1213 divinis
422 1148 517 1211 libris
541 1147 637 1226 quasi
659 1146 695 1208 in
719 1143 891 1224 profundis
905 1142 1025 1220 puteis.
1082 1140 1146 1213 14).

229 1251 270 1311 nt
284 1249 380 1327 quasi
393 1263 485 1310 mare
495 1245 666 1325 adimpleti
681 1244 758 1307 sunt
767 1258 868 1321 supra
880 1242 1025 1311 modum,
1123 1241 1202 1313 Quae
1218 1239 1307 1303 enim
1329 1243 1437 1321 mador
1459 1243 1689 1309 misericordia
1710 1248 1744 1310 et
1771 1247 1884 1324 pletas

224 1346 434 1424 quiamultae
452 1343 678 1423 expositiones
691 1341 788 1403 luntre
803 1340 879 1402 siml
895 1355 916 1401 a
930 1339 1027 1401 beato
1049 1414 1050 1417 Ἴ
1081 1340 1143 1411 cst,
1165 1354 1265 1417 quam
1286 1339 1416 1403 animas
1439 1341 1651 1405 morientium
1673 1343 1886 1407 subditorum

230 1443 392 1521 Gregorio
407 1459 450 1505 ex
466 1441 582 1521 paucis
596 1440 692 1502 libris
707 1438 965 1518 scripturarum.
1081 1435 1263 1509 vivificare,
1279 1440 1432 1503 errantes
1446 1439 1488 1502 ad
1510 1440 1601 1503 riam
1620 1441 1761 1518 justitias
1784 1444 1890 1505 redu.

273 1542 400 1614 Tertio,
428 1540 513 1603 sicut
540 1539 591 1601 sal
623 1535 818 1600 mundificat
845 1535 961 1598 dentes
988 1550 1027 1596 ac
1080 1549 1168 1606 cere,
1179 1533 1305 1599 nasos
1317 1536 1539 1611 consolidare,
1557 1540 1692 1602 moestos
1711 1543 1746 1602 et
1759 1557 1888 1618 paupe-

228 1656 321 1713 rasa‚
340 1640 388 1702 ita
404 1637 561 1717 praelatus
574 1636 671 1699 debet
684 1634 912 1703 mundificare,
927 1633 1024 1705 idest,
1078 1647 1135 1697 res
1154 1632 1343 1697 musolaril
1356 1634 1434 1700 ideo
1457 1635 1506 1698 sit
1523 1638 1669 1700 loannes
1686 1637 1722 1699 in
1737 1654 1886 1716 persona

222 1737 390 1800 mundare
412 1736 569 1815 populum
588 1734 654 1809 sibi
675 1734 887 1796 commissum
902 1748 922 1793 a
936 1731 1027 1794 vitiis
1079 1730 1254 1809 *eujusdam
1277 1731 1408 1810 prmtali
1432 1753 1440 1795 ι
1461 1737 1591 1812 angoto
1613 1739 1774 1799 Εοαειῑω
1787 1740 1886 1799 sar.

224 1837 262 1898 et
275 1835 420 1914 peccatis
434 1835 467 1896 et
482 1833 524 1896 sb
539 1832 693 1896 omnibns
699 1830 874 1895 erroribus
888 1845 1028 1908 perver
1080 1829 1244 1893 cotesto
1256 1833 1407 1908 madens
1422 1833 1457 1894 ct
1474 1835 1643 1908 modona
1656 1838 1789 1909 relicua
1803 1852 1888 1910 cuce

227 1933 306 1995 bum
321 1932 581 2011 praedicationis,
605 1931 703 2000 idest,
720 1945 782 2009 per
795 1928 979 1992 doctrinam
993 1928 1028 1989 ct
1078 1929 1257 1991 nwrttura
1272 1928 1375 1991 oront
1389 1926 1507 2008 (apoc.
1531 1946 1583 2003 ιιι,
1602 1930 1648 2009 2).
1670 1931 1883 2005 charissimi.

227 2032 467 2107 magisterium,
484 2046 543 2109 per
563 2029 752 2107 exemplum
765 2027 863 2089 bonae
886 2042 1029 2089 conver-
1076 2026 1149 2103 jam
1163 2026 1332 2089 neritinae
1349 2027 1428 2089 sunt
1441 2028 1562 2092 animm
1576 2028 1793 2103 subditorum,
1812 2030 1886 2093 nisi

222 2129 379 2202 sationis,
394 2129 489 2201 idest,
504 2143 565 2206 per
576 2126 750 2190 honestam
763 2125 867 2188 vitam
881 2127 915 2188 et
928 2140 1028 2186 sanc-
1079 2123 1320 2187 confirmentur
1334 2126 1532 2204 quantoclus
1548 2141 1608 2204 per
1626 2142 1741 2190 curam
1761 2130 1795 2192 et
1816 2130 1888 2192 sol-

223 2229 294 2291 ium
321 2226 619 2298 conversationem,
639 2241 700 2303 per
717 2222 941 2303 patrocinium
964 2221 1049 2284 de··
1078 2220 1288 2285 licltudinem
1310 2223 1536 2300 praelatorum.
1561 2224 1635 2297 Qui,
1659 2224 1689 2288 si
1709 2227 1885 2305 torpentes

223 2326 404 2401 tensionis3
421 2324 500 2403 quia
513 2324 655 2403 quisque
669 2322 828 2399 praelatus
842 2320 939 2383 debet
952 2336 1026 2382 esse
1046 2374 1049 2387 .
1078 2320 1115 2385 et
1134 2319 1342 2396 negligentes
1370 2320 1451 2395 sint,
1483 2321 1548 2400 ipsi
1580 2322 1738 2386 viderint.
1760 2326 1886 2388 Nonne

227 2424 329 2487 tants
341 2422 556 2501 perfectionis
568 2423 603 2483 et
615 2407 799 2483 honestatis
816 2421 854 2481 ut
873 2434 1025 2497 cumpu—
1078 2417 1191 2495 posuit
1202 2433 1264 2481 nos
1278 2418 1438 2483 Dominus
1453 2419 1606 2483 custodes
1616 2420 1658 2483 ad
1670 2422 1886 2499 vigilandum

230 2522 331 2585 ritate
346 2519 559 2585 conscientia
580 2534 651 2585 suae
667 2516 774 2596 possit
790 2517 833 2581 nd
848 2520 952 2580 Deum
966 2517 1024 2579 in-
1048 2536 1049 2607 j
1078 2515 1175 2578 etad
1197 2515 1556 2595 circumspicienduml
1579 2518 1629 2581 Ad
1656 2519 1882 2596 vigilandum,

221 2619 397 2683 tercedere
420 2633 481 2696 pro
507 2632 543 2679 sa
570 2616 605 2680 et
637 2632 698 2694 pro
724 2615 871 2694 peccatis
892 2615 1023 2677 alienis
1079 2614 1261 2679 secundum
1276 2614 1364 2692 quod
1380 2615 1454 2693 ipse
1470 2616 1520 2679 sit
1529 2617 1717 2694 apostolis:
1737 2621 1885 2696 rosato

223 2717 322 2780 Unde
349 2717 552 2795 praeceptum
577 2715 629 2776 est
655 2714 692 2775 in
716 2713 791 2790 lege
804 2713 956 2791 ltloysis,
990 2714 1026 2774 ut
1078 2711 1255 2785 sternte,
1278 2713 1317 2775 ut
1340 2714 1569 2779 nmttnlrctis
1593 2717 1886 2781 intentationes

228 2814 384 2879 sacerdos
404 2814 570 2891 acciperet
590 2811 796 2875 thuribulum
824 2813 858 2874 et
871 2811 1026 2888 impleret
1079 2806 1198 2888 (Marc.
1222 2825 1292 2883 xiv,
1310 2810 1376 2891 38).
1398 2811 1448 2874 Ad
1477 2812 1811 2891 circumspiciendum
1830 2832 1886 2878 se·

226 2914 309 2976 illud
317 2914 406 2991 igne,
422 2912 519 2984 idest,
535 2910 709 2974 charitatis
719 2909 852 2972 ardore
863 2909 926 2971 Hic
936 2910 1024 2986 ignis
1078 2908 1224 2973 cundum
1249 2909 1337 2986 quod
1358 2909 1507 2995 loquitur
1527 2911 1566 2973 in
1592 2912 1766 2975 Ezechiele
1787 2917 1885 2976 :Fili

223 3013 276 3075 est
290 3011 439 3074 charitas
464 3023 538 3088 quse
561 3023 692 3085 semper
716 3006 813 3069 debet
835 3007 954 3068 ardere
987 3007 1024 3068 in
1077 3009 1242 3079 borntnts,
1264 3009 1514 3082 memorarem
1540 3012 1618 3071 detti
1641 3012 1675 3072 tc
1693 3014 1810 3073 donno
1828 3015 1886 3075 ls-

224 3110 324 3173 oorde
334 3107 528 3170 sacerdotis.
546 3106 639 3169 Unde
654 3106 690 3166 in
704 3105 850 3168 canticis
865 3105 1023 3167 Cantico-
1076 3110 1153 3167 raet
1168 3103 1300 3185 (Faeob.
1320 3122 1371 3178 ιιι,
1391 3104 1458 3185 17).
1481 3108 1568 3183 Ergo
1583 3108 1612 3171 si
1626 3109 1815 3185 speculator
1829 3126 1881 3184 es,

219 3223 319 3271 rum:
335 3212 442 3281 Apoae
450 3205 568 3267 multoe
581 3218 651 3266 non
659 3202 804 3278 possunt
816 3203 1024 3280 extinguere
1077 3203 1130 3263 vel
1144 3203 1266 3275 custos,
1284 3202 1388 3280 vigila
1402 3205 1435 3267 et
1449 3204 1687 3282 circumspice·
1699 3209 1774 3269 Non
1789 3207 1883 3271 enim

223 3306 432 3369 cnorttmm
456 3299 563 3381 (Cant
590 3315 666 3373 vm,
693 3298 739 3381 7),
764 3300 844 3378 quia
866 3299 1023 3362 sacerdos
1076 3301 1403 3378 posuittellorninus
1413 3302 1450 3364 ut
1459 3302 1617 3373 dormias,
1629 3305 1687 3367 sed
1701 3306 1736 3366 ut
1745 3305 1880 3381 vigiles,

220 3402 322 3466 debet
335 3402 413 3465 tbns
424 3415 605 3479 apponere,
617 3398 714 3472 idest,
726 3398 878 3461 devotam
893 3398 1022 3461 oratio-
1077 3415 1145 3461 non
1160 3402 1196 3461 ut
1211 3399 1350 3465 stolidus
1365 3415 1513 3473 maneas,
1530 3401 1588 3464 sed
1603 3403 1640 3463 ut
1653 3402 1789 3480 provide
1800 3403 1878 3465 cir·

224 3518 301 3564 nem
316 3517 376 3578 pro
395 3497 516 3578 populo
531 3497 595 3560 sibi
610 3497 787 3561 commisso
799 3499 869 3559 Deo
888 3495 1021 3570 offerre,
1077 3497 1287 3576 cumspicias,
1305 3512 1372 3561 non
1396 3498 1434 3561 ut
1446 3498 1608 3573 dormias,
1626 3501 1704 3578 quia
1719 3501 1775 3578 gui
1790 3501 1878 3564 dor·

221 3601 326 3664 etita
351 3599 478 3661 intrare
499 3596 535 3659 in
559 3597 681 3658 Sancta
699 3596 908 3668 Βιιοιοιιιιιι,
923 3594 1021 3667 idest,
1077 3595 1199 3668 miunt,
1219 3597 1317 3659 nocte
1339 3596 1525 3671 donniunt,
1550 3601 1585 3661 et
1598 3599 1655 3676 qui
1675 3597 1758 3660 ebrii
1776 3600 1874 3673 sunt.

224 3698 428 3778 perbonam
452 3694 688 3772 cogitationem
709 3695 743 3757 et
765 3709 884 3772 puram
897 3693 1024 3757 oratio·
1077 3697 1175 3758 nocte
1189 3693 1274 3759 ebrii
1299 3696 1392 3767 sunt,
1418 3695 1475 3759 sed
1499 3697 1536 3759 ut
1556 3697 1692 3775 vigiles,
1713 3695 1790 3775 quia
1815 3698 1880 3775 qui

218 3814 301 3860 nem
313 3795 488 3876 pervenire
501 3793 543 3856 ad
558 3792 634 3856 coeli
646 3791 782 3871 palatia.
1074 3808 1175 3856 mana
1188 3792 1405 3870 vigilaverint
1424 3793 1466 3860 ad
1481 3794 1691 3872 sapientiam,
1704 3794 1881 3859 invenient

263 3894 401 3958 Praelati
425 3891 657 3965 ecclesiarum,
680 3889 839 3969 episcopi,
852 3889 1020 3965 ridellost
1075 3891 1181 3955 illam

224 3996 258 4057 et
281 3991 470 4055 sacerdotes
480 4005 540 4070 pro
563 3989 709 4067 peccans
724 3989 826 4051 totius
841 3988 956 4066 populi
970 3988 1023 4049 di·
1115 3992 1252 4066 Ergoo
1278 3987 1327 4051 lili
1344 3986 1505 4061 bominis,
1522 3986 1552 4050 si
1563 3989 1676 4050 custos
1698 4004 1746 4062 es,
1761 3990 1877 4068 vigila,

222 4092 337 4155 vinam
367 4086 631 4150 misericordiam
666 4085 789 4147 debent
819 4086 1022 4164 quotidianis
1075 4088 1155 4167 guia
1180 4087 1252 4164 ipse
1285 4086 1444 4149 Dominus
1469 4090 1583 4149 noster
1615 4086 1667 4148 est
1694 4089 1808 4151 custos
1836 4089 1880 4153 de

218 4184 523 4265 supplicationibus
547 4184 582 4246 et
604 4183 723 4244 hostiis
744 4183 935 4260 implorare.
963 4184 1021 4247 isti
1043 4204 1044 4207 ¹
1075 4186 1183 4257 nocte
1200 4185 1235 4247 et
1247 4183 1367 4260 vigilat
1384 4199 1485 4261 super
1505 4183 1663 4261 populum
1690 4201 1798 4249 suum.
1816 4182 1889 4248 vi-'

223 4286 314 4348 enim
328 4300 388 4362 pro
401 4282 542 4344 infirmis
557 4282 591 4343 et
606 4280 836 4359 peccatoribus
850 4296 947 4344 orare
962 4282 1022 4344 de-
1073 4283 1156 4361 gila‚
1169 4281 1294 4360 quiain
1306 4280 1421 4358 vigilia
1436 4282 1599 4345 matutina
1615 4283 1706 4346 venit
1715 4284 1878 4349 nonnius

224 4382 313 4456 bent,
330 4382 409 4461 quia
434 4380 543 4443 oratio
563 4379 703 4442 istorum
729 4379 794 4442 cito
816 4381 966 4443 ascendit
979 4382 1020 4443 ad
1074 4382 1117 4445 ad
1138 4379 1329 4458 discipulos.
1353 4379 1475 4456 Vigila,
1499 4381 1578 4457 quia
1604 4381 1756 4458 pastores
1777 4385 1879 4449 erant

223 4486 349 4546 Jesum.
377 4479 436 4542 Isti
459 4478 579 4541 debent
603 4493 677 4540 esse
707 4477 907 4540 mediatores
932 4479 1021 4541 inter
1071 4481 1111 4542 in
1124 4478 1261 4556 regione
1275 4476 1345 4549 illa,
1362 4477 1585 4542 custodientes
1611 4479 1745 4555 vigilias
1766 4481 1877 4544 noctis

223 4583 328 4645 Deum
343 4582 377 4641 et
398 4577 562 4649 homines,
579 4577 613 4639 et
625 4577 700 4639 ideo
716 4575 802 4638 tales
814 4575 934 4639 debent
947 4592 1021 4639 esse
1075 4594 1176 4656 super
1184 4590 1319 4654 magam
1333 4590 1441 4639 suum.
1458 4575 1581 4654 Vigila,
1597 4577 1676 4654 quia
1691 4575 1878 4653 vigilabant

222 4683 260 4743 ut
276 4679 344 4742 sint
363 4677 451 4755 grati
470 4676 581 4740 Ileoet
593 4675 720 4752 accepti
732 4673 932 4737 hominibus
945 4675 1021 4737 Istis
1073 4676 1246 4747 mulieres,
1269 4674 1401 4751 quando
1422 4672 1578 4737 viderunt
1591 4674 1747 4751 angelum
1761 4674 1804 4739 sd
1819 4691 1879 4737 se-

223 4779 336 4841 datum
356 4777 407 4839 est
415 4790 514 4838 nosse
522 4773 686 4852 mysteria
698 4771 793 4850 regni
806 4773 876 4846 Dei,
891 4773 1021 4835 caeteris
1074 4773 1262 4853 pulchrum.
1277 4770 1401 4847 Vigila,
1417 4770 1496 4849 qna
1511 4771 1542 4833 si
1556 4772 1658 4835 sciret
1680 4772 1879 4850 paterlami·

223 4879 335 4938 autem
354 4874 388 4936 in
408 4872 590 4952 parabolis
613 4871 672 4935 Isti
695 4887 772 4935 eum
797 4885 941 4944 movere,
964 4871 1021 4933 isti
1074 4873 1139 4936 lias
1151 4887 1216 4950 qua
1237 4870 1321 4935 hora
1343 4868 1399 4931 lur
1411 4869 1571 4933 venturus
1595 4870 1693 4944 esset,
1719 4870 1878 4947 vigilaret

223 4989 300 5036 eum
316 4972 460 5043 flectere,
477 4970 562 5033 etad
578 4969 844 5033 misericordiam
857 4968 1021 5031 inclinare
1076 4970 1190 5049 ntique
1204 4969 1237 5031 et
1249 4983 1316 5031 non
1331 4966 1456 5031 sineret
1474 4966 1603 5045 periodi
1618 4968 1750 5031 domum
1765 4985 1874 5032 suam.

223 5070 372 5152 possunt.
385 5071 425 5130 nt
437 5070 600 5130 loannes:
610 5070 675 5134 ooo
685 5069 751 5130 sctt
758 5069 911 5143 nosram
918 5082 1021 5131 sunm
1075 5072 1101 5132 0
1117 5065 1337 5139 sithominis,
1354 5078 1505 5142 operare,
1522 5066 1599 5128 dum
1614 5067 1743 5145 tempus
1757 5066 1873 5140 habes,

121 5227 125 5233 .
218 5166 552 5247 pcccarcpeccotum
566 5179 636 5227 noo
649 5165 1022 5241 aomonemnretpro
1076 5166 1154 5247 quia
1177 5165 1235 5244 qul
1258 5163 1375 5226 lecerit
1398 5165 1432 5226 et
1454 5163 1605 5227 docuerit
1626 5164 1674 5226 sic
1702 5165 1873 5240 homines,

223 5284 275 5338 eo,
292 5266 327 5329 et
338 5263 478 5326 oobttur
495 5265 528 5324 et
541 5262 913 5335 ooopeoeoottnonod
924 5280 1023 5327 morr-
1076 5280 1217 5341 mngnus
1235 5259 1409 5324 vocabitur
1429 5260 1465 5323 in
1482 5275 1586 5338 regno
1600 5262 1770 5325 ooelorum.
1786 5265 1877 5340 Ope-

225 5367 295 5428 tens
323 5361 396 5442 (sp.
425 5361 522 5423 toan.
542 5373 577 5430 v,
601 5357 665 5438 16).
691 5358 814 5431 Quarto
835 5381 844 5421 ε
866 5360 954 5424 sicut
971 5362 1021 5423 sal
1075 5378 1163 5434 rare,
1180 5360 1258 5440 quia
1273 5374 1341 5423 non
1354 5358 1523 5421 auditores
1538 5358 1639 5437 legis,
1656 5360 1713 5422 sed
1728 5359 1874 5425 factores

225 5461 348 5525 occidit
359 5472 501 5530 vermes,
522 5456 570 5519 ita
590 5455 856 5533 probauerant
870 5459 1021 5521 occidere
1071 5458 1155 5538 justi
1170 5459 1247 5521 sunt
1265 5456 1352 5535 apud
1376 5458 1492 5522 Deum.
1518 5459 1674 5535 Operare,
1692 5457 1770 5536 qnia
1785 5475 1874 5521 unus

224 5574 365 5631 vermes,
381 5556 479 5629 idest,
492 5554 574 5621 vitia
598 5558 632 5617 et
648 5557 783 5632 peccate
798 5556 834 5618 in
850 5572 886 5619 se
901 5559 934 5621 et
948 5558 1022 5619 sub-
1076 5558 1215 5637 quisque
1244 5553 1430 5619 mercedem
1458 5571 1552 5617 stram
1581 5556 1723 5634 accipiet
1751 5572 1875 5619 secun-
