3982 6196
204 250 265 309 639
828 249 1002 311 HONORII
1026 250 1238 314 illocalia,

1801 263 1863 323 640

202 409 325 472 virtute
341 408 539 472 obedientiae
560 406 710 471 districte
727 409 1004 488 praecipitzoua-
1059 410 1209 474 ecclesiae
1230 428 1311 486 suae,
1332 415 1529 478 auctoritate
1543 419 1695 496 propria,
1719 420 1862 485 relaxa-

204 510 313 580 tenus,
328 508 386 580 ait,
403 508 444 569 ad
466 506 659 584 praedictum
676 508 913 570 monasterium
929 524 1006 586 per·
1058 510 1144 580 rant,
1161 510 1247 588 quod
1267 511 1302 572 in
1323 512 1428 590 ipsam
1450 516 1608 592 posuerat
1627 517 1860 592 interdictum,

205 605 367 665 sonaliter
379 603 585 673 accedentes,
598 605 630 664 et
641 603 800 665 babentes
818 621 886 681 prae
900 604 1005 666 oculis
1058 607 1250 685 priusquam
1261 610 1462 672 venerabilis
1476 611 1578 674 frater
1588 616 1864 693 nosterMagun-

206 702 313 763 solum
341 701 537 769 Dominum,
561 699 753 777 inquiratis,
784 701 1004 779 appellatione
1057 704 1147 767 tinus
1160 706 1431 784 archiepiscopus
1450 709 1695 773 relaxationem
1709 729 1861 789 genera·

204 800 341 876 rejecta,
371 813 472 874 super
484 798 582 869 statu,
598 800 667 859 tam
685 799 890 871 monasterii,
907 815 1004 876 quam
1059 800 1122 862 lem
1140 801 1254 880 (quam
1268 806 1460 882 reputamus
1481 808 1611 884 penitus
1627 809 1701 871 fore
1715 810 1861 892 nullam)

205 896 334 957 abbatis
357 895 390 956 et
408 894 657 966 monachorum,
679 894 932 971 diligentissime
946 912 1007 957 ve-
1058 898 1168 961 facere
1197 903 1479 980 praesumpsisset,
1506 905 1615 981 ipsum
1639 907 1752 969 adhuc
1782 908 1863 972 licet

205 994 348 1063 ritatem,
366 994 484 1069 atquae
506 992 702 1053 inveneritis
724 993 931 1069 corrigenda,
946 1010 1005 1055 seu
1058 995 1158 1059 fuerit
1185 997 1415 1062 confirmatum
1442 1004 1640 1065 auctoritate
1665 1006 1862 1081 apostolica

205 1090 410 1167 castiganda,
428 1093 491 1151 etc.

245 1188 363 1249 Datum
371 1187 526 1249 Laterani
536 1185 1004 1265 idusfebruarii,pontificatus

206 1286 311 1347 nostri
327 1301 415 1346 anno
431 1285 587 1346 secundo.

557 1445 654 1531 CXL

205 1599 257 1658 aa
271 1596 556 1671 Rottspoocnscm
573 1601 767 1670 episcopum
791 1597 825 1658 ct
850 1599 1005 1659 Waotsa-

244 1708 380 1755 sensero
396 1694 635 1755 cisterciensis
649 1696 782 1755 olutols
795 1694 961 1754 abbatem.

510 1823 543 1881 rs
555 1822 611 1882 seo.
629 1798 707 1881 mia

204 1927 1003 1993 [linynaiddnnuimdunnumlilffibianrique,Ann.Cisterc..

234 2014 253 2057 t.
266 2010 310 2069 IV,
321 2007 382 2067 lli;
393 2008 499 2069 Buczek,
509 2009 570 2059 Cod.
585 2008 782 2074 diplltoruviae,
794 2008 825 2068 ii,
842 2008 887 2069 935
901 2008 1005 2060 licutin-

234 2101 284 2151 ger,
297 2088 431 2152 Beytruge,
442 2088 473 2146 11,
487 2088 554 2152 lde]

203 2195 240 2253 Ut
250 2193 368 2253 absente
383 2194 528 2268 episcopo,
545 2202 628 2252 caute
645 2209 679 2252 uc
690 2194 844 2270 diligenter
855 2195 1004 2270 explorent

333 2283 397 2356 quis
410 2284 447 2341 sit
457 2285 612 2357 Progensis
626 2283 759 2342 dioecesis
773 2291 874 2343 status.

243 2400 1003 2480 Praesentiumvobisauctoritatepraecipiendo

204 2497 420 2569 mandamus,
446 2499 608 2575 quatenus
636 2500 732 2561 caute
760 2515 800 2560 ac
827 2499 1004 2575 diiigenter

202 2595 394 2673 exploretis,
412 2597 467 2673 qni
483 2595 667 2673 percipiant
688 2596 826 2668 fructus,
847 2598 900 2658 vel
921 2614 1002 2674 pro-

203 2692 374 2755 curatores
398 2694 544 2755 existant
569 2693 778 2772 episcopatus
802 2695 1003 2771 Pragensist

202 2791 242 2851 Et
256 2792 366 2851 utrum
383 2790 598 2853 charissimus
615 2791 648 2853 in
664 2792 795 2854 Christo
810 2792 899 2853 filius
920 2808 1002 2853 nos-

202 2886 254 2948 ter
273 2889 416 2949 Boemiae
445 2905 506 2950 rex
529 2888 665 2951 absente
691 2888 875 2951 venerabili
899 2889 1003 2951 fratre

202 2984 316 3046 nostro
343 2985 504 3062 Pragensi
533 2987 687 3063 episcopo
712 2987 926 3059 ordinaverit,
949 2987 1002 3048 vel

202 3081 352 3143 ordinari
367 3082 484 3145 fecerit
498 3085 732 3159 procuratores
747 3083 891 3155 eosdem,
905 3084 959 3146 vel
974 3085 1002 3145 si

201 3178 292 3253 regis
325 3176 470 3241 habeant
507 3179 767 3242 familiaritatem
804 3181 934 3258 ipsiusl
965 3183 1004 3242 m

201 3276 313 3335 utrum
335 3275 435 3337 etiam
462 3277 637 3337 occasione
665 3292 777 3349 morae,
804 3278 1004 3355 quemfecit

201 3371 288 3447 apud
318 3371 436 3434 sedem
463 3374 714 3450 apostolicam,
746 3375 898 3437 ecclesiis
930 3379 1003 3452 ejus

199 3466 365 3541 dioecesis,
383 3471 415 3532 et
439 3469 537 3532 bonis
552 3487 667 3533 eorum
683 3473 854 3535 immineat
868 3473 1004 3551 dispen-

199 3566 303 3639 dium,
315 3567 635 3644 velgravamen3vel
647 3570 878 3632 exactionibus
887 3586 1003 3648 aggra-

198 3666 344 3727 venturi
364 3667 403 3727 Et
414 3678 457 3726 an
470 3666 584 3727 nuncii
599 3667 747 3743 ejusdem
763 3669 912 3745 episcopi
925 3685 1004 3745 pro-

198 3760 377 3823 hibeantur
391 3763 518 3825 intrare
534 3763 649 3836 libere,
666 3781 706 3825 ac
726 3765 840 3826 exiret
864 3767 903 3827 Et
928 3782 1001 3843 quae

199 3859 378 3935 superbis,
395 3861 429 3922 et
444 3860 520 3921 aliis
540 3860 748 3934 inveneritis,
765 3863 886 3924 vestris
906 3863 1001 3925 nobis

199 3955 321 4019 litteris
336 3957 506 4030 intimetis,
524 3959 560 4020 ut
572 3959 755 4020 secundum
778 3960 851 4021 baec
873 3962 906 4023 et
920 3962 998 4032 alia,

199 4068 273 4129 qnae
298 4055 502 4116 audierimus
528 4056 563 4115 in
586 4057 721 4132 negotio
747 4057 893 4133 ejusdem
911 4059 1002 4134 epis-

198 4150 284 4226 copi,
299 4152 397 4228 prout
422 4152 666 4228 procedendum
693 4153 803 4224 fuerit,
834 4155 999 4231 proceda-

199 4262 283 4307 mus.
300 4248 392 4308 Datis
407 4249 478 4309 Lat.
499 4250 558 4309 XV
577 4249 740 4311 kalendas
752 4251 875 4324 martii,
890 4252 1000 4328 ponti-

198 4342 316 4403 ticatus
329 4344 434 4405 nostri
450 4360 538 4406 anno
555 4345 713 4407 secundo.

541 4513 658 4600 CXLI

197 4655 249 4714 Ad
265 4651 491 4732 (conradum)
506 4658 702 4731 episcopum
712 4656 999 4731 Rottspooeosem

236 4750 271 4811 ct
293 4752 411 4811 Sooctt
426 4755 595 4813 &merom
616 4754 877 4827 Ruttsponeosis
899 4756 932 4815 et
957 4759 998 4816 de

243 4846 635 4910 Wottcrborcbuboatcs.

497 4970 529 5027 fu
542 4970 598 5027 leb.
617 4973 697 5030 1²18.

322 5073 498 5134 [Wurdtveim
512 5076 583 5125 Nova
595 5075 680 5134 Subs,
696 5081 715 5128 t.
729 5077 873 5143 111.p.o(t.]

196 5178 313 5239 itandul
327 5187 359 5237 ut
375 5178 524 5253 explorent
541 5179 576 5239 de
591 5181 792 5241 observatione
806 5183 948 5243 interdicti
968 5185 996 5242 in

456 5267 572 5325 dioecesi
588 5272 738 5344 Pragensi.

235 5374 445 5437 Venerabilis
463 5376 567 5439 frater
581 5384 695 5440 noster
710 5382 890 5457 Pragensis
905 5381 997 5458 epis-

197 5486 299 5548 copus
312 5472 407 5534 nobis
420 5473 591 5537 humiliter
607 5476 785 5550 intimavit,
797 5478 884 5555 quod
895 5479 998 5540 deca·

197 5581 272 5632 nus,
294 5571 326 5628 et
353 5570 485 5645 quidam
508 5572 548 5633 de
576 5574 736 5649 praelatis,
764 5576 797 5636 et
823 5576 995 5637 canonicis

1058 1093 1235 1156 observare
1259 1113 1342 1158 ausu
1367 1100 1562 1173 temerario,
1592 1102 1858 1165 contemnentes.

1059 1192 1219 1262 Quocirca
1234 1193 1427 1257 discretioni
1441 1198 1573 1269 vestrae,
1590 1214 1650 1275 per
1663 1201 1861 1277 apostolica

1058 1289 1180 1366 scripta
1190 1291 1329 1367 praecise
1338 1294 1544 1365 mandamus,
1557 1297 1734 1372 qnatenus,
1747 1300 1862 1359 utrum

1059 1386 1239 1461 praemissis
1265 1389 1389 1451 veritas
1415 1390 1628 1467 suffragetur,
1656 1410 1717 1470 per
1740 1411 1803 1455 vos
1829 1398 1862 1457 et

1057 1484 1142 1545 alios
1164 1501 1237 1546 cum
1256 1487 1398 1555 cautela,
1423 1488 1456 1551 et
1479 1488 1642 1550 industria
1663 1490 1862 1567 diligentius

1058 1581 1278 1657 explorantes,
1292 1585 1382 1661 ipsos
1397 1586 1426 1646 si
1436 1586 1486 1647 rei
1502 1586 1626 1649 veritas
1633 1589 1687 1649 ‘sic
1700 1604 1738 1650 se
1748 1590 1859 1661 babet,

1058 1679 1099 1739 ab
1110 1678 1231 1752 officio,
1243 1679 1471 1760 beneficioque
1482 1700 1673 1761 suspensos,
1684 1687 1727 1747 ad
1741 1688 1862 1749 Sedem

1058 1777 1281 1854 apostolicam
1295 1781 1541 1853 transmittatis,
1556 1782 1792 1845 satisfacturos
1808 1801 1863 1847 no·

1057 1873 1119 1946 bis,
1137 1876 1169 1936 et
1179 1875 1244 1953 ipsi
1254 1875 1294 1938 de
1306 1878 1407 1940 tantm
1420 1880 1690 1956 praesumptionis
1700 1898 1860 1943 excessu.

1058 1972 1149 2033 Datis
1174 1975 1330 2036 Laterani
1353 1978 1428 2039 xlv
1452 1976 1615 2039 kalendas
1633 1979 1750 2041 martii
1771 1996 1860 2041 anno

1058 2070 1213 2133 secundo.

1390 2200 1527 2288 CXLII

1176 2332 1228 2391 Ab
1251 2333 1448 2406 eptscopum
1467 2337 1734 2396 Tormocmasem.

1355 2445 1391 2502 20
1405 2444 1461 2504 seb.
1476 2447 1555 2505 ftis.

1093 2547 1212 2612 [Regest.,
1222 2549 1268 2600 lib.
1281 2550 1310 2610 ΙΙ,
1325 2550 1397 2615 epist.
1414 2551 1468 2601 tal.
1480 2553 1537 2602 tiss.
1549 2553 1669 2602 LaPorte
1680 2554 1716 2603 du
1726 2553 1826 2618 Theti]

1122 2648 1164 2705 De
1183 2647 1335 2721 praebenda
1350 2649 1454 2707 elerico
1468 2651 1591 2707 litterato
1603 2649 1794 2709 conferenda.

1097 2757 1263 2817 Honorius
1278 2758 1339 2829 etc,
1353 2758 1536 2819 venerabili
1549 2758 1684 2820 fratri...
1697 2761 1857 2837 episcopo

1056 2854 1254 2927 Tornacen.,
1266 2855 1327 2917 etc.

1098 2950 1199 3011 Sedes
1211 2951 1399 3028 apostolica
1412 2968 1527 3013 curam
1537 2968 1668 3029 gerens,
1686 2953 1728 3014 de
1743 2954 1860 3030 provi-

1057 3047 1206 3108 sionibus
1226 3049 1445 3124 singulorum,
1468 3050 1637 3127 profusius
1658 3067 1764 3127 super
1782 3051 1858 3113 illos

1056 3160 1166 3205 rorem
1179 3161 1248 3206 suae
1262 3145 1503 3209 benedictionis
1516 3147 1671 3220 infundit,
1687 3148 1747 3225 qui
1760 3148 1857 3225 copia

1057 3242 1254 3310 litterarum,
1277 3243 1310 3305 et
1328 3260 1457 3305 morum
1480 3246 1591 3321 gratia
1610 3245 1854 3323 praecellentes,

1057 3339 1231 3401 scientiam
1250 3339 1417 3403 honestati
1435 3342 1602 3414 maritant,
1617 3359 1719 3420 quam
1733 3345 1857 3419 gerunt

1057 3437 1091 3497 in
1107 3436 1223 3498 habitu
1242 3454 1334 3514 purae
1355 3439 1485 3500 mentis.
1505 3439 1603 3500 Tales
1618 3440 1710 3500 enim
1728 3440 1764 3500 in
1783 3440 1860 3516 qui-

1055 3535 1117 3594 bus
1137 3534 1289 3606 scientia,
1308 3537 1341 3601 et
1363 3535 1521 3597 honestas
1540 3536 1712 3597 amicabili
1731 3536 1857 3598 foedere

1057 3633 1313 3708 conjunguntur,
1329 3634 1486 3710 tanquam
1506 3633 1597 3709 ligna
1612 3649 1711 3694 secus
1731 3633 1856 3695 decur-

1056 3746 1113 3789 sus
1141 3745 1303 3807 aquarum
1332 3730 1480 3806 plantata
1507 3730 1747 3792 suavissimum
1776 3731 1857 3792 dare

1055 3825 1164 3887 solent
1178 3824 1370 3902 intempore
1380 3826 1604 3899 suofructum,
1614 3825 1718 3888 verbo
1729 3827 1859 3903 pariter

1055 3925 1087 3984 et
1097 3922 1252 3999 exemplo
1266 3923 1355 3984 viam
1364 3922 1441 3985 vitae
1456 3923 1664 4001 simplicibus
1675 3925 1859 3986 ostenden-

1054 4021 1115 4081 tes.
1131 4022 1178 4081 Ea
1199 4021 1334 4097 propter
1352 4020 1509 4081 dilectum
1528 4021 1635 4082 filium
1656 4022 1859 4098 magistrum

1055 4117 1263 4195 Radulpbum
1278 4117 1319 4178 de
1335 4117 1507 4194 Bancigni,
1521 4119 1688 4180 rectorem
1702 4118 1857 4181 ecclesiae

1055 4215 1167 4276 Sancti
1177 4213 1305 4283 Brictii,
1318 4215 1375 4292 qui
1385 4215 1472 4277 sicut
1484 4231 1526 4275 ex
1537 4215 1734 4277 testimonio
1744 4216 1859 4293 pluri-

1053 4326 1181 4372 morum
1192 4308 1332 4371 fratrum
1345 4312 1545 4383 nostrorum,
1563 4312 1597 4373 et
1611 4311 1727 4374 dilecti
1741 4311 1803 4372 tilii
1818 4315 1856 4373 R.

1054 4407 1322 4469 vicecancellarii
1341 4408 1446 4470 nostri
1462 4411 1557 4485 cujus
1570 4408 1659 4469 idem
1672 4410 1710 4470 in
1722 4408 1858 4471 cancel-

1053 4504 1136 4565 laria
1148 4506 1262 4566 nostra
1273 4503 1440 4581 obsequiis
1456 4504 1599 4566 fideliter
1614 4504 1788 4569 insudavit
1804 4506 1857 4567 di-

1053 4603 1204 4675 dicimus,
1219 4618 1259 4663 ea
1271 4618 1400 4663 morum
1414 4603 1587 4665 honestate
1600 4602 1791 4679 praefulget,
1806 4605 1860 4664 lit·

1052 4703 1200 4762 terarum
1215 4714 1333 4777 sapore
1350 4699 1496 4772 condita,
1513 4699 1600 4777 quod
1616 4700 1659 4761 ad
1672 4701 1858 4761 ecclesias-

1051 4797 1153 4858 ticum
1169 4795 1366 4858 beneficium
1377 4796 1591 4858 obtinendum
1607 4797 1723 4873 rogari
1737 4798 1858 4859 debeat

1052 4893 1162 4970 potius
1178 4910 1276 4970 quam
1291 4909 1423 4970 rogare,
1447 4894 1649 4955 fraternitati
1664 4896 1733 4957 tuae
1753 4895 1855 4957 duxi·
1982 4884 1983 4891 ’

1053 5007 1125 5051 mus
1158 4990 1449 5064 committendum,
1485 5007 1545 5069 per
1571 4992 1768 5069 Apostolica
1794 4993 1855 5055 tibi

1051 5089 1175 5167 scripta
1186 5089 1409 5166 praecipiendo
1423 5089 1631 5161 mandantes,
1643 5092 1811 5166 quatenus
1824 5091 1856 5151 ei

1051 5186 1091 5247 de
1104 5188 1159 5248 tuo
1173 5186 1224 5247 vel
1239 5187 1350 5247 alieno
1361 5187 1395 5246 in
1408 5187 1521 5264 aliqua
1534 5185 1755 5249 ecclesiatuae
1768 5187 1856 5249 dioe·

1050 5283 1148 5356 cesis,
1158 5282 1688 5346 auctoritatenostrabenettcium
1700 5285 1855 5363 praeben-

1050 5381 1125 5442 dale
1141 5382 1294 5443 conferas
1309 5381 1342 5443 et
1358 5382 1522 5459 assignes,
1538 5382 1806 5445 contradictores
1824 5383 1855 5443 si

1050 5478 1106 5555 qui
1117 5478 1240 5540 fuerint
1249 5479 1303 5541 vel
1315 5478 1469 5551 rebelles,
1481 5496 1541 5557 per
1551 5495 1731 5541 censuram
1744 5481 1856 5542 eccle-
1982 5530 1983 5539 ,

1050 5576 1217 5638 siasticam
1240 5577 1462 5654 appellatione
1482 5577 1678 5655 postposita,
1701 5594 1854 5654 compes-
