3982 6196
765 323 994 383 EPISTOLAE.
1019 324 1096 384 LIB.
1120 322 1161 384 ΙΙ.

458 506 614 594 oxxbl

132 658 185 715 Ad
208 658 493 731 archiepiscopos,
515 661 690 732 episcopos
705 660 932 721 ilerritoreom

387 756 422 815 et
439 757 678 816 Godorertsim.

439 874 528 934 illeb.
544 877 621 934 liis.

202 1019 209 1027 ·
290 990 410 1055 [lighelli
423 990 560 1049 ltalsscre,
575 998 596 1042 t.
607 1006 647 1050 111,
664 1007 690 1057 p.
709 990 777 1054 titt]

193 1096 419 1170 Arcbiepiscopo
433 1098 538 1155 Pisano
553 1098 706 1170 primatum
719 1099 878 1157 3331113131.

175 1227 282 1296 Quum
297 1223 430 1302 quidam
443 1225 705 1302 praedecessores
721 1226 826 1289 nostri
837 1228 934 1289 Pisa-

132 1322 187 1383 nis
202 1321 462 1399 archiepiscopis
475 1325 677 1386 contulerint
687 1324 722 1386 in
733 1325 931 1398 Turriianae,

132 1420 333 1481 Arborensis
349 1420 383 1481 et
396 1420 594 1483 calaritanae
608 1422 789 1498 provinciis
802 1422 931 1499 prima-

132 1519 198 1590 tus,
214 1517 246 1578 et
260 1517 295 1577 in
310 1517 465 1578 Sardinia
479 1518 656 1594 legationis
681 1519 837 1593 honores,
863 1522 932 1581 Nos

132 1622 171 1678 v.
186 1616 223 1675 F.
239 1615 281 1676 N.
297 1615 399 1677 Vitali
422 1615 545 1678 Pisano
567 1616 816 1694 archiepiscopo
835 1617 933 1679 beni·

130 1726 197 1787 gne
206 1713 442 1786 concessimus,
455 1714 542 1790 quod
555 1715 660 1777 nostri
669 1715 932 1792 praedecessores

132 1811 381 1871 concesserunt.
406 1810 550 1888 Ideoque
578 1812 830 1874 uniuersitatem
851 1829 931 1874 ves-

130 1906 220 1967 tram
235 1907 359 1969 attente
372 1924 555 1982 monemus,
566 1926 625 1987 per
634 1910 825 1987 Apostolica
838 1910 933 1972 vobis

132 2004 258 2081 scripta
274 2004 479 2078 mandantes,
497 2008 659 2084 quatenus
674 2008 780 2069 eidem
800 2008 933 2069 archie-

132 2101 272 2178 piscopo
295 2102 330 2162 in
351 2102 405 2174 iis,
423 2119 497 2180 quse
521 2104 556 2164 in
577 2104 736 2181 praedicta
755 2106 846 2167 terra
870 2106 933 2166 sibi

131 2198 212 2259 sunt
226 2199 268 2259 ab
280 2199 469 2276 apostolica
480 2201 565 2262 Sede
579 2217 750 2276 concessa,
765 2202 933 2282 tamquam

132 2296 270 2371 primati
282 2297 404 2369 vestro,
419 2314 459 2359 ac
482 2299 797 2375 apostolicaesedis
823 2301 932 2376 legato

130 2392 281 2454 debitum
296 2394 457 2456 bonorem
472 2398 504 2457 31
519 2397 741 2459 reverentiam
755 2398 932 2476 impenda-

131 2490 190 2560 tis,
231 2492 369 2567 ejusque
406 2492 595 2554 salubribus
634 2494 770 2557 monitis
812 2495 933 2557 curetis

131 2586 265 2660 devote,
282 2604 322 2650 ac
337 2588 508 2651 humiliter
520 2590 665 2653 obedire.

173 2686 248 2747 Dat.
264 2686 420 2748 Laterani
435 2688 521 2749 Non.
536 2687 613 2749 Feb.
631 2705 719 2750 anno
731 2691 761 2750 2.

471 2901 608 2991 CXXV

132 3050 934 3129 Adcopttuium,ciercmetpopuiomPisouoin.

443 3181 531 3241 iileb.
548 3185 627 3243 1218.

184 3305 280 3370 [Codex
294 3306 475 3370 diplomaticus
486 3307 619 3368 Sardinia,
629 3313 648 3359 t.
659 3310 679 3370 l,
695 3325 720 3375 p.
733 3309 821 3373 sein.
834 3310 887 3377 ll]

133 3420 270 3479 Nolidusl
287 3423 429 3480 Honorius
438 3422 515 3495 quod
526 3422 651 3482 11333133
666 3426 805 3498 primatus
816 3434 845 3484 31
854 3427 934 3501 legs·

171 3509 260 3567 lionis
271 3511 302 3568 iu
314 3510 444 3569 Sardinia
456 3512 542 3572 Vilsli
554 3513 771 3587 archiepiscopo
783 3517 935 3573 concessit.

177 3645 362 3719 Honorius,
379 3646 455 3719 etc„
474 3647 632 3725 capitulo,
648 3648 749 3722 clero,
767 3650 799 3711 et
813 3650 936 3727 populo

134 3741 272 3804 Pisano.

174 3840 267 3911 Quod
283 3840 372 3902 circa
396 3842 582 3915 ecclesiam,
608 3844 641 3905 et
662 3843 831 3907 civitatem
854 3859 934 3906 ses·

132 3937 222 3999 tram
238 3937 411 4001 exhiberet
425 3941 548 4002 nostrae
563 3940 766 4002 sinceritatis
784 3941 934 4013 affectus,

131 4050 211 4095 nam
227 4035 349 4111 praeter
363 4036 442 4103 alia,
457 4036 491 4096 in
502 4037 622 4114 quibus
632 4054 691 4101 vos
706 4038 936 4117 multipliciter

133 4131 386 4205 honoravimus,
401 4136 440 4196 V.
458 4136 493 4194 F.
510 4136 551 4197 N.
568 4135 671 4197 Vitali
683 4136 936 4214 archiepiscopo

134 4231 247 4291 vestro
260 4231 486 4291 concessimus
497 4232 532 4292 in
540 4233 729 4305 Turritana‚
742 4233 934 4308 arborensi,

134 4326 381 4390 etCellaritana
391 4329 574 4405 provinciis
587 4330 760 4406 primatus,
774 4333 807 4394 et
819 4331 852 4392 in
862 4334 938 4392 Sar·

134 4424 228 4485 dinia
254 4424 431 4501 legationis
457 4425 613 4499 bonores,
640 4429 727 4490 sicut
749 4429 938 4506 praedeces·

133 4536 231 4583 rores
247 4523 352 4584 nostri
367 4524 516 4600 ejusdem
531 4524 778 4604 archiepiscopi
802 4526 936 4603 praede·

134 4619 326 4681 sessoribus
342 4624 589 4695 concesserunt,
600 4623 663 4685 etc.

459 4826 616 4913 CXXVI

170 4969 224 5029 Aci
235 4970 394 5041 priorem
405 4969 440 5030 ei
453 4968 660 5031 concentum
674 4971 914 5045 Colcpeaoiec.

448 5098 537 5157 dieb.
556 5099 635 5157 1118.

146 5226 150 5231 ’
178 5220 288 5285 [liegest.
301 5219 347 5271 lib.
361 5221 392 5280 11,
405 5220 480 5285 epist.
490 5221 546 5272 838.
559 5224 617 5273 1133.
628 5223 665 5273 Lu
676 5222 752 5273 Porto
760 5222 795 5274 du
805 5223 897 5289 Theti]

382 5334 537 5393 Confirmat
551 5336 688 5395 decimas.

177 5450 359 5523 Honorius,
376 5453 452 5524 etc,
467 5446 599 5515 dilectis
610 5454 689 5515 111113
699 5455 803 5532 priori
816 5457 848 5519 et
859 5472 940 5519 oon-

143 5549 259 5611 ventui
274 5550 511 5625 compendien.

1727 326 1787 385 oie

980 482 1038 543 ‘ier
1062 498 1169 556 espace
1197 499 1353 550 assensu,
1380 484 1416 545 ui
1444 482 1589 545 decimas
1617 484 1787 544 novalium

986 580 1202 641 existentium
1218 581 1305 642 inira
1321 581 1492 653 terminos,
1509 580 1677 658 inquibus
1691 582 1747 642 vet
1768 614 1787 626 -

986 692 1040 738 res
1054 678 1201 739 decimas
1217 678 1378 739 hactenus
1387 679 1593 756 percepistis,
1608 678 1703 740 vobis
1714 695 1788 756 per·

987 774 1098 851 cipere
1112 775 1221 847 liceat,
1238 778 1271 838 et
1287 792 1347 853 per
1367 793 1428 838 vos
1450 777 1653 837 monasterio
1674 780 1786 838 vestre

988 872 1184 934 auctoritate
1210 875 1423 951 praesentium
1444 874 1665 950 indulgemus.
1692 873 1785 935 Nulli

987 985 1066 1045 ergo
1087 972 1210 1033 nostrae
1226 971 1463 1051 concessionis,
1480 973 1543 1033 etc.
1561 973 1596 1032 Si
1616 972 1691 1048 quis
1719 987 1785 1033 au-

986 1068 1064 1139 tem,
1081 1069 1143 1129 eto.
1165 1069 1284 1130 Datum
1299 1070 1458 1132 Laterani
1472 1072 1589 1132 octavo
1609 1070 1683 1130 idus
1700 1069 1784 1130 febr.

987 1164 1199 1241 pontificatus
1214 1166 1320 1229 nostri
1333 1183 1420 1228 anno
1436 1168 1591 1230 secundo.

1301 1356 1475 1443 CXXVH

1026 1498 1078 1558 Ad
1098 1497 1240 1560 Vitciem
1254 1502 1547 1573 archiepiscopum
1564 1502 1745 1561 Pisonum.

1296 1622 1313 1678 8
1328 1619 1384 1678 leb.
1400 1622 1478 1679 liis.

1078 1734 1173 1799 [Codex
1185 1735 1365 1799 diplomaticus
1376 1736 1508 1799 Sardiniae,
1519 1743 1538 1787 t.
1555 1739 1575 1795 l,
1588 1752 1613 1801 p.
1625 1736 1693 1800 aaa]

1124 1842 1259 1901 Ecclesia
1275 1843 1386 1901 Pisauae
1401 1844 1551 1918 privilegia
1564 1845 1652 1902 auxit.

1028 1959 1195 2021 Honorius
1210 1976 1327 2022 servus
1342 1976 1514 2023 servorum
1527 1962 1596 2034 Dei,
1614 1962 1676 2024 etc.

1028 2056 1242 2132 Legationem
1266 2074 1396 2135 quoquo
1423 2058 1587 2120 Sardiniae
1613 2076 1632 2120 a
1659 2059 1790 2136 praede-

988 2168 1120 2215 cessere
1144 2155 1259 2217 nostro
1283 2170 1368 2232 papa
1394 2155 1538 2227 Urbano,
1565 2157 1790 2232 praedecesso-

987 2249 1080 2311 ribus
1103 2251 1170 2314 tuis
1195 2268 1406 2325 concessam,
1435 2254 1468 2313 et
1491 2253 1598 2314 ielicis
1620 2255 1789 2315 momoriae

989 2349 1174 2411 innocentii
1189 2350 1338 2420 secundi,
1355 2351 1506 2427 Eugenii,
1522 2352 1701 2423 Anastasii,
1719 2354 1789 2413 Coe·

988 2445 1118 2519 lestini,
1149 2448 1183 2509 et
1217 2449 1402 2510 innocentii
1428 2448 1536 2521 tertii,
1564 2452 1791 2511 Romanorum

989 2544 1197 2617 Pontificum,
1212 2545 1397 2622 privilegiis
1418 2547 1454 2607 in
1472 2548 1668 2623 perpetuum
1684 2547 1788 2609 robo-

988 2642 1107 2715 ratam,
1124 2642 1184 2703 tibi
1203 2643 1335 2720 tuisque
1350 2644 1599 2705 successoribus
1615 2646 1788 2722 praesentis

989 2739 1104 2816 scripti
1129 2741 1253 2817 pagina
1273 2741 1524 2814 confirmamus,
1552 2742 1586 2803 et
1609 2742 1790 2804 coufirma-

988 2836 1113 2897 tionem
1135 2836 1242 2913 ipsam
1264 2838 1382 2908 ratam,
1407 2839 1440 2901 et
1460 2839 1695 2901 inconcussam
1709 2855 1790 2916 per-

990 2934 1098 3009 petuis
1120 2934 1324 3012 temporibus
1348 2936 1557 2997 decernimus
1581 2952 1787 3015 permanere.

990 3032 1138 3108 Denique
1154 3034 1190 3094 ut
1205 3034 1328 3094 Pisana
1342 3034 1472 3106 civitas,
1499 3048 1572 3112 quae
1594 3033 1792 3096 133313333-

990 3129 1084 3190 lestis
1099 3130 1246 3191 numinis
1261 3131 1301 3191 de
1316 3131 1462 3192 inimicis
1485 3131 1665 3193 Christiani
1681 3133 1792 3192 nolui-

990 3226 1043 3287 313
1058 3227 1234 3325 victoriam
1249 3227 1441 3305 frequenter
1454 3229 1606 3301 obtinuit,
1630 3230 1792 3291 eteorum

991 3320 1091 3383 urbes
1105 3322 1265 3398 plurimas
1288 3322 1488 3400 subjugavit,
1515 3324 1657 3401 amplius
1679 3324 1789 3385 11333-

990 3421 1094 3489 retur,
1121 3434 1205 3495 33113
1234 3420 1310 3481 albo
1337 3437 1411 3481 cum
1438 3437 1522 3482 naco
1548 3421 1624 3483 albo
1651 3422 1685 3482 in
1709 3439 1791 3499 pro-

990 3513 1197 3578 cessionibus
1229 3516 1358 3589 utendi,
1392 3518 1425 3579 et
1451 3533 1600 3590 crucem,
1633 3519 1793 3579 vexillum

990 3612 1120 3674 scilicet
1150 3613 1370 3687 Dominicum,
1406 3631 1468 3692 per
1500 3614 1666 3692 subjectas
1698 3616 1793 3677 vobis

990 3709 1181 3786 provincias
1205 3710 1377 3787 portandi,
1405 3712 1467 3773 etc.
1493 3710 1612 3773 Datum
1637 3713 1792 3773 Laterani

991 3822 1051 3882 per
1065 3822 1200 3868 manum
1216 3808 1355 3869 Ranerii
1371 3810 1403 3868 S.
1419 3811 1458 3870 R.
1475 3811 1510 3868 E.
1525 3809 1794 3870 vicecancellarii

990 3906 1035 3967 VI
1053 3904 1128 3965 idus
1152 3903 1313 3966 februarii
1342 3905 1524 3967 indictione
1547 3908 1602 3978 Vl,
1629 3909 1792 3966 lucarna-

989 4002 1091 4063 tionis
1115 4001 1296 4064 Dominicae
1320 4018 1408 4064 anuo
1432 4002 1610 4064 millesimo
1632 4002 1793 4064 ducente-

991 4101 1074 4161 simo
1099 4100 1226 4161 decimo
1257 4100 1397 4178 septimo
1425 4099 1523 4180 (inita
1555 4101 1682 4163 scilicet
1711 4103 1792 4162 anni

992 4198 1123 4259 ratione
1136 4214 1155 4260 a
1167 4199 1251 4260 13313
1264 4201 1537 4261 Α33113113113313
1554 4199 1633 4280 die).
1651 4200 1791 4262 Pontid-

992 4299 1086 4358 catus
1102 4313 1181 4358 vero
1192 4296 1317 4360 domiui
1328 4298 1467 4360 Honorii
1483 4301 1582 4377 Papae
1597 4298 1688 4360 tertii
1702 4314 1791 4360 anno

992 4394 1149 4457 secundo.

1293 4530 1490 4616 GXXVHI

990 4681 1043 4739 ho
1056 4682 1328 4754 archiepiscopos
1346 4680 1379 4740 et
1399 4683 1573 4754 episcopos
1590 4684 1625 4741 ic
1644 4694 1791 4753 qlioi'lilll

1031 4780 1229 4839 dioecesiblcs
1249 4778 1331 4838 solit
1356 4780 1476 4838 dolciis
1491 4781 1625 4839 ordinis
1645 4779 1792 4840 Cortic-

1030 4876 1167 4935 31311313.

1298 4948 1384 5008 eleb.
1403 4950 1482 5007 1118.

1202 5064 1278 5126 [11311.
1290 5065 1374 5125 Rom,
1386 5071 1405 5115 t.
1419 5065 1461 5124 lll,
1474 5081 1500 5130 p.
1515 5066 1582 5132 leh]

992 5169 1072 5242 Quod
1087 5170 1188 5229 iratres
1206 5171 1313 5229 ordinis
1327 5172 1506 5231 carthusien.
1523 5171 1558 5231 ab
1573 5188 1672 5232 eorum
1691 5175 1789 5231 solitu·

1028 5259 1094 5318 dine
1116 5275 1166 5334 per
1189 5261 1335 5319 nemiuem
1358 5260 1564 5331 distrabantur,
1592 5264 1637 5320 vel
1665 5265 1790 5320 testimo·

1028 5349 1107 5405 ulum
1140 5348 1229 5420 13113,
1256 5349 1488 5422 iuramentumve
1518 5351 1669 5408 calumniae
1697 5351 1793 5409 subire

1028 5438 1247 5511 compellantur.

1032 5556 1200 5617 Honorius
1215 5555 1400 5634 episcopus,
1411 5572 1527 5618 servus
1537 5571 1710 5618 servorum
1719 5558 1790 5631 Dei,

178 5647 272 5708 Solet
289 5662 439 5709 annuere
453 5663 560 5722 usorce
575 5649 750 5727 impertiri.
776 5653 822 5713 Ea
838 5668 941 5729 prop-
993 5651 1240 5714 venerabllibus
1271 5652 1429 5716 iratribus
1464 5653 1725 5730 archiepiscopis
1760 5659 1793 5718 et
