3982 6196
205 265 265 325 583
824 265 998 328 HONORII
1021 265 1064 326 111
1088 264 1234 327 OPERA.
1801 269 1860 328 584

150 478 153 485 .
206 423 308 487 tionis
324 423 517 502 scrupulum
540 422 743 487 relabantur.
769 426 875 497 Quum
898 425 1002 502 igitur
1415 434 1505 521 (ΠΗ

206 523 356 601 questio,
366 539 439 601 quaa
452 522 607 584 intervos
620 537 663 584 ex
673 523 767 600 parte
779 539 846 585 una
856 524 889 585 et
897 538 1001 585 vene-

204 619 343 683 rabilem
353 621 490 682 fratrem
501 622 691 682 nostrum...
705 621 897 699 episcopum
915 620 999 682 Lin·
1397 695 1403 707 .

201 733 323 794 gonen.
349 718 389 779 de
410 733 550 779 assensu
576 717 712 795 capituli
739 719 791 780 sui
814 733 858 780 ex
880 718 996 791 altera,
1347 696 1378 753 ¹¹
1392 710 1454 769 1⁸⁰·
1467 697 1546 754 ¹²¹⁸·

1080 579 1133 636 Ad
1148 577 1368 649 :ildefonsum
1381 576 1681 652 Portuoallenaem
1695 592 1828 653 repam.

203 830 305 891 super
335 814 552 892 subjectione,
580 831 677 892 quam
705 816 793 877 idem
825 816 1000 894 episcopus
1055 810 1204 874 malianum
1217 811 1371 867 namnum,
1387 808 1427 859 ⁰⁶·
1445 809 1686 876 raurini‚a1n,p.
1697 810 1755 869 330,
1767 827 1793 862 ¹²·
1806 814 1859 878 ra]

203 912 358 989 exigebat
382 929 402 974 a
423 913 535 974 vestro
563 913 775 986 monasterio,
796 912 998 982 vertebatur,
1054 925 1235 1000 Portugsuie
1247 939 1308 994 rex,
1323 925 1442 998 ejusque
1454 924 1593 996 heredes,
1610 933 1638 983 et
1659 941 1782 1001 regnum
1804 929 1859 985 sub

201 1011 369 1074 mediante
383 1009 568 1072 venerabili
579 1009 682 1072 tratre
703 1012 818 1073 nostro
837 1011 997 1073 Albanen.
1089 1014 1260 1086 apostolica
1280 1013 1362 1071 sedis
1380 1014 1556 1087 protectione
1570 1016 1859 1088 susdpluotur,.cum

200 1108 431 1188 episcoposibi
444 1108 546 1171 abbas
560 1123 600 1170 ac
618 1110 648 1171 J.
670 1106 831 1171 monacho
854 1123 1000 1172 conven-
1088 1100 1471 1160 mluuoneeensusouamm
1485 1104 1859 1178 mamammanrisineulis

200 1208 254 1269 tus
269 1208 417 1284 ejusdem
432 1205 637 1277 monasterii,
654 1207 688 1269 et
701 1206 861 1282 magistro
882 1208 937 1267 W.
958 1205 999 1267 de
1088 1190 1183 1248 “⁰⁰5⁸-

202 1305 361 1367 Bormont
388 1304 468 1366 dicti
500 1304 684 1379 Lingonen.
715 1303 996 1380 procuratoribus,
1092 1308 1259 1370 Honorius
1274 1308 1448 1385 episcopus
1465 1323 1581 1370 servus
1596 1323 1769 1370 servorum
1780 1311 1853 1381 Dei,

201 1403 353 1464 auditore
365 1417 534 1473 concesso,
547 1400 622 1478 post
632 1400 754 1462 multas
766 1401 998 1463 altercationes
1053 1404 1226 1469 carissimo
1248 1404 1282 1466 in
1302 1404 1432 1467 Christo
1447 1404 1516 1466 illio
1530 1404 1709 1467 aldefonso
1728 1405 1855 1468 illustri

200 1498 241 1560 de
274 1499 428 1560 mandato
463 1498 560 1560 bonae
604 1498 775 1559 memorie
812 1497 998 1560 innocentii
1053 1502 1300 1579 Portugallensi
1324 1503 1407 1579 regi,
1435 1505 1572 1581 ejusque
1598 1502 1791 1564 haeredibus
1818 1504 1853 1565 in

199 1612 295 1674 papae
310 1595 565 1673 praedecessoris
579 1596 685 1657 nostri
705 1595 767 1656 tali
788 1594 888 1657 luerit
907 1611 999 1656 oom-
1053 1602 1263 1677 perpetuum,
1293 1600 1435 1661 salutem
1460 1602 1493 1662 et
1513 1600 1729 1677 apostolicam
1753 1600 1858 1663 bene-

200 1693 365 1772 positione
380 1693 499 1770 sopita,
516 1694 553 1754 ut
576 1692 732 1755 uidelicet
753 1708 819 1754 non
848 1691 999 1755 obstante
1055 1698 1244 1759 dictionem.

199 1791 375 1879 sententia,
393 1806 528 1867 quam...
546 1789 649 1850 abhas
668 1790 778 1851 sancti
803 1789 951 1851 Memmii
965 1794 1000 1852 et
1093 1793 1279 1857 Manifestis
1294 1793 1469 1873 probatum
1477 1795 1527 1858 est
1535 1794 1753 1871 argumentis,
1766 1796 1854 1873 quod

199 1887 389 1965 conjudices
417 1890 490 1964 eJ'us
523 1886 761 1949 cathalaunen.
790 1886 933 1962 delegati
956 1886 998 1948 ab
1053 1906 1113 1969 per
1126 1892 1265 1954 sudores
1278 1891 1427 1964 bellicos,
1445 1892 1478 1954 et
1491 1892 1674 1954 certamina
1695 1892 1856 1953 militaria

200 1986 315 2047 eodem
351 1984 597 2061 praedecessore
628 1985 743 2046 nostro
777 1986 894 2046 contra
927 1983 1000 2045 dic-
1053 1988 1265 2051 inimicorum
1292 1989 1467 2051 christiani
1495 1988 1642 2050 nominis
1666 1989 1857 2066 intrepidus

200 2084 271 2146 tum
281 2081 999 2160 monasteriumprotulerunt3monasterium
1053 2087 1253 2165 extirpator,
1290 2087 1324 2148 et
1362 2087 1564 2164 propagator
1595 2085 1740 2162 diligens
1777 2086 1858 2148 fidei

200 2180 310 2257 ipsum
346 2195 449 2257 super
492 2182 586 2256 cuius
627 2178 780 2241 libertate
823 2179 999 2256 privilegia
1053 2183 1257 2258 christianae,
1280 2185 1367 2246 siout
1393 2184 1501 2245 bonus
1525 2182 1633 2256 filius,
1649 2184 1684 2246 et
1697 2184 1856 2262 princeps

202 2282 427 2340 Romanorum
451 2277 650 2339 Pontificum
675 2276 810 2339 fuerunt
837 2276 997 2349 exhibita,
1055 2281 1238 2343 catholicus
1264 2281 1458 2344 multimoda
1480 2280 1640 2359 obsequia
1663 2282 1765 2343 matri
1788 2282 1859 2344 tuae

202 2378 271 2438 tam
290 2390 403 2437 coram
431 2374 589 2452 praedicto
613 2372 859 2452 predecessore
887 2375 1000 2435 nostro
1054 2380 1277 2443 sacrosanctae
1303 2379 1460 2441 Ecclesiae
1488 2378 1690 2455 impendisti,
1719 2377 1858 2454 dignum

204 2489 302 2551 quam
336 2471 437 2534 etiam
483 2486 595 2533 coram
637 2472 788 2533 auditore
825 2470 998 2549 predicto,
1055 2476 1213 2537 memoria
1245 2490 1384 2547 nomen,
1415 2475 1449 2537 et
1474 2475 1662 2552 exemplum
1695 2474 1862 2536 imitabile

202 2571 245 2632 ab
267 2570 357 2632 omni
379 2569 615 2647 iurisdictione
643 2569 826 2644 Lingonen.
853 2568 999 2646 episcopi
1055 2572 1196 2650 posteris
1220 2573 1466 2650 derelinquens.
1489 2574 1634 2649 AEquum
1662 2572 1860 2645 astantem,

204 2671 363 2747 quantum
384 2667 426 2729 ad
457 2667 567 2743 caput,
585 2666 740 2728 videlicet
762 2666 1001 2728 monasterium
1055 2671 1093 2731 ut
1112 2686 1194 2748 quos
1210 2668 1250 2730 ad
1270 2669 1431 2745 regimen,
1456 2669 1490 2730 el
1515 2669 1656 2731 salutem
1680 2669 1796 2746 populi
1815 2668 1862 2731 ab

206 2767 342 2828 omnino
364 2765 507 2826 liberum
519 2766 553 2826 et
566 2765 755 2842 exemptum
774 2764 837 2826 soli
851 2766 1001 2826 Romano
1057 2767 1124 2830 alto
1150 2767 1353 2844 dispensatio
1374 2766 1520 2829 coelestis
1537 2765 1650 2842 elegit,
1665 2766 1860 2842 Apostolica

205 2863 361 2927 Pontifici
390 2862 425 2924 in
449 2861 687 2939 temporalibus
714 2863 747 2923 et
772 2859 1002 2938 spiritualibus
1058 2864 1161 2926 Sedes
1175 2864 1352 2926 affectione
1365 2865 1496 2925 sincera
1515 2863 1644 2940 diligat,
1660 2863 1744 2924 etin
1757 2864 1861 2942 justis

205 2963 250 3025 sit
275 2960 473 3038 subjectum
498 2958 546 3020 ita
571 2960 682 3020 tamen
706 2958 792 3035 quod
816 2958 913 3019 annis
931 2958 1003 3018 sin·
1056 2960 1335 3039 postulationibus
1345 2960 1477 3022 studeat
1487 2959 1669 3023 efficaciter
1680 2960 1856 3022 emudire.

206 3060 294 3134 gulis
326 3058 362 3118 in
394 3056 577 3119 crastinum
610 3054 857 3116 purificationis
891 3055 1002 3116 Beate
1058 3059 1201 3120 Proinde
1212 3074 1272 3120 nos
1283 3057 1672 3135 attendentespersonam
1682 3059 1859 3135 tuampru-

205 3156 323 3218 Mariae
339 3155 405 3232 ipsi
420 3154 602 3229 Lingonen.
626 3153 782 3229 episcopo
808 3167 848 3214 ac
869 3168 1004 3213 succes-
1057 3155 1169 3217 dentia
1198 3156 1359 3227 ornatam,
1382 3154 1514 3232 justitia
1540 3154 1734 3232 praeditam,
1760 3156 1862 3232 atque

206 3252 337 3314 soribus
363 3251 432 3312 suis
449 3265 569 3312 novem
594 3249 698 3312 libras
722 3251 863 3312 moneta
887 3249 1003 3310 Divio-
1058 3253 1098 3315 ad
1113 3252 1227 3330 populi
1241 3253 1391 3328 regimen
1405 3251 1570 3323 idoneam,
1584 3266 1670 3322 eam,
1680 3251 1723 3312 ad
1739 3266 1860 3313 exem-

205 3367 280 3412 nen.
293 3350 426 3411 nomine
437 3348 690 3425 procurationis,
708 3349 745 3410 ut
751 3348 884 3425 justitia
905 3346 1003 3411 vobis
1059 3351 1133 3428 plar
1147 3349 1254 3411 felicis
1268 3348 1510 3411 recordationis
1524 3347 1719 3420 Alexandri,
1736 3351 1771 3411 et
1783 3348 1862 3409 Gle-

208 3448 406 3511 exhiheatur
420 3445 536 3508 contra
554 3445 785 3508 malefactores
795 3446 1005 3523 restrosple-
1059 3448 1179 3509 mentis
1195 3447 1475 3525 praedecessorum
1490 3450 1692 3516 nostrorum,
1716 3445 1863 3508 Pontid-

208 3546 284 3607 nius
299 3545 332 3606 et
343 3543 526 3621 promptius
538 3541 714 3605 abeisdem
726 3543 1004 3617 exsolvat,donec
1059 3561 1134 3608 cum
1154 3547 1389 3616 Romanorum,
1407 3543 1467 3604 sub
1482 3543 1570 3605 beati
1591 3542 1681 3604 Petri
1697 3542 1732 3605 et
1746 3544 1862 3604 nostm

206 3642 335 3707 tantum
363 3640 512 3703 redditus
540 3641 605 3718 ipsi
633 3641 798 3718 episcopo,
825 3642 879 3702 vel
902 3641 1003 3702 alicui
1059 3642 1264 3721 protectione
1278 3639 1488 3719 suscipimus,
1497 3642 1677 3716 etregnum
1688 3641 1865 3716 Portugal-

209 3755 438 3802 successorum
467 3754 603 3800 suorum
634 3736 675 3799 ab
700 3737 774 3815 ipso
801 3738 1004 3800 monasterio
1058 3740 1113 3803 liae
1128 3756 1203 3802 cum
1215 3739 1404 3815 integritate
1421 3736 1558 3800 honoris
1586 3736 1683 3814 regni
1698 3738 1733 3800 et
1750 3737 1864 3814 digui-

208 3839 309 3900 ruerit
321 3835 543 3913 assignatum,
553 3834 640 3897 unde
652 3834 758 3897 dictas
774 3851 891 3897 novem
902 3835 1004 3899 libras
1057 3838 1137 3911 tate,
1152 3853 1226 3916 quae
1238 3837 1279 3898 ad
1289 3846 1384 3914 reges
1399 3834 1552 3913 pertinet,
1565 3849 1693 3896 necnon
1704 3836 1739 3897 et
1749 3834 1861 3896 omnia

207 3937 335 4012 integre
349 3935 460 3996 valeat
474 3934 645 4011 percipere
660 3933 1004 4006 annuatimvelalios
1058 3936 1143 4011 loca,
1169 3951 1243 4013 quae
1268 3950 1344 3996 cum
1372 3933 1501 3994 auxilio
1515 3932 1660 3993 coelestis
1679 3933 1798 4007 gratiae
1818 3931 1862 3993 de

208 4049 283 4095 cum
295 4048 461 4094 consensu
485 4030 623 4108 capituli
646 4029 829 4105 Lingones.
856 4031 1005 4108 plenarie
1061 4036 1301 4094 Saracenorum
1317 4029 1470 4091 manibus
1489 4028 1665 4105 eripueris,
1682 4028 1719 4090 in
1737 4027 1860 4107 quibus

208 4129 424 4200 satisfactum,
449 4142 610 4205 expresso
639 4128 676 4188 ut
698 4127 726 4187 si
756 4128 844 4189 dicta
872 4129 1005 4190 moneta
1055 4134 1112 4209 jus
1138 4129 1202 4191 sibi
1231 4144 1297 4191 non
1323 4129 1462 4205 possunt
1488 4126 1665 4188 christiani
1693 4126 1864 4202 principes

208 4225 296 4288 iacta
310 4225 410 4287 vilior
431 4240 491 4286 seu
506 4223 617 4285 carior
640 4238 774 4285 cursum
802 4225 1006 4304 relinqueret
1059 4225 1288 4304 circumpositi
1316 4225 1513 4297 vendicare,
1546 4222 1761 4284 Excellentiae
1795 4224 1866 4284 tuae

209 4324 415 4395 consuetum,
440 4321 484 4383 ad
510 4319 661 4384 valorem
687 4320 722 4381 in
749 4337 814 4399 qua
842 4324 914 4385 erat
931 4322 1005 4400 ipsa
1059 4323 1281 4395 concedimus,
1297 4323 1332 4385 et
1353 4319 1552 4383 auctoritate
1569 4319 1763 4397 Apostolica
1779 4334 1866 4381 cou-

209 4422 344 4483 moneta
364 4420 512 4496 tempore
536 4416 785 4495 compositionis
815 4417 1005 4497 hujusmodi
1060 4421 1242 4483 firmamus.
1257 4421 1300 4481 Ut
1314 4421 1424 4482 autem
1440 4418 1480 4479 ad
1496 4416 1718 4488 devotionem,
1739 4417 1774 4477 et
1797 4413 1865 4477 ob-

209 4521 323 4581 derem
349 4518 383 4579 et
413 4517 486 4578 octo
513 4513 660 4577 denariis
680 4513 827 4593 ejusdem
852 4518 1004 4590 monetae,
1060 4517 1212 4596 sequium
1231 4516 1321 4580 beati
1335 4516 1427 4579 Petri
1450 4514 1676 4593 apostolorum
1702 4512 1866 4590 principis

209 4616 367 4679 videlicet
384 4629 444 4691 pro
471 4610 644 4675 duodecim
659 4610 852 4673 Pruvinien.
867 4615 1004 4677 Trecen.
1061 4618 1094 4677 et
1108 4615 1328 4677 sacrosanctae
1344 4616 1501 4675 Romanae
1512 4610 1670 4673 Ecclesia
1680 4609 1880 4673 vehemen-

211 4713 421 4791 oomputatis,
436 4711 494 4771 liat
506 4710 628 4771 solutio
643 4709 793 4787 pecuniae
804 4712 1005 4773 memoratae.
1061 4713 1128 4775 tius
1147 4711 1352 4783 accendaris,
1369 4710 1441 4772 haec
1455 4710 1529 4787 ipsa
1543 4706 1693 4787 praefatis
1713 4707 1862 4769 heredi-

210 4812 281 4874 Nos
293 4809 413 4872 vestris
430 4806 583 4886 precibus
610 4806 764 4868 inclinati
774 4806 816 4869 ad
837 4809 1008 4885 exemplar
1061 4810 1122 4872 bus
1134 4810 1200 4872 tuis
1215 4809 1370 4869 duximus
1383 4805 1605 4878 concedenda,
1620 4819 1747 4882 eosque
1764 4819 1866 4881 super

212 4908 362 4987 ejusdem
386 4903 640 4983 praedecessoris
661 4904 768 4966 nostri
791 4905 1007 4983 compositio·
1062 4908 1116 4981 iis,
1142 4922 1215 4985 quae
1242 4920 1400 4968 concessa
1420 4905 1508 4976 suut,
1534 4905 1603 4965 Deo
1624 4902 1782 4980 propitio,
1804 4918 1866 4979 pro

212 5023 289 5068 nem
302 5003 451 5066 eamdem
466 5002 664 5064 auctoritate
676 5002 865 5079 apostolica
881 5003 1007 5064 contir-
1062 5004 1211 5083 injuncto
1230 5002 1326 5064 nobis
1341 5000 1554 5080 Apostolatus
1573 4997 1686 5061 cilicio
1706 4997 1870 5059 deiende-

213 5118 342 5165 mamus
355 5103 388 5162 et
399 5100 573 5178 praesentis
586 5100 702 5177 scripti
717 5100 901 5177 patrocinio
918 5117 1010 5164 com·
1062 5119 1147 5165 mus.
1176 5103 1246 5162 Tua
1270 5102 1381 5177 itaqua
1396 5098 1559 5169 intererit,
1584 5095 1635 5157 illi
1648 5094 1862 5166 charissime,

213 5201 391 5263 munimus.
405 5197 497 5259 Nulli
507 5212 598 5274 ergo,
610 5199 686 5270 etc,
700 5200 821 5260 nostrae
832 5196 1010 5260 conflrma—
1064 5200 1110 5262 ita
1120 5199 1210 5260 circa
1224 5198 1396 5269 bonorem,
1406 5198 1439 5259 et
1451 5193 1644 5271 obsequium
1660 5193 1778 5254 matris
1794 5194 1863 5253 tuae

212 5299 326 5370 tionis,
341 5300 403 5359 etc.
420 5296 454 5356 Si
471 5294 544 5373 quis
559 5295 680 5364 atatem,
697 5295 759 5355 etc.
776 5297 895 5357 Datum
911 5298 1012 5357 Late·
1065 5296 1286 5359 sacrosanctae
1298 5296 1458 5357 Romanae
1472 5290 1631 5353 Ecclesiae
1643 5289 1819 5362 humilem,
1835 5294 1871 5351 et

213 5397 289 5457 rani
302 5391 556 5472 nonisjanuarii
569 5391 779 5471 pontificatus
798 5395 904 5455 nostri
922 5408 1010 5455 anno
1065 5393 1218 5456 devotum
1238 5391 1394 5463 existere,
1419 5390 1453 5451 et
1475 5389 1524 5451 sic
1548 5389 1581 5451 te
1605 5386 1716 5464 ipsum
1738 5386 1775 5447 in
1793 5389 1872 5465 ejus

217 5492 372 5553 secundo.
1066 5489 1376 5569 opportunitatibus,
1407 5489 1440 5549 et
1465 5482 1644 5548 dilatandis
1668 5483 1872 5545 christianae

1066 5588 1142 5649 lidei
1171 5587 1291 5650 linibus
1320 5600 1487 5657 exercere,
1506 5583 1542 5644 ut
1556 5581 1595 5642 de
1609 5583 1679 5642 tam
1701 5581 1823 5642 devoto
1837 5583 1872 5641 el
