3928 6200
178 299 238 359 427
740 295 917 358 HONORII
942 294 1068 359 PAPAE
1090 298 1135 359 111
1155 298 1265 359 VITA.
1768 305 1838 364 428

177 457 257 519 Erat
271 458 342 518 tum
359 472 474 518 eorum
497 454 673 532 epIscopus
693 453 879 529 Uldaricus,
898 457 979 519 Dio-
1032 456 1126 534 impii
1151 457 1302 520 homines
1330 456 1366 518 ln
1395 455 1491 518 illum
1516 458 1754 536 conspirarunt
1768 458 1835 542 (3).

177 554 266 631 paldi
297 554 472 631 Bergensis
498 546 628 614 comitis
654 551 761 628 lilius;
786 553 814 615 is
837 568 897 631 pro
916 570 977 616 suo
1032 555 1213 633 Propterea
1227 555 1395 617 Honorius
1414 554 1454 616 de
1466 558 1539 633 ejus
1550 572 1632 618 nece
1642 557 1837 620 hahendam

178 668 328 723 munere,
341 654 376 713 111
390 668 458 712 rem
468 666 598 711 omnem
614 649 813 722 absolveret,
830 651 976 713 Pataviae
1032 653 1248 728 questionem
1263 653 1403 723 censuit,
1420 655 1624 730 Romamque
1638 671 1743 732 usque
1757 658 1837 718 tes·

178 751 361 824 cogendum
376 748 537 825 synodum
552 748 692 820 curavit,
710 748 764 809 cui
778 748 977 825 Apostolicae
1031 750 1082 810 tes
1097 749 1264 826 proticisci
1274 749 1387 827 jussit,
1399 751 1435 811 ut
1447 750 1586 811 liberius
1596 767 1670 827 qnae
1680 755 1837 827 nossent,

181 846 274 907 Sedis
295 846 396 921 legati
422 845 653 922 praesiderunt,
682 845 915 923 decretumque
941 847 977 907 in
1032 848 1238 923 exponerent
1249 844 1309 926 (4).

178 958 217 1005 ea
232 944 292 1013 est,
310 943 347 1003 ut
370 944 518 1004 omnium
542 944 707 1004 fructuum
731 944 891 1005 vicesima
909 946 978 1005 lto-
1071 943 1283 1021 Fungebatur
1305 946 1416 1006 autem
1437 945 1507 1007 tum
1521 945 1714 1022 apostolicae
1736 946 1838 1009 Sedis

177 1059 264 1103 mam
292 1057 351 1119 per
375 1041 557 1102 triennium
581 1042 776 1113 afferretur,
800 1042 975 1118 quodcum
1031 1042 1164 1102 nomine
1191 1040 1227 1102 in
1261 1042 1438 1103 Germania
1464 1043 1630 1118 legatione
1657 1045 1838 1106 conradus

177 1139 377 1202 absolvisset
411 1138 671 1216 perfecissetque
708 1140 882 1216 episcopus
905 1139 976 1216 ipse
1031 1139 1199 1215 Egimonis
1221 1139 1417 1202 Portuensis
1440 1140 1616 1218 episcopus
1635 1141 1836 1203 cardinalis.

176 1253 307 1314 quoque
331 1236 535 1297 militaturus
559 1238 626 1297 Deo
650 1236 686 1296 in
699 1235 912 1299 Palaestinam
927 1238 977 1297 est
1032 1238 1062 1296 ls
1081 1235 1185 1312 igitur
1207 1235 1294 1313 apud
1314 1237 1519 1313 Maguntiam
1538 1239 1654 1300 coacta
1668 1238 1837 1316 trequen-

177 1334 344 1411 prolectus
370 1332 532 1413 (Metron.
551 1336 683 1402 salisb,
701 1335 816 1395 Patav.
834 1336 890 1411 Ep.
907 1332 975 1411 41.)
1031 1332 1160 1394 tissima
1187 1332 1324 1411 synodo,
1354 1348 1466 1395 coram
1495 1334 1651 1397 Patribus
1676 1335 1838 1397 omnibus

216 1435 402 1509 Tergensee
424 1447 554 1509 quoque
569 1432 771 1493 monasterio
783 1432 820 1492 in
833 1431 976 1493 Bauaria
1031 1445 1146 1492 necem
1153 1432 1266 1492 Sancti
1276 1431 1422 1509 episcopi
1431 1432 1836 1510 Engelh0rtideploravit3

177 1547 252 1592 cnm
268 1531 318 1590 illi
333 1529 527 1608 praesideret
542 1528 671 1591 abbatis
687 1529 784 1591 titulo
799 1530 974 1602 Henricus,
1031 1528 1237 1606 quemetiam
1250 1531 1424 1606 postquam
1439 1530 1552 1591 multis
1561 1531 1727 1593 encomiis
1738 1547 1840 1608 pero·

176 1628 218 1689 ab
234 1627 382 1689 Honorio
398 1628 497 1689 tertio
519 1626 780 1703 privilegiorum,
798 1642 870 1704 quae
886 1642 976 1703 prae·
1031 1642 1110 1687 rans
1122 1626 1395 1699 commendasset,
1411 1626 1544 1688 tandem
1559 1628 1595 1688 in
1616 1628 1841 1690 Fredericum

177 1727 368 1787 decessores
395 1724 573 1786 Pontifices
608 1724 865 1796 concessissent,
896 1740 978 1785 con·
1031 1725 1184 1785 comitem
1207 1724 1344 1785 sceleris
1370 1726 1541 1786 auctorem
1559 1725 1738 1787 anathema
1753 1739 1841 1802 pro-

176 1823 399 1884 iirmationem
425 1821 590 1885 exaravit.
619 1821 781 1902 (metrop.
797 1824 917 1885 salisb.
940 1822 975 1883 in
1032 1822 1209 1883 nuntiavit
1234 1820 1298 1882 Sed
1324 1823 1357 1884 61
1385 1822 1420 1883 in
1444 1822 1633 1899 complices,
1654 1823 1835 1884 conscios-

177 1923 364 1996 Tergensee
379 1917 609 1995 monasterio.)
1032 1934 1095 1996 que
1121 1934 1246 1991 omnes,
1272 1936 1311 1981 ac
1336 1920 1471 1997 eosqui
1497 1920 1564 1980 illis
1585 1922 1644 1981 aut
1671 1920 1842 1998 deinceps

217 2018 328 2079 Bremi
341 2024 481 2094 quoque,
495 2016 665 2078 obsidibus
678 2015 775 2088 datis,
793 2015 978 2092 desponde·
1031 2016 1100 2076 ullo
1123 2017 1258 2078 nomine
1283 2019 1576 2089 communicarent,
1588 2017 1756 2095 jussitque
1772 2034 1836 2095 per

175 2115 254 2177 runt
293 2130 329 2175 se
367 2115 402 2175 in
437 2115 502 2175 fide
529 2114 562 2176 et
596 2113 784 2176 obedientia
819 2118 976 2176 Romanae
1032 2129 1145 2175 omnes
1160 2131 1230 2176 suat
1248 2114 1438 2191 legationis
1464 2115 1664 2192 provincias,
1685 2117 1841 2192 Magun-

176 2213 333 2274 Ecclesiae
344 2213 503 2289 perpetuo
522 2212 661 2283 futuros,
672 2215 817 2288 juraque
828 2212 976 2288 ejusdem
1031 2212 1135 2272 11116111
1156 2213 1294 2284 scilicet,
1316 2212 1557 2284 coloniensem,
1577 2216 1834 2286 Treverensem,

174 2310 334 2372 Ecclesiae
349 2309 502 2371 omnibus
517 2309 605 2370 ulnis
618 2308 846 2384 amplexantes
862 2324 978 2369 serva·
1030 2311 1253 2382 Bremensem‚
1270 2326 1310 2371 ac
1320 2310 1650 2387 Magdeburgensem.
1666 2312 1703 2372 ut
1713 2311 1843 2372 Eccle-
1953 2324 1954 2329 ’

174 2408 281 2480 turos,
297 2409 415 2484 utpote
432 2423 517 2484 quas
537 2406 666 2482 magnis
691 2406 806 2466 eadem
826 2408 976 2468 Romana
1032 2407 1092 2468 siis
1105 2407 1257 2469 omnibus
1272 2407 1444 2469 Dominica
1459 2407 1678 2485 qualibetdie,
1690 2408 1838 2469 lumini-

177 2505 278 2565 Sedes
285 2507 363 2566 tunc
371 2520 500 2582 quoque
508 2519 626 2565 recens
635 2502 793 2564 affecerat
804 2502 976 2564 beneflciis
1031 2503 1092 2565 hus
1102 2504 1138 2564 in
1150 2504 1401 2566 detestationem
1412 2505 1550 2567 sceleris
1563 2506 1731 2578 extinctis,
1746 2522 1838 2567 ana-

182 2600 406 2681 (Joannetus).
1031 2601 1141 2664 thema
1164 2601 1283 2679 ubique
1311 2603 1535 2677 evulgaretur.
1560 2605 1599 2664 ln
1625 2603 1699 2680 ipsa
1726 2603 1837 2679 igitur

216 2699 431 2762 colonienses
441 2699 540 2761 rebus
552 2698 704 2777 plurimis
715 2698 863 2760 Honorio
878 2697 977 2760 obse-
1031 2699 1156 2776 synodo
1176 2703 1334 2763 exoratus
1347 2702 1399 2762 est
1412 2703 1566 2776 Legatos,
1580 2701 1617 2762 111
1630 2701 1837 2763 Theoderici

177 2797 245 2859 cuti
255 2799 337 2859 sunt
350 2819 358 2873 3
382 2798 497 2874 ejectis
517 2797 605 2858 enim
622 2795 811 2874 Apostolica
826 2795 975 2857 auctori·
1031 2796 1302 2858 monasteriensis
1313 2797 1471 2873 episcopi,
1485 2800 1518 2859 et
1533 2797 1722 2873 Hngelherti
1731 2798 1836 2861 electi

176 2896 244 2956 tate
261 2896 328 2956 tum
343 2895 560 2967 Theoderico,
574 2897 643 2955 tum
665 2892 815 2970 Adelpho
836 2893 975 2953 intrusis
1031 2893 1294 2970 osnaburgensis
1304 2910 1537 2970 germanorum
1551 2893 1691 2956 fratrum
1704 2895 1834 2957 Fride-

177 2992 449 3069 archiepiscopis,
466 3008 566 3069 quum
584 2991 635 3069 (ut
652 2991 685 3051 in
711 2990 903 3051 Innocentio
919 2989 974 3051 di·
1030 2991 1093 3053 rici
1108 2992 1238 3053 comitis
1248 2992 1423 3069 parricidae
1435 2991 1553 3053 litterae
1561 2991 1833 3055 admitterentur.

176 3088 302 3169 ximus)
330 3088 563 3165 Engelhertnm
598 3087 793 3163 elegissent,
821 3086 974 3147 defuncto
1029 3089 1254 3150 Theudoricus
1269 3089 1390 3152 etenim
1405 3090 1623 3166 purgaturum
1637 3105 1674 3150 se
1696 3090 1837 3153 tantoe

178 3187 382 3258 Innocentio,
408 3185 577 3247 Honorius
603 3184 888 3246 confirmationem
914 3183 977 3244 ad·
1030 3187 1156 3247 scelere
1167 3186 1423 3250 contestabatur.
1435 3186 1653 3262 Engelhertns
1666 3202 1748 3249 vero
1761 3203 1835 3249 non

177 3284 279 3355 misit,
303 3282 494 3359 apostolica
513 3282 679 3359 legatione
698 3281 855 3358 fungente
877 3281 975 3343 Petro
1031 3284 1127 3347 modo
1142 3300 1178 3345 se
1193 3283 1333 3345 crimine
1355 3283 1414 3346 illo
1433 3284 1612 3345 immunem
1629 3299 1704 3345 esse
1730 3284 1833 3346 astir-

177 3382 307 3442 Sanctae
319 3380 537 3442 pudentianae
556 3378 719 3441 cardinali
729 3379 817 3456 apud
830 3380 976 3440 Nurem-
1030 3380 1151 3454 mahat,
1178 3382 1257 3458 quin
1283 3397 1319 3443 se
1345 3382 1381 3442 in
1406 3381 1597 3458 episcopum
1624 3383 1832 3454 consecrari,

175 3476 327 3552 burgum,
358 3477 415 3539 ubi
440 3476 628 3539 Fridericus
650 3478 834 3553 imperator
860 3475 974 3537 habito
1030 3479 1213 3555 apostolica
1227 3479 1424 3541 auctoritate
1439 3479 1539 3541 etiam
1554 3479 1704 3555 rogabat
1721 3482 1835 3555 Lega-

175 3575 360 3651 principum
385 3576 561 3647 conventu,
583 3574 773 3651 hujusmodi
797 3573 976 3635 conflrma—
1029 3577 1081 3636 lus
1095 3579 1189 3652 crpus
1210 3593 1275 3639 non
1290 3592 1393 3654 parva
1414 3579 1488 3638 erat
1512 3577 1548 3637 in
1569 3576 1668 3638 rebus
1689 3578 1835 3653 agendis

174 3670 974 3751 tionempostularat(l).lingelbertusitaqueprae
1030 3673 1191 3746 sollertia,
1215 3673 1417 3750 perbenigne
1442 3674 1625 3752 respondit,
1648 3673 1690 3734 ad
1710 3675 1834 3749 ignos-

174 3768 305 3831 caeteris
322 3769 473 3831 omnibus
487 3769 674 3831 Germaniae
690 3768 853 3846 episcopis
868 3770 976 3844 Apos—
1030 3771 1171 3835 cendum
1183 3772 1279 3832 valde
1303 3787 1339 3831 se
1354 3787 1485 3849 semper
1499 3770 1603 3832 fuisse
1615 3787 1834 3850 propensum,

173 3867 283 3929 tolicae
308 3868 403 3930 Sedis
428 3868 491 3930 fnit
512 3870 725 3929 memoratus.
753 3868 837 3929 Nam
853 3868 975 3944 praeter
1030 3884 1069 3930 ac
1100 3869 1199 3944 longe
1231 3869 1348 3944 magis,
1386 3885 1484 3945 quam
1514 3868 1555 3929 ad
1580 3869 1833 3943 damnandum

174 3965 208 4025 id
237 3965 323 4043 quod
347 3965 383 4026 in
409 3966 513 4026 arduo
539 3965 712 4027 electionis
746 3964 974 4041 praepositurae
1030 3964 1242 4042 quamohrem
1254 3981 1323 4026 non
1334 3964 1481 4026 abnuere
1495 3966 1531 4026 ut
1545 3963 1613 4025 illle
1625 3965 1696 4025 dies
1715 3965 1835 4040 praefi-

176 4063 287 4124 Sancti
304 4062 475 4125 Cuniherti
488 4063 633 4138 negotio,
645 4078 712 4123 non
727 4063 777 4123 est
789 4077 891 4121 ausus
904 4076 974 4120 suae
1029 4067 1136 4138 gatar,
1148 4078 1212 4140 qua
1225 4062 1430 4139 purgationis
1444 4061 1605 4124 beneflcio
1618 4063 1667 4123 uti
1675 4064 1832 4139 possent:

175 4158 274 4218 inniti
289 4158 474 4233 prudentiae
496 4160 553 4219 aut
574 4157 786 4231 auctoritati3
815 4160 974 4237 Rornanae
1029 4161 1279 4236 expectaturum
1289 4175 1346 4220 eos
1357 4159 1392 4218 in
1407 4159 1583 4221 leodiensi
1596 4159 1751 4230 concilio,
1764 4176 1832 4236 quo

177 4254 272 4314 Sedis
296 4253 458 4329 judicium
492 4253 680 4314 adeundum
707 4268 782 4314 esse
815 4253 971 4323 decrevit,
1030 4256 1221 4334 propediem
1235 4255 1442 4333 proiecturus
1452 4257 1550 4317 esset.
1567 4257 1609 4317 Hi
1624 4256 1727 4331 igitur
1743 4259 1834 4318 Leo·

174 4353 269 4427 cujus
284 4352 398 4426 postea
411 4351 609 4412 auctoritate
629 4366 683 4412 res
699 4350 807 4411 omnis
823 4349 974 4411 absoluta
1029 4355 1119 4416 diurn
1148 4353 1297 4432 proiecti,
1326 4354 1383 4415 sed
1412 4354 1517 4417 irritis
1539 4353 1723 4425 conatibus,
1753 4371 1834 4416 cum

174 4449 225 4509 est
235 4445 294 4526 (2).
311 4449 415 4509 Tanta
431 4448 616 4509 constantia
628 4447 739 4525 itaque
750 4447 847 4508 iidem
863 4447 975 4509 Ponti·
1029 4451 1120 4512 nullo
1131 4450 1288 4527 legitimae
1297 4450 1503 4528 purgationis
1511 4452 1831 4526 genereuterentur,

175 4544 258 4618 licis,
280 4546 312 4607 et
332 4545 567 4607 ecclesiasticae
591 4544 756 4607 libertatis
771 4544 909 4606 tutelam
922 4545 974 4604 te-
1029 4547 1373 4632 coramtotPatribus‚
1385 4546 1700 4616 ibiconsidentihus,
1712 4550 1833 4624 Legati

174 4644 247 4705 nuit
270 4644 305 4704 ut
330 4643 430 4704 etiam
456 4642 547 4705 velut
568 4643 680 4704 divino
701 4644 794 4713 nutu,
812 4642 973 4718 martyrio
1024 4649 1123 4722 jussu
1138 4646 1179 4707 ad
1192 4646 1375 4708 Honorinm
1398 4644 1593 4709 Pontificem
1608 4646 1724 4721 rejecti
1739 4647 1830 4719 sunt,

174 4741 306 4817 dignus,
319 4740 361 4802 ab
375 4740 487 4818 impiis
503 4740 692 4802 hominibus
708 4740 809 4802 fuerit
824 4739 971 4813 occisus;
1028 4743 1064 4803 in
1090 4743 1162 4803 haec
1183 4742 1285 4805 verba
1304 4757 1416 4803 coram
1440 4741 1530 4802 omni
1550 4741 1676 4818 synodo
1697 4742 1833 4819 prolata

175 4843 270 4915 cujus
282 4854 395 4899 necem
408 4856 509 4916 quum
520 4839 687 4900 Honorius
703 4838 897 4915 accepisset,
914 4837 974 4897 de-
1029 4840 1205 4901 sententia.
1223 4839 1377 4900 Examini
1391 4840 1513 4911 vestro,
1537 4839 1677 4900 Domine
1700 4840 1832 4901 Honori

174 4937 258 4998 dens
280 4936 406 4997 dixisse
426 4936 554 4998 fertur:
572 4937 728 4997 Germani
754 4950 879 5007 omnes,
905 4936 973 4994 lin-
1029 4937 1193 5008 Pontilex‚
1207 4934 1381 5012 dirigimus
1392 4936 1453 4997 hos
1467 4935 1551 4997 duos
1562 4936 1737 5013 episcopos
1748 4952 1832 5013 gra·

174 5033 313 5110 gelberti
328 5034 490 5109 exemplo,
506 5033 723 5111 apostolicam
739 5033 857 5094 Sedem
875 5047 974 5093 vere·
1028 5035 1113 5096 viter
1127 5034 1168 5095 de
1183 5033 1314 5095 Domini
1324 5032 1513 5109 Engelherti
1526 5048 1609 5097 nece
1622 5034 1829 5097 diffamatos.

173 5131 294 5193 bantur
335 5152 343 5191 ι
386 5130 428 5191 ob
461 5146 623 5191 summam
659 5131 748 5191 enim
784 5133 857 5206 ejus
892 5144 972 5204 erga
1028 5132 1193 5193 Caesarius
1208 5130 1300 5203 ibid,
1319 5129 1364 5190 lih
1378 5130 1407 5191 ll
1423 5146 1496 5206 cap.
1514 5132 1564 5192 12.

176 5232 361 5291 Romanum
374 5228 567 5289 Pontificem
583 5227 681 5288 fidem
701 5243 740 5289 ac
753 5227 972 5289 constantiam
1067 5229 1346 5306 Fuerantitaque
1366 5228 1402 5288 in
1427 5227 1497 5288 suis
1521 5227 1695 5290 ordinibus
1718 5226 1832 5304 digni-

210 5414 250 5484 (1)
268 5412 404 5469 Trithem.
421 5413 559 5483 Hirscup.
577 5412 692 5480 chron,
716 5413 856 5471 Caesarius
870 5426 970 5470 mona·
1027 5412 1166 5483 6οΙ.181;
1181 5414 1267 5485 Greg.
1281 5414 1332 5481 lx,
1348 5411 1396 5468 lib.
1410 5414 1432 5479 l,
1447 5413 1491 5469 111.
1506 5412 1550 5470 le.

174 5482 246 5539 chus
266 5484 295 5538 in
316 5485 381 5539 Vita
404 5484 621 5556 111111116111,
642 5498 667 5541 c.
691 5483 724 5555 1;
749 5482 824 5556 apud
848 5485 972 5553 Surium,
1064 5484 1094 5553 13
1120 5485 1259 5543 cesarius
1274 5482 1433 5540 monachus
1449 5484 1477 5539 111
1490 5482 1552 5556 ejus
1570 5483 1646 5551 Vita,
1666 5497 1692 5540 c.
1705 5484 1732 5540 8.

174 5560 245 5609 111111.
259 5553 286 5617 c,
300 5553 441 5610 Novemh.
525 5582 528 5588 ·
1065 5556 1094 5629 (l
1121 5556 1262 5615 cesarius
1272 5554 1301 5611 in
1316 5553 1445 5628 ejusdem
1460 5554 1536 5625 l'itu,
1552 5553 1600 5611 lih.
1613 5555 1651 5624 ll,
1666 5568 1693 5611 c.
1710 5555 1741 5613 7.

216 5622 257 5695 (T)
273 5621 314 5678 Cf.
330 5637 409 5695 supr.
426 5625 531 5690 Quinta
548 5626 671 5698 occipit,
687 5624 734 5683 lib.
751 5628 774 5695 l,
791 5624 927 5695 111211.
946 5624 972 5693 1,
