3980 6206
84 366 140 426 Μ
719 360 946 420 umsvonm.
971 360 1048 419 ure.
1073 361 1113 420 11.
1676 364 1737 424 ⁷22

87 526 206 587 actum
221 514 545 599 menseseptembria
569 535 657 583 anno
679 519 888 581 incarnatio·
943 517 1078 595 Siquis
1111 520 1233 591 autem,
1268 519 1331 580 etc.
1364 519 1482 581 Datum
1511 522 1624 582 Romae
1651 520 1738 598 apud

85 624 138 683 nis
167 622 232 683 Dni
259 620 401 681 Mucxi.
434 619 622 694 assignatis
649 618 762 694 itaque
791 615 887 678 nobis
943 617 1100 678 sanctum
1119 616 1254 679 Petrum
1267 619 1386 695 quarto
1401 617 1535 680 kalend.
1546 618 1637 689 maii,
1650 633 1739 679 anno

86 717 428 795 litterissupradictis,
445 733 505 777 nos
518 716 583 777 duo
594 715 711 777 arbitri
730 731 794 775 non
806 713 886 775 obs·
942 714 1098 775 secundo.

84 818 179 878 tante
193 815 285 877 tertii
307 814 434 875 scilicet
460 813 686 874 archidiaconi
705 811 884 872 Bituricen.
1267 820 1419 908 CCXIV

85 915 250 987 absentia,
268 912 450 974 secundum
466 911 552 988 quod
573 904 760 973 condictum
780 909 887 973 neret
1031 957 1083 1016 M
1097 954 1432 1017 Autmiodoremem
1447 958 1558 1031 mco

85 1014 119 1074 in
131 1011 386 1089 compromisso,
400 1010 456 1088 qui
471 1007 548 1089 (sic)
575 1008 763 1070 litteraliter
784 1020 889 1068 excu-
1556 972 1652 1032 pum·

85 1111 219 1173 savitin
234 1109 374 1172 arbitrio
388 1108 619 1185 processimus
643 1108 675 1168 et
699 1122 759 1183 per
785 1106 886 1167 testes
1226 1077 1262 1135 ²⁸
1276 1077 1357 1150 april.
1382 1078 1461 1136 ¹²¹8·

85 1210 225 1271 idoneos
248 1208 329 1270 hinc
350 1207 427 1269 inde
453 1206 630 1283 productos
641 1206 698 1281 jus
714 1202 886 1279 utriusque
962 1182 1080 1247 [R‘W‘r
1096 1181 1141 1236 ¹⁵5·
1154 1183 1186 1241 ¹¹»
1196 1181 1272 1247 epist.
1287 1183 1427 1237 1019·Μῦ
1441 1185 1564 1235 herere
1578 1183 1718 1247 darual]

85 1307 192 1385 partis
215 1306 410 1381 diligentius
430 1304 635 1382 inquirentes
656 1300 772 1382 (slsum
787 1302 820 1363 et
835 1298 888 1379 [ea
986 1290 1088 1347 Butam
1100 1288 1186 1346 habet
1199 1289 1391 1348 venditionem
1405 1291 1480 1347 ville
1493 1290 1530 1349 de
1542 1290 1693 1349 Branchis.

85 1403 489 1482 solemnitatumperactis
503 1418 567 1480 qua
581 1398 715 1479 decuitl,
726 1416 800 1461 cum
816 1397 887 1460 sola
981 1405 1159 1478 Honorius,
1176 1407 1251 1478 eto,
1272 1405 1457 1469 venerabili
1477 1406 1610 1469 tratri...
1626 1406 1741 1469 Autis-

87 1505 279 1581 superesset
301 1502 478 1563 diffinitiva
503 1500 666 1561 sententia
689 1496 886 1576 proferenda
943 1502 1110 1565 siodoren.
1125 1505 1292 1582 episcopo.

89 1600 141 1680 [ad
156 1598 269 1680 quam]
279 1600 496 1674 accessimus;
509 1600 541 1660 et
552 1596 598 1659 ibi
610 1594 725 1676 (010)...
739 1595 887 1672 partibus
983 1602 1202 1664 sacrosancta
1212 1605 1361 1665 Romana
1372 1602 1519 1664 Ecclesia
1529 1618 1637 1677 usorcc
1647 1620 1657 1663 .·
1666 1616 1742 1662 con·

86 1699 230 1760 formata
257 1697 297 1759 de
324 1697 521 1776 prudentum
546 1697 579 1757 et
597 1694 684 1772 juris
707 1694 887 1771 peritorum
942 1694 1065 1759 lovere.
1091 1702 1137 1761 Ba
1161 1702 1306 1778 propter,
1326 1699 1529 1762 venerabilis
1550 1700 1585 1761 in
1609 1698 1740 1761 Christo

85 1797 230 1858 consilio
256 1796 420 1886 sententia
444 1792 743 1872 pronuntiavimus,
762 1788 888 1851 dilnui-
942 1795 1056 1869 irater,
1068 1797 1135 1859 tuis
1140 1798 1241 1875 justis
1255 1797 1532 1874 postulationihus
1547 1798 1641 1874 grato
1657 1813 1740 1858 con-

81 1895 194 1955 vimus
220 1895 254 1955 et
275 1892 520 1955 sententialiter
541 1891 786 1952 decrevimus...
808 1886 885 1968 (sie)
942 1897 1115 1957 currentes
1146 1911 1301 1967 assensu,
1331 1895 1556 1958 venditionem
1583 1894 1673 1956 villae
1702 1894 1742 1955 de

82 1995 115 2055 et
137 1992 282 2068 burgum
304 1991 345 2052 de
362 1991 532 2083 Bethleem
550 1989 636 2068 apud
652 1986 887 2049 Clametiacum
942 1993 1105 2054 Branchis
1132 2009 1208 2054 cum
1229 1993 1439 2071 pertinentiis
1463 1992 1533 2053 suis
1557 2008 1614 2053 a...
1631 1991 1743 2069 priore

82 2089 348 2152 Autissiodoren.
368 2089 534 2169 episcopo,
563 2088 677 2167 utpote
699 2085 887 2146 dioecesano
944 2089 976 2152 et
990 2092 1154 2152 conventu
1168 2090 1209 2152 de
1231 2091 1387 2163 caritate,
1408 2089 1486 2151 dg„
1510 2088 1639 2152 abbatis
1660 2089 1744 2150 Clu-

82 2184 489 2267 lociilllusplen0(sic)...
505 2186 653 2263 etipsum
668 2182 886 2245 Edueu.11ihil
943 2188 1073 2250 niacen.
1094 2187 1148 2249 eui
1176 2187 1316 2250 subsunt
1341 2189 1374 2249 et
1398 2186 1601 2249 venerahilis
1629 2186 1743 2247 fratris

78 2287 167 2366 juris
183 2284 452 2363 penitushahere
474 2283 608 2351 ibidem,
620 2283 706 2345 unde
722 2281 753 2345 ei
774 2296 888 2358 perpe·
943 2286 1088 2348 nostri...
1115 2288 1280 2348 Senonen.
1302 2285 1544 2362 archiepiscopi
1559 2284 1741 2346 dioecesani

82 2378 884 2460 tuumsileutiumimposuimussuperpraemissis.
942 2383 1007 2444 loci
1034 2398 1209 2453 consensu,
1238 2383 1325 2444 sicut
1349 2382 1382 2442 in
1406 2381 1527 2443 litteris
1550 2380 1742 2443 eorumdem

122 2485 200 2561 Ipse
214 2496 294 2543 vero
317 2478 442 2540 Eduen·
462 2477 648 2555 episcopus,
664 2477 793 2554 prolata
806 2492 887 2537 Sen-
944 2482 1066 2559 prioris
1081 2482 1274 2553 conventus,
1299 2480 1429 2542 abbatis
1448 2480 1481 2541 et
1500 2477 1742 2556 archiepiscopi

82 2580 200 2652 tentia,
217 2578 329 2640 statim
345 2593 382 2638 se
393 2577 499 2639 traxit
518 2576 552 2636 in
575 2577 713 2653 partem,
729 2577 761 2636 et
775 2573 889 2636 habito
944 2579 1107 2641 contineri
1132 2578 1307 2640 didicimus
1321 2577 1382 2640 tihi
1407 2576 1538 2650 iactam,
1555 2579 1661 2638 ratam
1682 2577 1745 2636 ha-

82 2694 157 2738 curn
181 2675 354 2738 canonicis
383 2675 469 2745 suis,
496 2689 638 2751 qnorum
664 2686 783 2748 magna
811 2688 889 2751 pars
943 2674 1074 2749 hentes,
1106 2676 1220 2738 villam
1251 2677 1358 2754 ipsam
1382 2675 1415 2737 et
1441 2675 1643 2753 pertinentia
1671 2675 1743 2751 elus

86 2790 237 2854 uraesens
251 2776 333 2839 erat.
347 2772 498 2843 001181ἰὶ0,
510 2760 662 2832 reversus
674 2769 804 2849 publice
817 2787 890 2847 pro.
943 2775 1141 2837 auctoritate
1159 2774 1220 2836 tibi
1235 2774 1426 2853 apostolica
1449 2773 1695 2841 confirmamus,
1712 2773 1745 2833 et

88 2876 230 2935 testatus
245 2873 306 2944 est,
333 2872 418 2950 quod
441 2870 637 2931 sententiam
653 2868 744 2929 illam
767 2884 890 2946 appro-
944 2874 1117 2953 presentis
1139 2870 1254 2949 scripti
1277 2871 1462 2949 patrocinio
1488 2871 1742 2932 communimus.

84 2968 338 3047 habitetque]
357 2969 388 3031 ei
403 2969 593 3029 nullatenus
610 2966 760 3028 obviaret
775 2969 806 3028 et
821 2967 888 3027 tam
942 2970 991 3031 Ad
1018 2974 1178 3046 majorem
1202 2971 1313 3031 autem
1337 2968 1544 3040 firmitatem,
1569 2967 1746 3045 praedicta-

85 3069 248 3132 lratribus
285 3068 381 3129 dictae
414 3066 529 3128 domus
564 3081 662 3143 qnam
697 3063 888 3125 hominibus
943 3085 1017 3130 rum
1032 3068 1218 3130 litterarum
1229 3068 1377 3129 tenorem
1389 3065 1430 3127 de
1439 3065 1541 3127 verbo
1553 3066 1594 3127 ad
1607 3063 1744 3126 verbum

87 3168 191 3244 burgi,
211 3166 252 3227 de
267 3165 435 3228 Bethleem
451 3181 511 3242 per
529 3164 657 3225 litteras
677 3178 755 3223 suas
772 3163 890 3240 paton—
944 3165 1163 3243 praesentibus
1182 3164 1337 3226 duximus
1353 3163 1579 3236 inserendum,
1597 3161 1744 3240 quitatis

88 3270 138 3327 tes
154 3262 371 3326 denunciavit
383 3261 415 3322 id
430 3262 550 3339 ipsum,
567 3277 708 3339 quarum
723 3262 820 3321 tenor
835 3259 890 3320 hic
944 3265 1013 3325 est:
1572 3324 1575 3329 ,

84 3366 202 3424 aratz«
217 3362 369 3423 Gallorus
385 3359 445 3420 Ilei
459 3359 566 3435 gralia
579 3358 703 3419 Bduen.
714 3357 889 3434 episcopus
984 3363 1053 3437 Ego
1073 3359 1176 3422 irater
1190 3359 1382 3423 Gauiiridus
1396 3359 1505 3423 dictus
1523 3358 1616 3437 prior
1638 3357 1743 3420 beatae
1775 3360 1781 3365 ’

83 3460 221 3522 dilectis
246 3459 282 3520 in
316 3458 446 3520 Christo
470 3455 628 3517 iratribus
652 3455 692 3516 de
720 3454 889 3515 Bethleem
944 3457 1060 3519 blariae
1075 3457 1116 3518 de
1131 3457 1277 3518 (10011010
1291 3458 1324 3517 et
1333 3458 1421 3517 totus
1432 3456 1579 3533 eiusdem
1594 3455 1745 3516 ecclesiae

87 3561 120 3620 et
147 3557 303 3620 omnibus
335 3557 370 3618 in
397 3555 503 3631 burgo
537 3553 577 3615 de
605 3552 773 3614 Bethleem
803 3550 888 3627 apud
944 3555 1126 3616 conventus
1147 3553 1299 3614 omnihus
1319 3552 1538 3630 praesentibus
1553 3552 1688 3628 pariter,
1712 3551 1747 3612 et

85 3657 324 3718 (llametiacum
351 3651 562 3719 monentibus
591 3651 732 3712 salutem
758 3649 794 3710 in
818 3651 888 3709 Do·
945 3652 1065 3713 futuris
1088 3652 1201 3714 notum
1220 3648 1371 3721 facimus,
1398 3649 1482 3727 quod
1508 3664 1583 3710 cum
1601 3647 1744 3710 ecclesia

85 3756 188 3815 min0.
206 3751 376 3814 Noveritis
391 3724 477 3829 <fund
496 3765 555 3827 per
569 3748 767 3810 sententiam
783 3761 891 3807 vene·
945 3751 1059 3811 nostra
1081 3749 1259 3810 multorum
1284 3747 1468 3809 debitorum
1497 3761 1598 3809 onere
1622 3761 1747 3822 grava·

85 3852 205 3913 rabilis
222 3850 325 3929 patris
341 3851 496 3910 Manasse
511 3846 725 3909 aurelianen.
743 3842 889 3921 episcopi
945 3848 1048 3918 retur,
1075 3863 1136 3908 nos
1157 3844 1295 3923 urgente
1316 3844 1513 3906 necessitate
1531 3858 1630 3921 qnam
1658 3842 1745 3904 alias

86 3953 120 4012 et
134 3949 249 4012 dilecti
268 3948 373 4010 nostrl
389 3949 428 4008 Η.
450 3944 713 4007 antissiodoren.
736 3941 891 4005 canonici
944 3946 1012 4007 tam
1023 3942 1193 4004 commode
1205 3958 1271 4003 non
1280 3942 1469 4019 poteramus
1479 3940 1617 4012 evitare,
1627 3939 1744 4001 villam

87 4051 121 4109 in
140 4064 225 4126 quos
247 4046 581 4124 compromiseramus
600 4056 701 4120 super
715 4038 843 4117 capella
859 4041 891 4100 et
945 4044 1093 4125 nostram
1113 4040 1154 4101 de
1174 4039 1337 4101 Branchis
1361 4055 1435 4101 cum
1464 4037 1617 4098 omnibus
1640 4037 1747 4115 perti-

83 4145 322 4224 jnrlsdictione
336 4142 433 4219 burgi
453 4141 493 4203 de
509 4141 692 4223 Bethleem,
714 4138 889 4200 diffinitum
946 4138 1068 4200 nentiis
1084 4138 1117 4199 et
1128 4137 1328 4215 appenditiis
1341 4136 1411 4197 suis
1426 4135 1592 4196 universis
1607 4148 1745 4195 venera·

86 4249 137 4306 est
158 4247 192 4306 et
208 4242 426 4313 declaratum,
448 4239 533 4318 quod
556 4236 696 4314 capella,
718 4237 834 4299 domus
859 4236 892 4297 et
945 4237 1005 4297 hili
1018 4236 1104 4314 patri
1118 4234 1294 4297 Guillelmo
1309 4234 1571 4296 antissiodoren.
1591 4233 1746 4311 episcopo

86 4343 214 4419 burgus
228 4339 334 4418 quoad
350 4336 612 4400 eeclesiasticam
623 4332 891 4412 jnrisdictionem
945 4333 1168 4407 vendidimus,
1190 4335 1223 4396 et
1243 4333 1351 4395 eidem
1373 4335 1405 4394 et
1422 4332 1475 4393 cni
1489 4331 1673 4393 concedere
1686 4346 1749 4392 vo·

87 4441 186 4518 pleno
198 4441 275 4516 jure
291 4437 440 4513 spectant
454 4436 495 4497 ad
515 4434 707 4511 episcopum
731 4432 892 4493 Autissio·
946 4432 1046 4494 luerit
1070 4433 1105 4492 in
1130 4433 1325 4510 perpetuum
1349 4430 1561 4509 quitavimus,
1589 4426 1747 4508 quidquid

86 4540 204 4600 doren.
230 4537 264 4598 et
287 4550 348 4596 nos
369 4534 476 4595 eidem
492 4532 665 4595 sententie
687 4531 842 4608 parentes
857 4529 889 4590 id
942 4531 1030 4607 juris
1045 4530 1078 4590 in
1094 4530 1210 4592 eadem
1232 4529 1436 4591 habebamus
1456 4527 1541 4604 quod
1558 4525 1744 4595 utstabile,

86 4636 184 4698 vobis
213 4634 423 4697 notificamus
442 4633 474 4693 et
498 4630 712 4707 praesentium
738 4628 892 4688 insinua·
946 4628 1143 4705 firmumque
1171 4626 1291 4687 futuris
1324 4624 1529 4700 temporibus
1562 4624 1597 4684 in
1623 4636 1746 4699 perpe-

86 4734 179 4797 tione
215 4731 459 4793 denuntiamus.
496 4731 615 4790 Datum
650 4741 738 4787 anno
773 4725 891 4802 gratiae
946 4728 1039 4787 tuum
1061 4723 1257 4793 habeantur,
1282 4722 1477 4799 praesentem
1498 4722 1605 4781 artam
1624 4718 1747 4794 sigillis

87 4832 231 4902 mcclii,
249 4844 362 4889 mense
381 4826 526 4892 octobris
544 4825 662 4904 quarto
677 4823 810 4885 kalend.
829 4839 892 4884 no-
946 4820 1090 4898 propriis
1105 4818 1350 4880 confirmamus.
1368 4819 1485 4879 Actum
1502 4814 1633 4892 publice
1645 4815 1680 4875 in
1695 4830 1748 4876 ca·

86 4928 247 4991 vemhris.
260 4928 357 4988 »Nos
368 4925 471 5002 igitur
482 4923 612 4994 arbitri,
628 4937 670 4982 ne
685 4936 724 4982 ea
744 4936 817 4999 quae
832 4936 892 4997 per
947 4919 1052 4996 pitulo
1075 4918 1189 4978 nostro
1210 4915 1297 4994 apud
1313 4915 1504 4977 caritatem.
1520 4928 1608 4974 anno
1630 4912 1748 4989 gratiae

87 5044 150 5091 nos
178 5028 213 5087 et
238 5041 259 5087 a
283 5022 379 5085 nobis
408 5021 487 5093 rite,
515 5036 555 5082 ao
586 5021 654 5082 tam
687 5018 892 5080 sollemniter
946 5016 1087 5086 MGCIX,
1116 5015 1233 5090 quarto
1261 5012 1335 5073 idus
1369 5011 1524 5073 octobris.
1548 5013 1615 5086 Bgo
1645 5011 1749 5071 lrater

87 5130 164 5188 aeta
180 5122 268 5187 sunt.
297 5119 495 5199 procedente
516 5120 666 5194 tempore
692 5115 820 5193 possint
833 5131 893 5193 per
946 5112 1142 5176 Guillelmus
1155 5110 1212 5172 Dei
1224 5110 1331 5187 gratia
1353 5107 1455 5170 abbas
1470 5108 1661 5170 Cluniaoen.
1678 5124 1747 5169 orn·

88 5223 295 5286 oblivionem
321 5218 440 5290 deleri,
470 5217 544 5278 acta
567 5216 642 5291 ipsa
670 5214 705 5274 in
732 5210 892 5291 scripturn
947 5211 1043 5271 nibus
1058 5207 1276 5288 praesentibus
1292 5207 1465 5284 pariteret
1485 5205 1606 5268 suturis
1630 5206 1745 5267 notum

87 5320 281 5398 redegimus
296 5316 329 5379 et
345 5314 502 5393 praesenti
517 5313 647 5391 paginae
662 5311 821 5372 annotata
842 5312 891 5371 si·
946 5308 1102 5379 iacimus,
1134 5305 1221 5383 quod
1249 5321 1324 5366 cum
1361 5304 1503 5365 ecclesia
1533 5303 1573 5365 de
1601 5303 1746 5366 Caritate

87 5415 451 5497 gillorumnostrorum
466 5410 650 5472 munimine
664 5409 820 5469 duximus
836 5424 893 5469 ro-
946 5406 1125 5466 multorum
1166 5401 1352 5463 debitorum
1392 5415 1495 5463 onere
1534 5402 1744 5477 gravaretur,

88 5519 222 5580 horare.
246 5514 363 5575 Actum
385 5506 474 5572 anno
489 5507 622 5571 Domini
636 5507 777 5568 Mccxi.
799 5506 892 5567 Nulli
946 5503 1049 5565 irater
1062 5501 1259 5563 duillelmus
1274 5501 1377 5578 prior·
1387 5502 1421 5561 et
1434 5499 1617 5561 conventus
1632 5499 1746 5560 eccle-

88 5632 170 5694 ergo
197 5610 334 5674 omnino
361 5608 532 5670 hominnm
551 5606 651 5668 liceat
679 5605 766 5666 hanc
793 5603 891 5682 pagi·
946 5600 1004 5661 siae
1028 5599 1219 5669 nominatae,
1249 5599 1388 5673 urgente
1412 5595 1619 5668 necessitate,
1644 5613 1744 5673 quarn

88 5730 168 5779 num
184 5710 309 5774 nostrae
329 5705 592 5775 confirmationis
615 5703 810 5780 intringere,
827 5703 889 5764 etc.
945 5698 1030 5759 alias
1045 5701 1112 5758 tarn
1134 5696 1304 5758 commode
1324 5712 1389 5756 nou
1412 5696 1587 5772 potuerant
1606 5695 1746 5779 evitare,
