<?xml version="1.0" encoding="UTF-8"?>
<!DOCTYPE html PUBLIC "-//W3C//DTD XHTML 1.0 Transitional//EN"
    "http://www.w3.org/TR/xhtml1/DTD/xhtml1-transitional.dtd">
<html xmlns="http://www.w3.org/1999/xhtml" xml:lang="en" lang="en">
 <head>
  <title>
</title>
<meta http-equiv="Content-Type" content="text/html;charset=utf-8" />
  <meta name='ocr-system' content='tesseract 3.04.00' />
  <meta name='ocr-capabilities' content='ocr_page ocr_carea ocr_par ocr_line ocrx_word'/>
</head>
<body>
  <div class='ocr_page' id='page_1' title='image "./mediiaevibiblio00bottgoog_0162.png"; bbox 0 0 3958 6204; ppageno 0'>
   <div class='ocr_carea' id='block_1_1' title="bbox 116 287 1760 361">
    <p class='ocr_par' dir='ltr' id='par_1_1' title="bbox 116 287 1760 361">
     <span class='ocr_line' id='line_1_1' title="bbox 116 287 1760 361; baseline 0.004 -6"><span class='ocrx_word' id='word_1_1' title='bbox 116 293 167 355; x_wconf 72' lang='lat'><strong>281</strong></span> <span class='ocrx_word' id='word_1_2' title='bbox 547 288 662 351; x_wconf 87' lang='lat' dir='ltr'>XXIV.</span> <span class='ocrx_word' id='word_1_3' title='bbox 677 316 719 335; x_wconf 88' lang='lat'>-</span> <span class='ocrx_word' id='word_1_4' title='bbox 732 287 778 351; x_wconf 91' lang='lat' dir='ltr'><strong>IN</strong></span> <span class='ocrx_word' id='word_1_5' title='bbox 799 287 1079 353; x_wconf 81' lang='lat' dir='ltr'><strong>DEDICATIONE</strong></span> <span class='ocrx_word' id='word_1_6' title='bbox 1100 290 1326 355; x_wconf 78' lang='lat' dir='ltr'><strong>ECGLESIAE.</strong></span> <span class='ocrx_word' id='word_1_7' title='bbox 1699 296 1760 361; x_wconf 77' lang='lat'><strong>282</strong></span> 
     </span>
    </p>
   </div>
   <div class='ocr_carea' id='block_1_2' title="bbox 114 448 1761 1308">
    <p class='ocr_par' dir='ltr' id='par_1_2' title="bbox 114 448 1761 1308">
     <span class='ocr_line' id='line_1_2' title="bbox 118 448 1759 527; baseline 0.005 -17"><span class='ocrx_word' id='word_1_8' title='bbox 118 449 252 527; x_wconf 77' lang='lat' dir='ltr'><strong>operuit,</strong></span> <span class='ocrx_word' id='word_1_9' title='bbox 275 449 309 511; x_wconf 78' lang='lat' dir='ltr'><strong>ct</strong></span> <span class='ocrx_word' id='word_1_10' title='bbox 332 448 448 510; x_wconf 82' lang='lat' dir='ltr'><strong>coctott</strong></span> <span class='ocrx_word' id='word_1_11' title='bbox 467 451 610 526; x_wconf 77' lang='lat' dir='ltr'><strong>sorrpots</strong></span> <span class='ocrx_word' id='word_1_12' title='bbox 635 449 669 511; x_wconf 85' lang='lat' dir='ltr'><strong>et</strong></span> <span class='ocrx_word' id='word_1_13' title='bbox 689 462 789 524; x_wconf 79' lang='lat' dir='ltr'><strong>coac.</strong></span> <span class='ocrx_word' id='word_1_14' title='bbox 812 452 905 524; x_wconf 88' lang='lat' dir='ltr'><strong>Ape·</strong></span> <span class='ocrx_word' id='word_1_15' title='bbox 960 449 1056 513; x_wconf 85' lang='lat' dir='ltr'><strong>navit</strong></span> <span class='ocrx_word' id='word_1_16' title='bbox 1073 451 1175 513; x_wconf 87' lang='lat' dir='ltr'><strong>coelos</strong></span> <span class='ocrx_word' id='word_1_17' title='bbox 1190 452 1223 514; x_wconf 90' lang='lat' dir='ltr'><strong>et</strong></span> <span class='ocrx_word' id='word_1_18' title='bbox 1237 451 1416 515; x_wconf 87' lang='lat' dir='ltr'><strong>descendit.</strong></span> <span class='ocrx_word' id='word_1_19' title='bbox 1438 453 1614 519; x_wconf 77' lang='lat' dir='ltr'>Descendit</span> <span class='ocrx_word' id='word_1_20' title='bbox 1634 455 1669 517; x_wconf 88' lang='lat' dir='ltr'><strong>tn</strong></span> <span class='ocrx_word' id='word_1_21' title='bbox 1684 472 1759 519; x_wconf 85' lang='lat' dir='ltr'><strong>ma-</strong></span> 
     </span>
     <span class='ocr_line' id='line_1_3' title="bbox 120 545 1761 631; baseline 0.003 -21"><span class='ocrx_word' id='word_1_22' title='bbox 120 546 300 623; x_wconf 87' lang='lat' dir='ltr'><strong>mitutique</strong></span> <span class='ocrx_word' id='word_1_23' title='bbox 318 546 355 608; x_wconf 89' lang='lat' dir='ltr'><strong>ut</strong></span> <span class='ocrx_word' id='word_1_24' title='bbox 368 545 565 607; x_wconf 88' lang='lat' dir='ltr'><strong>thesaurum</strong></span> <span class='ocrx_word' id='word_1_25' title='bbox 582 545 768 607; x_wconf 83' lang='lat' dir='ltr'><strong>effunderet</strong></span> <span class='ocrx_word' id='word_1_26' title='bbox 782 545 907 622; x_wconf 87' lang='lat' dir='ltr'><strong>pretio·</strong></span> <span class='ocrx_word' id='word_1_27' title='bbox 959 548 1059 620; x_wconf 89' lang='lat' dir='ltr'><strong>trem,</strong></span> <span class='ocrx_word' id='word_1_28' title='bbox 1089 549 1146 611; x_wconf 91' lang='lat' dir='ltr'><strong>sed</strong></span> <span class='ocrx_word' id='word_1_29' title='bbox 1174 550 1336 612; x_wconf 82' lang='lat' dir='ltr'><strong>remansit</strong></span> <span class='ocrx_word' id='word_1_30' title='bbox 1366 567 1440 612; x_wconf 91' lang='lat' dir='ltr'><strong>cum</strong></span> <span class='ocrx_word' id='word_1_31' title='bbox 1469 554 1583 627; x_wconf 81' lang='lat' dir='ltr'><strong>Patre3</strong></span> <span class='ocrx_word' id='word_1_32' title='bbox 1615 554 1761 631; x_wconf 76' lang='lat' dir='ltr'><strong>suscepit</strong></span> 
     </span>
     <span class='ocr_line' id='line_1_4' title="bbox 120 642 1760 722; baseline 0.002 -15"><span class='ocrx_word' id='word_1_33' title='bbox 120 662 192 717; x_wconf 87' lang='lat' dir='ltr'><strong>sum,</strong></span> <span class='ocrx_word' id='word_1_34' title='bbox 208 643 285 721; x_wconf 87' lang='lat' dir='ltr'><strong>quia</strong></span> <span class='ocrx_word' id='word_1_35' title='bbox 297 644 334 704; x_wconf 90' lang='lat' dir='ltr'><strong>in</strong></span> <span class='ocrx_word' id='word_1_36' title='bbox 349 644 452 721; x_wconf 82' lang='lat' dir='ltr'><strong>hujus</strong></span> <span class='ocrx_word' id='word_1_37' title='bbox 462 658 549 704; x_wconf 86' lang='lat' dir='ltr'><strong>arcae</strong></span> <span class='ocrx_word' id='word_1_38' title='bbox 564 643 781 722; x_wconf 17' lang='lat' dir='ltr'><strong>latereltotius</strong></span> <span class='ocrx_word' id='word_1_39' title='bbox 792 642 906 703; x_wconf 89' lang='lat' dir='ltr'><strong>mundi</strong></span> <span class='ocrx_word' id='word_1_40' title='bbox 962 644 1216 720; x_wconf 79' lang='lat' dir='ltr'><strong>humanitatem,</strong></span> <span class='ocrx_word' id='word_1_41' title='bbox 1240 648 1297 709; x_wconf 91' lang='lat' dir='ltr'><strong>sed</strong></span> <span class='ocrx_word' id='word_1_42' title='bbox 1318 648 1456 709; x_wconf 83' lang='lat' dir='ltr'><strong>retinuit</strong></span> <span class='ocrx_word' id='word_1_43' title='bbox 1475 649 1650 711; x_wconf 87' lang='lat' dir='ltr'><strong>Deitatem.</strong></span> <span class='ocrx_word' id='word_1_44' title='bbox 1674 648 1760 711; x_wconf 92' lang='lat' dir='ltr'><strong>Nam</strong></span> 
     </span>
     <span class='ocr_line' id='line_1_5' title="bbox 119 739 1761 821; baseline 0.004 -19"><span class='ocrx_word' id='word_1_45' title='bbox 119 743 246 821; x_wconf 89' lang='lat' dir='ltr'><strong>pretium</strong></span> <span class='ocrx_word' id='word_1_46' title='bbox 270 741 346 802; x_wconf 89' lang='lat' dir='ltr'><strong>erat</strong></span> <span class='ocrx_word' id='word_1_47' title='bbox 364 741 542 801; x_wconf 84' lang='lat' dir='ltr'><strong>inclusum.</strong></span> <span class='ocrx_word' id='word_1_48' title='bbox 571 741 684 801; x_wconf 84' lang='lat' dir='ltr'><strong>Prima</strong></span> <span class='ocrx_word' id='word_1_49' title='bbox 704 739 822 801; x_wconf 83' lang='lat' dir='ltr'><strong>effusio</strong></span> <span class='ocrx_word' id='word_1_50' title='bbox 845 739 907 800; x_wconf 82' lang='lat' dir='ltr'><strong>lun</strong></span> <span class='ocrx_word' id='word_1_51' title='bbox 958 741 1054 818; x_wconf 77' lang='lat' dir='ltr'><strong>juxta</strong></span> <span class='ocrx_word' id='word_1_52' title='bbox 1075 744 1237 805; x_wconf 81' lang='lat' dir='ltr'><strong>loannem</strong></span> <span class='ocrx_word' id='word_1_53' title='bbox 1260 765 1267 804; x_wconf 74' lang='grc' dir='ltr'><strong>ι</strong></span> <span class='ocrx_word' id='word_1_54' title='bbox 1289 748 1435 805; x_wconf 77' lang='lat' dir='ltr'><strong>Verbum</strong></span> <span class='ocrx_word' id='word_1_55' title='bbox 1453 759 1537 807; x_wconf 88' lang='lat' dir='ltr'><strong>coro</strong></span> <span class='ocrx_word' id='word_1_56' title='bbox 1554 749 1685 819; x_wconf 82' lang='lat' dir='ltr'><strong>sactum</strong></span> <span class='ocrx_word' id='word_1_57' title='bbox 1708 750 1761 810; x_wconf 82' lang='lat' dir='ltr'><strong>est</strong></span> 
     </span>
     <span class='ocr_line' id='line_1_6' title="bbox 118 836 1760 922; baseline 0.002 -22"><span class='ocrx_word' id='word_1_58' title='bbox 118 838 355 915; x_wconf 82' lang='lat' dir='ltr'><strong>completionis,</strong></span> <span class='ocrx_word' id='word_1_59' title='bbox 385 838 531 899; x_wconf 87' lang='lat' dir='ltr'><strong>secunda</strong></span> <span class='ocrx_word' id='word_1_60' title='bbox 558 836 780 912; x_wconf 77' lang='lat' dir='ltr'><strong>fatigationis,</strong></span> <span class='ocrx_word' id='word_1_61' title='bbox 809 837 907 898; x_wconf 90' lang='lat' dir='ltr'><strong>tertia</strong></span> <span class='ocrx_word' id='word_1_62' title='bbox 962 839 996 899; x_wconf 86' lang='lat' dir='ltr'><strong>et</strong></span> <span class='ocrx_word' id='word_1_63' title='bbox 1009 840 1175 901; x_wconf 75' lang='lat' dir='ltr'><strong>habitavit</strong></span> <span class='ocrx_word' id='word_1_64' title='bbox 1190 844 1228 901; x_wconf 82' lang='lat' dir='ltr'><strong>tro</strong></span> <span class='ocrx_word' id='word_1_65' title='bbox 1241 844 1337 903; x_wconf 76' lang='lat' dir='ltr'><strong>cobis</strong></span> <span class='ocrx_word' id='word_1_66' title='bbox 1359 840 1467 920; x_wconf 85' lang='lat' dir='ltr'><strong>(Joan.</strong></span> <span class='ocrx_word' id='word_1_67' title='bbox 1485 857 1508 915; x_wconf 92' lang='lat'><strong>1,</strong></span> <span class='ocrx_word' id='word_1_68' title='bbox 1524 842 1588 922; x_wconf 75' lang='lat'>14).</span> <span class='ocrx_word' id='word_1_69' title='bbox 1615 845 1760 906; x_wconf 89' lang='lat' dir='ltr'><strong>Verbum</strong></span> 
     </span>
     <span class='ocr_line' id='line_1_7' title="bbox 117 934 1758 1014; baseline 0.002 -15"><span class='ocrx_word' id='word_1_70' title='bbox 117 936 284 1008; x_wconf 87' lang='lat' dir='ltr'><strong>irrisionis,</strong></span> <span class='ocrx_word' id='word_1_71' title='bbox 297 937 419 1012; x_wconf 86' lang='lat' dir='ltr'><strong>quarta</strong></span> <span class='ocrx_word' id='word_1_72' title='bbox 429 935 678 1012; x_wconf 88' lang='lat' dir='ltr'><strong>redemptionis,</strong></span> <span class='ocrx_word' id='word_1_73' title='bbox 691 934 806 1012; x_wconf 79' lang='lat' dir='ltr'><strong>quiinta</strong></span> <span class='ocrx_word' id='word_1_74' title='bbox 818 934 909 995; x_wconf 87' lang='lat' dir='ltr'><strong>ablu·</strong></span> <span class='ocrx_word' id='word_1_75' title='bbox 962 938 1050 997; x_wconf 92' lang='lat' dir='ltr'><strong>enim</strong></span> <span class='ocrx_word' id='word_1_76' title='bbox 1077 952 1155 998; x_wconf 93' lang='grc' dir='ltr'><strong>οπο</strong></span> <span class='ocrx_word' id='word_1_77' title='bbox 1186 937 1402 1011; x_wconf 78' lang='lat' dir='ltr'><strong>factumest,</strong></span> <span class='ocrx_word' id='word_1_78' title='bbox 1434 942 1522 1000; x_wconf 90' lang='lat' dir='ltr'><strong>Deus</strong></span> <span class='ocrx_word' id='word_1_79' title='bbox 1548 941 1758 1014; x_wconf 81' lang='lat' dir='ltr'><strong>incarnatae,</strong></span> 
     </span>
     <span class='ocr_line' id='line_1_8' title="bbox 116 1032 1761 1113; baseline 0.002 -17"><span class='ocrx_word' id='word_1_80' title='bbox 116 1034 254 1105; x_wconf 88' lang='lat' dir='ltr'><strong>lionis...,</strong></span> <span class='ocrx_word' id='word_1_81' title='bbox 272 1036 308 1094; x_wconf 88' lang='lat' dir='ltr'><strong>et</strong></span> <span class='ocrx_word' id='word_1_82' title='bbox 319 1034 457 1110; x_wconf 88' lang='lat' dir='ltr'><strong>propter</strong></span> <span class='ocrx_word' id='word_1_83' title='bbox 471 1032 697 1109; x_wconf 82' lang='lat' dir='ltr'><strong>prolixitatem</strong></span> <span class='ocrx_word' id='word_1_84' title='bbox 706 1032 794 1093; x_wconf 91' lang='lat' dir='ltr'><strong>enim</strong></span> <span class='ocrx_word' id='word_1_85' title='bbox 811 1047 909 1108; x_wconf 77' lang='lat' dir='ltr'><strong>erpo</strong></span> <span class='ocrx_word' id='word_1_86' title='bbox 962 1033 1058 1106; x_wconf 89' lang='lat' dir='ltr'><strong>idest,</strong></span> <span class='ocrx_word' id='word_1_87' title='bbox 1075 1037 1162 1095; x_wconf 89' lang='lat' dir='ltr'><strong>Deus</strong></span> <span class='ocrx_word' id='word_1_88' title='bbox 1183 1035 1216 1096; x_wconf 92' lang='lat' dir='ltr'><strong>et</strong></span> <span class='ocrx_word' id='word_1_89' title='bbox 1236 1035 1346 1105; x_wconf 89' lang='lat' dir='ltr'><strong>homo,</strong></span> <span class='ocrx_word' id='word_1_90' title='bbox 1366 1036 1422 1113; x_wconf 87' lang='lat' dir='ltr'><strong>qui</strong></span> <span class='ocrx_word' id='word_1_91' title='bbox 1444 1036 1551 1098; x_wconf 84' lang='lat' dir='ltr'><strong>iactus</strong></span> <span class='ocrx_word' id='word_1_92' title='bbox 1572 1041 1623 1099; x_wconf 87' lang='lat' dir='ltr'><strong>est</strong></span> <span class='ocrx_word' id='word_1_93' title='bbox 1642 1054 1685 1099; x_wconf 85' lang='lat' dir='ltr'><strong>ex</strong></span> <span class='ocrx_word' id='word_1_94' title='bbox 1706 1054 1761 1100; x_wconf 87' lang='lat' dir='ltr'><strong>se-</strong></span> 
     </span>
     <span class='ocr_line' id='line_1_9' title="bbox 115 1129 1760 1207; baseline 0.002 -14"><span class='ocrx_word' id='word_1_95' title='bbox 115 1132 258 1193; x_wconf 86' lang='lat' dir='ltr'><strong>sltionem</strong></span> <span class='ocrx_word' id='word_1_96' title='bbox 283 1129 496 1202; x_wconf 84' lang='lat' dir='ltr'><strong>dimittimus,</strong></span> <span class='ocrx_word' id='word_1_97' title='bbox 525 1130 602 1207; x_wconf 89' lang='lat' dir='ltr'><strong>quia</strong></span> <span class='ocrx_word' id='word_1_98' title='bbox 627 1145 736 1191; x_wconf 88' lang='lat' dir='ltr'><strong>sermo</strong></span> <span class='ocrx_word' id='word_1_99' title='bbox 758 1129 908 1207; x_wconf 81' lang='lat' dir='ltr'><strong>prolixus</strong></span> <span class='ocrx_word' id='word_1_100' title='bbox 962 1130 1050 1192; x_wconf 91' lang='lat' dir='ltr'><strong>mine</strong></span> <span class='ocrx_word' id='word_1_101' title='bbox 1065 1132 1169 1194; x_wconf 85' lang='lat' dir='ltr'><strong>David</strong></span> <span class='ocrx_word' id='word_1_102' title='bbox 1185 1132 1366 1194; x_wconf 87' lang='lat' dir='ltr'><strong>secundum</strong></span> <span class='ocrx_word' id='word_1_103' title='bbox 1383 1148 1528 1194; x_wconf 86' lang='lat' dir='ltr'><strong>carnem.</strong></span> <span class='ocrx_word' id='word_1_104' title='bbox 1553 1136 1638 1196; x_wconf 90' lang='lat' dir='ltr'><strong>Nam</strong></span> <span class='ocrx_word' id='word_1_105' title='bbox 1662 1136 1760 1196; x_wconf 83' lang='lat' dir='ltr'><strong>ante-</strong></span> 
     </span>
     <span class='ocr_line' id='line_1_10' title="bbox 114 1226 1761 1308; baseline 0.003 -18"><span class='ocrx_word' id='word_1_106' title='bbox 114 1228 274 1291; x_wconf 83' lang='lat' dir='ltr'><strong>tastidium</strong></span> <span class='ocrx_word' id='word_1_107' title='bbox 302 1227 453 1303; x_wconf 88' lang='lat' dir='ltr'><strong>generat.</strong></span> <span class='ocrx_word' id='word_1_108' title='bbox 478 1228 519 1290; x_wconf 84' lang='lat' dir='ltr'><strong>Et</strong></span> <span class='ocrx_word' id='word_1_109' title='bbox 540 1227 613 1304; x_wconf 88' lang='lat' dir='ltr'><strong>ipse</strong></span> <span class='ocrx_word' id='word_1_110' title='bbox 641 1226 760 1289; x_wconf 90' lang='lat' dir='ltr'><strong>obtulit</strong></span> <span class='ocrx_word' id='word_1_111' title='bbox 787 1226 910 1288; x_wconf 89' lang='lat' dir='ltr'><strong>semet·</strong></span> <span class='ocrx_word' id='word_1_112' title='bbox 962 1244 1060 1306; x_wconf 86' lang='lat' dir='ltr'><strong>quam</strong></span> <span class='ocrx_word' id='word_1_113' title='bbox 1076 1228 1220 1290; x_wconf 89' lang='lat' dir='ltr'><strong>Verbum</strong></span> <span class='ocrx_word' id='word_1_114' title='bbox 1236 1245 1314 1291; x_wconf 91' lang='lat' dir='ltr'><strong>caro</strong></span> <span class='ocrx_word' id='word_1_115' title='bbox 1329 1230 1433 1302; x_wconf 85' lang='lat' dir='ltr'><strong>fleret,</strong></span> <span class='ocrx_word' id='word_1_116' title='bbox 1457 1231 1571 1308; x_wconf 88' lang='lat' dir='ltr'><strong>procul</strong></span> <span class='ocrx_word' id='word_1_117' title='bbox 1590 1231 1761 1295; x_wconf 80' lang='lat' dir='ltr'><strong>habitabat</strong></span> 
     </span>
    </p>
   </div>
   <div class='ocr_carea' id='block_1_3' title="bbox 7 1323 1761 1405">
    <p class='ocr_par' dir='ltr' id='par_1_3' title="bbox 7 1323 1761 1405">
     <span class='ocr_line' id='line_1_11' title="bbox 7 1323 1761 1405; baseline 0.003 -19"><span class='ocrx_word' id='word_1_118' title='bbox 7 1376 9 1405; x_wconf 51' lang='lat'><em>3</em></span> <span class='ocrx_word' id='word_1_119' title='bbox 114 1328 223 1404; x_wconf 86' lang='lat' dir='ltr'><strong>ipsum,</strong></span> <span class='ocrx_word' id='word_1_120' title='bbox 237 1325 338 1397; x_wconf 89' lang='lat' dir='ltr'><strong>idest,</strong></span> <span class='ocrx_word' id='word_1_121' title='bbox 356 1339 477 1401; x_wconf 86' lang='lat' dir='ltr'><strong>corpus</strong></span> <span class='ocrx_word' id='word_1_122' title='bbox 492 1340 588 1384; x_wconf 90' lang='lat' dir='ltr'><strong>suum</strong></span> <span class='ocrx_word' id='word_1_123' title='bbox 609 1325 650 1385; x_wconf 88' lang='lat' dir='ltr'><strong>in</strong></span> <span class='ocrx_word' id='word_1_124' title='bbox 666 1323 831 1386; x_wconf 82' lang='lat' dir='ltr'><strong>sacrificio</strong></span> <span class='ocrx_word' id='word_1_125' title='bbox 849 1338 908 1401; x_wconf 94' lang='grc' dir='ltr'><strong>ρνο</strong></span> <span class='ocrx_word' id='word_1_126' title='bbox 962 1341 982 1386; x_wconf 88' lang='lat' dir='ltr'><strong>a</strong></span> <span class='ocrx_word' id='word_1_127' title='bbox 1003 1326 1111 1399; x_wconf 89' lang='lat' dir='ltr'><strong>nobis,</strong></span> <span class='ocrx_word' id='word_1_128' title='bbox 1135 1326 1213 1404; x_wconf 86' lang='lat' dir='ltr'><strong>quia</strong></span> <span class='ocrx_word' id='word_1_129' title='bbox 1234 1327 1333 1389; x_wconf 90' lang='lat' dir='ltr'><strong>notus</strong></span> <span class='ocrx_word' id='word_1_130' title='bbox 1354 1329 1427 1389; x_wconf 89' lang='lat' dir='ltr'><strong>erat</strong></span> <span class='ocrx_word' id='word_1_131' title='bbox 1446 1328 1575 1390; x_wconf 83' lang='lat' dir='ltr'><strong>tantmn</strong></span> <span class='ocrx_word' id='word_1_132' title='bbox 1597 1326 1631 1389; x_wconf 92' lang='lat' dir='ltr'><strong>in</strong></span> <span class='ocrx_word' id='word_1_133' title='bbox 1643 1329 1761 1392; x_wconf 82' lang='lat' dir='ltr'><strong>Judaea</strong></span> 
     </span>
    </p>
   </div>
   <div class='ocr_carea' id='block_1_4' title="bbox 111 1421 1769 3935">
    <p class='ocr_par' dir='ltr' id='par_1_4' title="bbox 114 1421 1762 1499">
     <span class='ocr_line' id='line_1_12' title="bbox 114 1421 1762 1499; baseline 0.002 -15"><span class='ocrx_word' id='word_1_134' title='bbox 114 1423 210 1484; x_wconf 89' lang='lat' dir='ltr'><strong>salute</strong></span> <span class='ocrx_word' id='word_1_135' title='bbox 225 1421 370 1483; x_wconf 89' lang='lat' dir='ltr'><strong>humani</strong></span> <span class='ocrx_word' id='word_1_136' title='bbox 379 1422 514 1498; x_wconf 88' lang='lat' dir='ltr'><strong>generis</strong></span> <span class='ocrx_word' id='word_1_137' title='bbox 529 1437 630 1499; x_wconf 89' lang='lat' dir='ltr'><strong>super</strong></span> <span class='ocrx_word' id='word_1_138' title='bbox 644 1421 760 1483; x_wconf 87' lang='lat' dir='ltr'><strong>altare.</strong></span> <span class='ocrx_word' id='word_1_139' title='bbox 962 1425 1061 1484; x_wconf 89' lang='lat' dir='ltr'><strong>Deus.</strong></span> <span class='ocrx_word' id='word_1_140' title='bbox 1087 1422 1150 1486; x_wconf 88' lang='lat' dir='ltr'><strong>Ubi</strong></span> <span class='ocrx_word' id='word_1_141' title='bbox 1174 1439 1255 1486; x_wconf 86' lang='lat' dir='ltr'><strong>vero</strong></span> <span class='ocrx_word' id='word_1_142' title='bbox 1286 1424 1431 1486; x_wconf 89' lang='lat' dir='ltr'><strong>Verbum</strong></span> <span class='ocrx_word' id='word_1_143' title='bbox 1456 1441 1535 1488; x_wconf 89' lang='lat' dir='ltr'><strong>caro</strong></span> <span class='ocrx_word' id='word_1_144' title='bbox 1563 1425 1685 1487; x_wconf 83' lang='lat' dir='ltr'><strong>iactum</strong></span> <span class='ocrx_word' id='word_1_145' title='bbox 1711 1423 1762 1488; x_wconf 87' lang='lat' dir='ltr'><strong>est</strong></span> 
     </span>
    </p>

    <p class='ocr_par' dir='ltr' id='par_1_5' title="bbox 111 1519 1769 3935">
     <span class='ocr_line' id='line_1_13' title="bbox 145 1519 1758 1606; baseline 0.001 -25"><span class='ocrx_word' id='word_1_146' title='bbox 145 1520 338 1581; x_wconf 86' lang='lat' dir='ltr'><strong>Notandum</strong></span> <span class='ocrx_word' id='word_1_147' title='bbox 360 1519 422 1592; x_wconf 89' lang='lat' dir='ltr'><strong>est,</strong></span> <span class='ocrx_word' id='word_1_148' title='bbox 448 1519 534 1597; x_wconf 84' lang='lat' dir='ltr'><strong>quod</strong></span> <span class='ocrx_word' id='word_1_149' title='bbox 546 1519 611 1581; x_wconf 88' lang='lat' dir='ltr'><strong>tria</strong></span> <span class='ocrx_word' id='word_1_150' title='bbox 627 1519 705 1580; x_wconf 88' lang='lat' dir='ltr'><strong>sunt</strong></span> <span class='ocrx_word' id='word_1_151' title='bbox 717 1534 841 1596; x_wconf 88' lang='lat' dir='ltr'><strong>genera</strong></span> <span class='ocrx_word' id='word_1_152' title='bbox 853 1533 911 1579; x_wconf 88' lang='lat' dir='ltr'><strong>sa·</strong></span> <span class='ocrx_word' id='word_1_153' title='bbox 962 1520 1126 1584; x_wconf 86' lang='lat' dir='ltr'><strong>habitavit</strong></span> <span class='ocrx_word' id='word_1_154' title='bbox 1146 1522 1181 1582; x_wconf 90' lang='lat' dir='ltr'><strong>in</strong></span> <span class='ocrx_word' id='word_1_155' title='bbox 1203 1521 1298 1584; x_wconf 85' lang='lat' dir='ltr'><strong>nobis</strong></span> <span class='ocrx_word' id='word_1_156' title='bbox 1318 1538 1385 1583; x_wconf 91' lang='lat' dir='ltr'><strong>non</strong></span> <span class='ocrx_word' id='word_1_157' title='bbox 1404 1523 1512 1584; x_wconf 87' lang='lat' dir='ltr'><strong>solum</strong></span> <span class='ocrx_word' id='word_1_158' title='bbox 1532 1524 1758 1606; x_wconf 86' lang='lat' dir='ltr'><strong>pergratiam,</strong></span> 
     </span>
     <span class='ocr_line' id='line_1_14' title="bbox 112 1615 1759 1697; baseline 0.002 -19"><span class='ocrx_word' id='word_1_159' title='bbox 112 1617 323 1679; x_wconf 85' lang='lat' dir='ltr'><strong>criticiorum.</strong></span> <span class='ocrx_word' id='word_1_160' title='bbox 337 1616 413 1677; x_wconf 83' lang='lat' dir='ltr'><strong>Alia</strong></span> <span class='ocrx_word' id='word_1_161' title='bbox 425 1618 514 1678; x_wconf 90' lang='lat' dir='ltr'><strong>enim</strong></span> <span class='ocrx_word' id='word_1_162' title='bbox 530 1620 607 1678; x_wconf 88' lang='lat' dir='ltr'><strong>sunt</strong></span> <span class='ocrx_word' id='word_1_163' title='bbox 620 1616 826 1690; x_wconf 89' lang='lat' dir='ltr'><strong>holocausta,</strong></span> <span class='ocrx_word' id='word_1_164' title='bbox 842 1615 909 1677; x_wconf 89' lang='lat' dir='ltr'><strong>alia</strong></span> <span class='ocrx_word' id='word_1_165' title='bbox 963 1634 1078 1680; x_wconf 84' lang='lat' dir='ltr'><strong>verum</strong></span> <span class='ocrx_word' id='word_1_166' title='bbox 1093 1620 1194 1681; x_wconf 88' lang='lat' dir='ltr'><strong>etiam</strong></span> <span class='ocrx_word' id='word_1_167' title='bbox 1206 1636 1267 1697; x_wconf 98' lang='grc' dir='ltr'><strong>ρον</strong></span> <span class='ocrx_word' id='word_1_168' title='bbox 1280 1622 1445 1682; x_wconf 90' lang='lat' dir='ltr'><strong>naturam.</strong></span> <span class='ocrx_word' id='word_1_169' title='bbox 1469 1621 1563 1683; x_wconf 89' lang='lat' dir='ltr'><strong>Unde</strong></span> <span class='ocrx_word' id='word_1_170' title='bbox 1574 1624 1593 1684; x_wconf 85' lang='lat' dir='ltr'>J</span> <span class='ocrx_word' id='word_1_171' title='bbox 1595 1621 1736 1683; x_wconf 88' lang='lat' dir='ltr'><strong>eremias</strong></span> <span class='ocrx_word' id='word_1_172' title='bbox 1751 1640 1759 1682; x_wconf 77' lang='lat' dir='ltr'><strong>c</strong></span> 
     </span>
     <span class='ocr_line' id='line_1_15' title="bbox 111 1712 1762 1790; baseline 0.002 -15"><span class='ocrx_word' id='word_1_173' title='bbox 111 1714 271 1790; x_wconf 85' lang='lat' dir='ltr'><strong>simplicia</strong></span> <span class='ocrx_word' id='word_1_174' title='bbox 306 1713 491 1785; x_wconf 82' lang='lat' dir='ltr'><strong>sacrificia,</strong></span> <span class='ocrx_word' id='word_1_175' title='bbox 518 1712 586 1775; x_wconf 89' lang='lat' dir='ltr'><strong>alia</strong></span> <span class='ocrx_word' id='word_1_176' title='bbox 616 1712 766 1790; x_wconf 84' lang='lat' dir='ltr'><strong>pacifica.</strong></span> <span class='ocrx_word' id='word_1_177' title='bbox 804 1714 909 1774; x_wconf 91' lang='lat' dir='ltr'><strong>Holo-</strong></span> <span class='ocrx_word' id='word_1_178' title='bbox 963 1718 1030 1778; x_wconf 77' lang='lat' dir='ltr'><strong>Hic</strong></span> <span class='ocrx_word' id='word_1_179' title='bbox 1055 1719 1159 1777; x_wconf 67' lang='lat' dir='ltr'><strong>enlm,</strong></span> <span class='ocrx_word' id='word_1_180' title='bbox 1174 1719 1267 1777; x_wconf 84' lang='lat' dir='ltr'><strong>Deus</strong></span> <span class='ocrx_word' id='word_1_181' title='bbox 1291 1717 1411 1778; x_wconf 78' lang='lat' dir='ltr'><strong>noster</strong></span> <span class='ocrx_word' id='word_1_182' title='bbox 1438 1718 1472 1778; x_wconf 87' lang='lat' dir='ltr'><strong>et</strong></span> <span class='ocrx_word' id='word_1_183' title='bbox 1493 1733 1562 1778; x_wconf 81' lang='lat' dir='ltr'><strong>rum</strong></span> <span class='ocrx_word' id='word_1_184' title='bbox 1589 1718 1641 1779; x_wconf 83' lang='lat' dir='ltr'><strong>cst</strong></span> <span class='ocrx_word' id='word_1_185' title='bbox 1672 1720 1762 1779; x_wconf 81' lang='lat' dir='ltr'><strong>ottus</strong></span> 
     </span>
     <span class='ocr_line' id='line_1_16' title="bbox 111 1804 1763 1889; baseline 0 -16"><span class='ocrx_word' id='word_1_186' title='bbox 111 1814 256 1873; x_wconf 83' lang='lat' dir='ltr'><strong>caustum</strong></span> <span class='ocrx_word' id='word_1_187' title='bbox 270 1811 459 1872; x_wconf 79' lang='lat' dir='ltr'><strong>uocabatur</strong></span> <span class='ocrx_word' id='word_1_188' title='bbox 473 1804 559 1889; x_wconf 87' lang='lat' dir='ltr'><strong>quod</strong></span> <span class='ocrx_word' id='word_1_189' title='bbox 577 1811 631 1872; x_wconf 87' lang='lat' dir='ltr'><strong>vel</strong></span> <span class='ocrx_word' id='word_1_190' title='bbox 657 1827 700 1873; x_wconf 87' lang='lat' dir='ltr'><strong>ex</strong></span> <span class='ocrx_word' id='word_1_191' title='bbox 723 1810 835 1873; x_wconf 89' lang='lat' dir='ltr'><strong>debito</strong></span> <span class='ocrx_word' id='word_1_192' title='bbox 855 1811 910 1872; x_wconf 85' lang='lat' dir='ltr'><strong>rel</strong></span> <span class='ocrx_word' id='word_1_193' title='bbox 961 1812 1094 1887; x_wconf 82' lang='lat' dir='ltr'><strong>proetcr</strong></span> <span class='ocrx_word' id='word_1_194' title='bbox 1105 1815 1211 1884; x_wconf 75' lang='lat' dir='ltr'><strong>idum,</strong></span> <span class='ocrx_word' id='word_1_195' title='bbox 1223 1814 1328 1886; x_wconf 71' lang='lat' dir='ltr'><strong>quern</strong></span> <span class='ocrx_word' id='word_1_196' title='bbox 1343 1813 1557 1875; x_wconf 69' lang='lat' dir='ltr'><strong>terrtsotstcs</strong></span> <span class='ocrx_word' id='word_1_197' title='bbox 1568 1813 1630 1885; x_wconf 82' lang='lat' dir='ltr'><strong>est,</strong></span> <span class='ocrx_word' id='word_1_198' title='bbox 1642 1812 1763 1874; x_wconf 83' lang='lat' dir='ltr'><strong>etcum</strong></span> 
     </span>
     <span class='ocr_line' id='line_1_17' title="bbox 112 1907 1761 1988; baseline 0 -18"><span class='ocrx_word' id='word_1_199' title='bbox 112 1912 221 1987; x_wconf 86' lang='lat' dir='ltr'><strong>sponte</strong></span> <span class='ocrx_word' id='word_1_200' title='bbox 230 1909 383 1971; x_wconf 87' lang='lat' dir='ltr'><strong>oblatum</strong></span> <span class='ocrx_word' id='word_1_201' title='bbox 398 1909 502 1971; x_wconf 88' lang='lat' dir='ltr'><strong>totum</strong></span> <span class='ocrx_word' id='word_1_202' title='bbox 515 1908 764 1970; x_wconf 84' lang='lat' dir='ltr'><strong>incendebatur.</strong></span> <span class='ocrx_word' id='word_1_203' title='bbox 794 1909 910 1970; x_wconf 88' lang='lat' dir='ltr'><strong>Sacri·</strong></span> <span class='ocrx_word' id='word_1_204' title='bbox 963 1910 1154 1982; x_wconf 75' lang='lat' dir='ltr'><strong>bomtotbus</strong></span> <span class='ocrx_word' id='word_1_205' title='bbox 1184 1909 1411 1971; x_wconf 79' lang='lat' dir='ltr'><strong>conversatas</strong></span> <span class='ocrx_word' id='word_1_206' title='bbox 1440 1909 1491 1971; x_wconf 85' lang='lat' dir='ltr'><strong>est</strong></span> <span class='ocrx_word' id='word_1_207' title='bbox 1527 1907 1678 1988; x_wconf 89' lang='lat' dir='ltr'><strong>(Baruch</strong></span> <span class='ocrx_word' id='word_1_208' title='bbox 1702 1923 1761 1981; x_wconf 82' lang='lat'><strong>111,</strong></span> 
     </span>
     <span class='ocr_line' id='line_1_18' title="bbox 113 2004 1762 2086; baseline 0.001 -19"><span class='ocrx_word' id='word_1_209' title='bbox 113 2007 216 2068; x_wconf 88' lang='lat' dir='ltr'><strong>licium</strong></span> <span class='ocrx_word' id='word_1_210' title='bbox 230 2006 420 2068; x_wconf 77' lang='lat' dir='ltr'><strong>uocabatur</strong></span> <span class='ocrx_word' id='word_1_211' title='bbox 432 2006 518 2084; x_wconf 86' lang='lat' dir='ltr'><strong>quod</strong></span> <span class='ocrx_word' id='word_1_212' title='bbox 533 2021 594 2083; x_wconf 91' lang='grc' dir='ltr'><strong>ρνο</strong></span> <span class='ocrx_word' id='word_1_213' title='bbox 607 2005 717 2067; x_wconf 89' lang='lat' dir='ltr'><strong>debito</strong></span> <span class='ocrx_word' id='word_1_214' title='bbox 732 2006 912 2068; x_wconf 87' lang='lat' dir='ltr'><strong>institutio·</strong></span> <span class='ocrx_word' id='word_1_215' title='bbox 963 2004 1028 2086; x_wconf 83' lang='lat'>38).</span> <span class='ocrx_word' id='word_1_216' title='bbox 1051 2008 1095 2068; x_wconf 87' lang='lat' dir='ltr'><strong>Os</strong></span> <span class='ocrx_word' id='word_1_217' title='bbox 1115 2006 1156 2067; x_wconf 90' lang='lat' dir='ltr'><strong>de</strong></span> <span class='ocrx_word' id='word_1_218' title='bbox 1177 2006 1308 2067; x_wconf 86' lang='lat' dir='ltr'><strong>ossibus</strong></span> <span class='ocrx_word' id='word_1_219' title='bbox 1322 2006 1446 2068; x_wconf 89' lang='lat' dir='ltr'><strong>nostris</strong></span> <span class='ocrx_word' id='word_1_220' title='bbox 1462 2009 1495 2068; x_wconf 89' lang='lat' dir='ltr'><strong>et</strong></span> <span class='ocrx_word' id='word_1_221' title='bbox 1509 2021 1587 2068; x_wconf 90' lang='lat' dir='ltr'><strong>caro</strong></span> <span class='ocrx_word' id='word_1_222' title='bbox 1605 2007 1762 2068; x_wconf 87' lang='lat' dir='ltr'><strong>decarne</strong></span> 
     </span>
     <span class='ocr_line' id='line_1_19' title="bbox 113 2101 1765 2181; baseline -0.001 -17"><span class='ocrx_word' id='word_1_223' title='bbox 113 2104 158 2165; x_wconf 89' lang='lat' dir='ltr'><strong>nis</strong></span> <span class='ocrx_word' id='word_1_224' title='bbox 174 2103 327 2165; x_wconf 88' lang='lat' dir='ltr'><strong>oblatum</strong></span> <span class='ocrx_word' id='word_1_225' title='bbox 347 2104 468 2181; x_wconf 88' lang='lat' dir='ltr'><strong>partim</strong></span> <span class='ocrx_word' id='word_1_226' title='bbox 481 2103 700 2176; x_wconf 86' lang='lat' dir='ltr'><strong>cremabatur,</strong></span> <span class='ocrx_word' id='word_1_227' title='bbox 719 2104 841 2181; x_wconf 89' lang='lat' dir='ltr'><strong>partim</strong></span> <span class='ocrx_word' id='word_1_228' title='bbox 855 2119 912 2165; x_wconf 89' lang='grc' dir='ltr'><strong>νο-</strong></span> <span class='ocrx_word' id='word_1_229' title='bbox 965 2104 1088 2165; x_wconf 86' lang='lat' dir='ltr'><strong>nostra.</strong></span> <span class='ocrx_word' id='word_1_230' title='bbox 1119 2102 1277 2163; x_wconf 87' lang='lat' dir='ltr'><strong>Diabolus</strong></span> <span class='ocrx_word' id='word_1_231' title='bbox 1309 2101 1366 2180; x_wconf 91' lang='lat' dir='ltr'><strong>qui</strong></span> <span class='ocrx_word' id='word_1_232' title='bbox 1394 2117 1454 2179; x_wconf 89' lang='lat' dir='ltr'><strong>per</strong></span> <span class='ocrx_word' id='word_1_233' title='bbox 1479 2103 1604 2163; x_wconf 84' lang='lat' dir='ltr'><strong>ferrum</strong></span> <span class='ocrx_word' id='word_1_234' title='bbox 1632 2102 1765 2178; x_wconf 85' lang='lat' dir='ltr'><strong>signid-</strong></span> 
     </span>
     <span class='ocr_line' id='line_1_20' title="bbox 114 2199 1763 2279; baseline -0.001 -16"><span class='ocrx_word' id='word_1_235' title='bbox 114 2201 316 2264; x_wconf 81' lang='lat' dir='ltr'><strong>serrabatur.</strong></span> <span class='ocrx_word' id='word_1_236' title='bbox 332 2201 478 2263; x_wconf 87' lang='lat' dir='ltr'><strong>Pacidca</strong></span> <span class='ocrx_word' id='word_1_237' title='bbox 493 2200 698 2276; x_wconf 88' lang='lat' dir='ltr'><strong>dicebantur,</strong></span> <span class='ocrx_word' id='word_1_238' title='bbox 708 2218 781 2279; x_wconf 84' lang='lat' dir='ltr'><strong>quae</strong></span> <span class='ocrx_word' id='word_1_239' title='bbox 795 2203 911 2278; x_wconf 89' lang='lat' dir='ltr'><strong>sponte</strong></span> <span class='ocrx_word' id='word_1_240' title='bbox 965 2200 1069 2273; x_wconf 89' lang='lat' dir='ltr'><strong>catur,</strong></span> <span class='ocrx_word' id='word_1_241' title='bbox 1094 2199 1220 2260; x_wconf 90' lang='lat' dir='ltr'><strong>nullam</strong></span> <span class='ocrx_word' id='word_1_242' title='bbox 1235 2200 1432 2276; x_wconf 86' lang='lat' dir='ltr'><strong>potestatem</strong></span> <span class='ocrx_word' id='word_1_243' title='bbox 1453 2199 1489 2259; x_wconf 92' lang='lat' dir='ltr'><strong>in</strong></span> <span class='ocrx_word' id='word_1_244' title='bbox 1509 2199 1610 2260; x_wconf 88' lang='lat' dir='ltr'><strong>Beata</strong></span> <span class='ocrx_word' id='word_1_245' title='bbox 1624 2199 1763 2275; x_wconf 87' lang='lat' dir='ltr'><strong>Virgine</strong></span> 
     </span>
     <span class='ocr_line' id='line_1_21' title="bbox 115 2296 1765 2376; baseline -0.001 -15"><span class='ocrx_word' id='word_1_246' title='bbox 115 2298 339 2362; x_wconf 77' lang='lat' dir='ltr'><strong>offerebantur</strong></span> <span class='ocrx_word' id='word_1_247' title='bbox 368 2300 440 2362; x_wconf 82' lang='lat' dir='ltr'><strong>sire</strong></span> <span class='ocrx_word' id='word_1_248' title='bbox 468 2314 528 2376; x_wconf 92' lang='grc' dir='ltr'><strong>ρνο</strong></span> <span class='ocrx_word' id='word_1_249' title='bbox 555 2301 739 2375; x_wconf 85' lang='lat' dir='ltr'><strong>gratiarum</strong></span> <span class='ocrx_word' id='word_1_250' title='bbox 767 2299 909 2371; x_wconf 87' lang='lat' dir='ltr'><strong>actione,</strong></span> <span class='ocrx_word' id='word_1_251' title='bbox 965 2296 1087 2359; x_wconf 89' lang='lat' dir='ltr'><strong>habere</strong></span> <span class='ocrx_word' id='word_1_252' title='bbox 1121 2297 1238 2374; x_wconf 89' lang='lat' dir='ltr'><strong>potuit,</strong></span> <span class='ocrx_word' id='word_1_253' title='bbox 1270 2297 1349 2374; x_wconf 83' lang='lat' dir='ltr'><strong>quia</strong></span> <span class='ocrx_word' id='word_1_254' title='bbox 1381 2297 1524 2374; x_wconf 86' lang='lat' dir='ltr'><strong>Spiritus</strong></span> <span class='ocrx_word' id='word_1_255' title='bbox 1557 2298 1700 2359; x_wconf 89' lang='lat' dir='ltr'><strong>Sanctus</strong></span> <span class='ocrx_word' id='word_1_256' title='bbox 1730 2297 1765 2359; x_wconf 88' lang='lat' dir='ltr'><strong>et</strong></span> 
     </span>
     <span class='ocr_line' id='line_1_22' title="bbox 117 2393 1765 2474; baseline -0.001 -17"><span class='ocrx_word' id='word_1_257' title='bbox 117 2397 179 2457; x_wconf 82' lang='lat' dir='ltr'><strong>sire</strong></span> <span class='ocrx_word' id='word_1_258' title='bbox 207 2413 271 2474; x_wconf 90' lang='grc' dir='ltr'><strong>ρνο</strong></span> <span class='ocrx_word' id='word_1_259' title='bbox 307 2396 529 2474; x_wconf 88' lang='lat' dir='ltr'><strong>praecedentis</strong></span> <span class='ocrx_word' id='word_1_260' title='bbox 560 2396 628 2458; x_wconf 81' lang='lat' dir='ltr'><strong>voti</strong></span> <span class='ocrx_word' id='word_1_261' title='bbox 663 2396 909 2473; x_wconf 86' lang='lat' dir='ltr'><strong>adimpletione,</strong></span> <span class='ocrx_word' id='word_1_262' title='bbox 965 2395 1075 2471; x_wconf 87' lang='lat' dir='ltr'><strong>angeli</strong></span> <span class='ocrx_word' id='word_1_263' title='bbox 1099 2393 1329 2456; x_wconf 87' lang='lat' dir='ltr'><strong>custodierunt</strong></span> <span class='ocrx_word' id='word_1_264' title='bbox 1351 2409 1426 2454; x_wconf 88' lang='lat' dir='ltr'><strong>eam</strong></span> <span class='ocrx_word' id='word_1_265' title='bbox 1446 2408 1587 2470; x_wconf 87' lang='lat' dir='ltr'><strong>semper.</strong></span> <span class='ocrx_word' id='word_1_266' title='bbox 1614 2395 1654 2455; x_wconf 87' lang='lat' dir='ltr'><strong>Et</strong></span> <span class='ocrx_word' id='word_1_267' title='bbox 1677 2394 1765 2456; x_wconf 86' lang='lat' dir='ltr'><strong>sicut</strong></span> 
     </span>
     <span class='ocr_line' id='line_1_23' title="bbox 119 2490 1765 2571; baseline -0.002 -16"><span class='ocrx_word' id='word_1_268' title='bbox 119 2493 181 2556; x_wconf 83' lang='lat' dir='ltr'><strong>sire</strong></span> <span class='ocrx_word' id='word_1_269' title='bbox 194 2509 255 2571; x_wconf 90' lang='grc' dir='ltr'><strong>ρνο</strong></span> <span class='ocrx_word' id='word_1_270' title='bbox 270 2494 465 2556; x_wconf 79' lang='lat' dir='ltr'><strong>uoluntaria</strong></span> <span class='ocrx_word' id='word_1_271' title='bbox 480 2495 514 2555; x_wconf 91' lang='lat' dir='ltr'><strong>et</strong></span> <span class='ocrx_word' id='word_1_272' title='bbox 527 2494 709 2570; x_wconf 88' lang='lat' dir='ltr'><strong>spontanea</strong></span> <span class='ocrx_word' id='word_1_273' title='bbox 724 2494 909 2555; x_wconf 88' lang='lat' dir='ltr'><strong>devotione.</strong></span> <span class='ocrx_word' id='word_1_274' title='bbox 965 2492 1114 2553; x_wconf 85' lang='lat' dir='ltr'><strong>Christus</strong></span> <span class='ocrx_word' id='word_1_275' title='bbox 1129 2492 1227 2553; x_wconf 90' lang='lat' dir='ltr'><strong>natus</strong></span> <span class='ocrx_word' id='word_1_276' title='bbox 1244 2493 1295 2553; x_wconf 90' lang='lat' dir='ltr'><strong>est</strong></span> <span class='ocrx_word' id='word_1_277' title='bbox 1316 2490 1357 2551; x_wconf 88' lang='lat' dir='ltr'><strong>de</strong></span> <span class='ocrx_word' id='word_1_278' title='bbox 1371 2490 1471 2552; x_wconf 88' lang='lat' dir='ltr'><strong>Beata</strong></span> <span class='ocrx_word' id='word_1_279' title='bbox 1490 2490 1609 2563; x_wconf 89' lang='lat' dir='ltr'><strong>Maria,</strong></span> <span class='ocrx_word' id='word_1_280' title='bbox 1626 2507 1700 2568; x_wconf 86' lang='lat' dir='ltr'><strong>quae</strong></span> <span class='ocrx_word' id='word_1_281' title='bbox 1714 2491 1765 2552; x_wconf 86' lang='lat' dir='ltr'><strong>est</strong></span> 
     </span>
     <span class='ocr_line' id='line_1_24' title="bbox 119 2587 1764 2668; baseline -0.001 -17"><span class='ocrx_word' id='word_1_282' title='bbox 119 2591 349 2653; x_wconf 78' lang='lat' dir='ltr'><strong>holocaustum</strong></span> <span class='ocrx_word' id='word_1_283' title='bbox 366 2590 546 2668; x_wconf 83' lang='lat' dir='ltr'><strong>aliquando</strong></span> <span class='ocrx_word' id='word_1_284' title='bbox 561 2590 660 2653; x_wconf 86' lang='lat' dir='ltr'><strong>debat</strong></span> <span class='ocrx_word' id='word_1_285' title='bbox 678 2590 719 2653; x_wconf 92' lang='lat' dir='ltr'><strong>de</strong></span> <span class='ocrx_word' id='word_1_286' title='bbox 739 2591 909 2663; x_wconf 87' lang='lat' dir='ltr'><strong>armentis,</strong></span> <span class='ocrx_word' id='word_1_287' title='bbox 965 2590 1072 2653; x_wconf 86' lang='lat' dir='ltr'><strong>Mater</strong></span> <span class='ocrx_word' id='word_1_288' title='bbox 1086 2590 1118 2651; x_wconf 91' lang='lat' dir='ltr'><strong>et</strong></span> <span class='ocrx_word' id='word_1_289' title='bbox 1130 2590 1245 2666; x_wconf 88' lang='lat' dir='ltr'><strong>Virgo,</strong></span> <span class='ocrx_word' id='word_1_290' title='bbox 1262 2588 1310 2650; x_wconf 88' lang='lat' dir='ltr'><strong>ita</strong></span> <span class='ocrx_word' id='word_1_291' title='bbox 1325 2588 1359 2649; x_wconf 89' lang='lat' dir='ltr'><strong>et</strong></span> <span class='ocrx_word' id='word_1_292' title='bbox 1374 2604 1435 2649; x_wconf 90' lang='lat' dir='ltr'><strong>nos</strong></span> <span class='ocrx_word' id='word_1_293' title='bbox 1457 2589 1627 2649; x_wconf 85' lang='lat' dir='ltr'><strong>nascimur</strong></span> <span class='ocrx_word' id='word_1_294' title='bbox 1640 2587 1681 2648; x_wconf 91' lang='lat' dir='ltr'><strong>de</strong></span> <span class='ocrx_word' id='word_1_295' title='bbox 1696 2590 1764 2649; x_wconf 81' lang='lat' dir='ltr'><strong>Ec-</strong></span> 
     </span>
     <span class='ocr_line' id='line_1_25' title="bbox 122 2685 1765 2766; baseline -0.003 -17"><span class='ocrx_word' id='word_1_296' title='bbox 122 2688 293 2765; x_wconf 84' lang='lat' dir='ltr'><strong>aliquando</strong></span> <span class='ocrx_word' id='word_1_297' title='bbox 308 2688 350 2749; x_wconf 95' lang='lat' dir='ltr'><strong>de</strong></span> <span class='ocrx_word' id='word_1_298' title='bbox 363 2687 550 2765; x_wconf 86' lang='lat' dir='ltr'><strong>pecoribus,</strong></span> <span class='ocrx_word' id='word_1_299' title='bbox 566 2688 746 2766; x_wconf 84' lang='lat' dir='ltr'><strong>aliquando</strong></span> <span class='ocrx_word' id='word_1_300' title='bbox 759 2688 802 2749; x_wconf 93' lang='lat' dir='ltr'><strong>de</strong></span> <span class='ocrx_word' id='word_1_301' title='bbox 816 2686 912 2751; x_wconf 82' lang='lat' dir='ltr'><strong>rola—</strong></span> <span class='ocrx_word' id='word_1_302' title='bbox 966 2687 1078 2759; x_wconf 89' lang='lat' dir='ltr'><strong>clesia,</strong></span> <span class='ocrx_word' id='word_1_303' title='bbox 1095 2702 1168 2763; x_wconf 86' lang='lat' dir='ltr'><strong>quae</strong></span> <span class='ocrx_word' id='word_1_304' title='bbox 1185 2687 1235 2747; x_wconf 88' lang='lat' dir='ltr'><strong>est</strong></span> <span class='ocrx_word' id='word_1_305' title='bbox 1257 2685 1412 2747; x_wconf 80' lang='lat' dir='ltr'><strong>meteret</strong></span> <span class='ocrx_word' id='word_1_306' title='bbox 1431 2685 1537 2760; x_wconf 79' lang='lat' dir='ltr'><strong>uirgo,</strong></span> <span class='ocrx_word' id='word_1_307' title='bbox 1561 2699 1621 2760; x_wconf 90' lang='lat' dir='ltr'><strong>per</strong></span> <span class='ocrx_word' id='word_1_308' title='bbox 1643 2699 1765 2761; x_wconf 84' lang='lat' dir='ltr'><strong>aquam</strong></span> 
     </span>
     <span class='ocr_line' id='line_1_26' title="bbox 121 2780 1764 2863; baseline -0.002 -18"><span class='ocrx_word' id='word_1_309' title='bbox 121 2785 234 2846; x_wconf 87' lang='lat' dir='ltr'><strong>lilibus.</strong></span> <span class='ocrx_word' id='word_1_310' title='bbox 263 2785 397 2847; x_wconf 88' lang='lat' dir='ltr'><strong>Oblatio</strong></span> <span class='ocrx_word' id='word_1_311' title='bbox 415 2786 595 2863; x_wconf 86' lang='lat' dir='ltr'><strong>aliquando</strong></span> <span class='ocrx_word' id='word_1_312' title='bbox 614 2785 655 2847; x_wconf 93' lang='lat' dir='ltr'><strong>de</strong></span> <span class='ocrx_word' id='word_1_313' title='bbox 674 2786 785 2847; x_wconf 89' lang='lat' dir='ltr'><strong>simila</strong></span> <span class='ocrx_word' id='word_1_314' title='bbox 799 2785 909 2859; x_wconf 88' lang='lat' dir='ltr'><strong>flebat,</strong></span> <span class='ocrx_word' id='word_1_315' title='bbox 966 2785 999 2848; x_wconf 85' lang='lat' dir='ltr'><strong>et</strong></span> <span class='ocrx_word' id='word_1_316' title='bbox 1014 2784 1184 2863; x_wconf 52' lang='lat' dir='ltr'><strong>,Spiritum</strong></span> <span class='ocrx_word' id='word_1_317' title='bbox 1213 2783 1383 2844; x_wconf 82' lang='lat' dir='ltr'><strong>Sanctum.</strong></span> <span class='ocrx_word' id='word_1_318' title='bbox 1414 2781 1509 2843; x_wconf 89' lang='lat' dir='ltr'><strong>Unde</strong></span> <span class='ocrx_word' id='word_1_319' title='bbox 1534 2780 1729 2842; x_wconf 83' lang='lat' dir='ltr'><strong>Ambrosius</strong></span> <span class='ocrx_word' id='word_1_320' title='bbox 1755 2802 1764 2842; x_wconf 75' lang='lat' dir='ltr'><strong>c</strong></span> 
     </span>
     <span class='ocr_line' id='line_1_27' title="bbox 123 2878 1766 2960; baseline -0.003 -16"><span class='ocrx_word' id='word_1_321' title='bbox 123 2899 186 2960; x_wconf 77' lang='lat' dir='ltr'><strong>quae</strong></span> <span class='ocrx_word' id='word_1_322' title='bbox 197 2883 372 2944; x_wconf 89' lang='lat' dir='ltr'><strong>dicebatur</strong></span> <span class='ocrx_word' id='word_1_323' title='bbox 386 2883 498 2945; x_wconf 90' lang='lat' dir='ltr'><strong>simila</strong></span> <span class='ocrx_word' id='word_1_324' title='bbox 513 2883 626 2956; x_wconf 89' lang='lat' dir='ltr'><strong>cruda,</strong></span> <span class='ocrx_word' id='word_1_325' title='bbox 640 2884 695 2946; x_wconf 85' lang='lat' dir='ltr'><strong>rel</strong></span> <span class='ocrx_word' id='word_1_326' title='bbox 706 2883 912 2945; x_wconf 88' lang='lat' dir='ltr'><strong>similacrum</strong></span> <span class='ocrx_word' id='word_1_327' title='bbox 966 2901 985 2943; x_wconf 88' lang='lat'><strong>‹</strong></span> <span class='ocrx_word' id='word_1_328' title='bbox 1006 2883 1099 2944; x_wconf 90' lang='lat' dir='ltr'><strong>Parit</strong></span> <span class='ocrx_word' id='word_1_329' title='bbox 1113 2896 1174 2943; x_wconf 88' lang='lat' dir='ltr'><strong>nos</strong></span> <span class='ocrx_word' id='word_1_330' title='bbox 1186 2881 1282 2956; x_wconf 81' lang='lat' dir='ltr'><strong>virgo</strong></span> <span class='ocrx_word' id='word_1_331' title='bbox 1305 2884 1412 2942; x_wconf 89' lang='lat' dir='ltr'><strong>mater</strong></span> <span class='ocrx_word' id='word_1_332' title='bbox 1433 2878 1581 2941; x_wconf 81' lang='lat' dir='ltr'><strong>Ecclesia</strong></span> <span class='ocrx_word' id='word_1_333' title='bbox 1603 2894 1671 2940; x_wconf 89' lang='lat' dir='ltr'><strong>non</strong></span> <span class='ocrx_word' id='word_1_334' title='bbox 1689 2893 1766 2940; x_wconf 90' lang='lat' dir='ltr'><strong>cum</strong></span> 
     </span>
     <span class='ocr_line' id='line_1_28' title="bbox 123 2976 1767 3059; baseline -0.002 -18"><span class='ocrx_word' id='word_1_335' title='bbox 123 2980 261 3041; x_wconf 86' lang='lat' dir='ltr'><strong>crudum.</strong></span> <span class='ocrx_word' id='word_1_336' title='bbox 287 2980 477 3057; x_wconf 64' lang='lat' dir='ltr'><strong>mouendo</strong></span> <span class='ocrx_word' id='word_1_337' title='bbox 498 2980 538 3041; x_wconf 92' lang='lat' dir='ltr'><strong>de</strong></span> <span class='ocrx_word' id='word_1_338' title='bbox 556 2980 708 3059; x_wconf 86' lang='lat' dir='ltr'><strong>clybano,</strong></span> <span class='ocrx_word' id='word_1_339' title='bbox 733 2980 912 3059; x_wconf 86' lang='lat' dir='ltr'><strong>aliquando</strong></span> <span class='ocrx_word' id='word_1_340' title='bbox 967 2979 1081 3042; x_wconf 93' lang='lat' dir='ltr'><strong>dolore</strong></span> <span class='ocrx_word' id='word_1_341' title='bbox 1096 2977 1332 3050; x_wconf 88' lang='lat' dir='ltr'><strong>membrorum,</strong></span> <span class='ocrx_word' id='word_1_342' title='bbox 1351 2977 1409 3039; x_wconf 90' lang='lat' dir='ltr'><strong>sed</strong></span> <span class='ocrx_word' id='word_1_343' title='bbox 1423 2992 1498 3039; x_wconf 92' lang='lat' dir='ltr'><strong>cum</strong></span> <span class='ocrx_word' id='word_1_344' title='bbox 1511 2976 1643 3052; x_wconf 87' lang='lat' dir='ltr'><strong>gaudiis</strong></span> <span class='ocrx_word' id='word_1_345' title='bbox 1663 2990 1767 3052; x_wconf 89' lang='lat' dir='ltr'><strong>ange-</strong></span> 
     </span>
     <span class='ocr_line' id='line_1_29' title="bbox 123 3072 1766 3157; baseline -0.002 -20"><span class='ocrx_word' id='word_1_346' title='bbox 123 3077 156 3138; x_wconf 88' lang='lat' dir='ltr'><strong>de</strong></span> <span class='ocrx_word' id='word_1_347' title='bbox 169 3078 349 3154; x_wconf 78' lang='lat' dir='ltr'><strong>sartagine,</strong></span> <span class='ocrx_word' id='word_1_348' title='bbox 375 3078 554 3155; x_wconf 81' lang='lat' dir='ltr'><strong>aliquando</strong></span> <span class='ocrx_word' id='word_1_349' title='bbox 569 3078 609 3140; x_wconf 92' lang='lat' dir='ltr'><strong>de</strong></span> <span class='ocrx_word' id='word_1_350' title='bbox 629 3078 801 3150; x_wconf 86' lang='lat' dir='ltr'><strong>craticula,</strong></span> <span class='ocrx_word' id='word_1_351' title='bbox 826 3078 912 3157; x_wconf 86' lang='lat' dir='ltr'><strong>quod</strong></span> <span class='ocrx_word' id='word_1_352' title='bbox 967 3078 1085 3150; x_wconf 90' lang='lat' dir='ltr'><strong>lorum,</strong></span> <span class='ocrx_word' id='word_1_353' title='bbox 1102 3093 1121 3137; x_wconf 74' lang='lat' dir='ltr'><strong>a</strong></span> <span class='ocrx_word' id='word_1_354' title='bbox 1136 3076 1215 3155; x_wconf 85' lang='lat' dir='ltr'><strong>quia</strong></span> <span class='ocrx_word' id='word_1_355' title='bbox 1234 3075 1382 3153; x_wconf 85' lang='lat' dir='ltr'><strong>quotidie</strong></span> <span class='ocrx_word' id='word_1_356' title='bbox 1400 3074 1547 3136; x_wconf 74' lang='lat' dir='ltr'><strong>Ecclesia</strong></span> <span class='ocrx_word' id='word_1_357' title='bbox 1569 3073 1656 3151; x_wconf 90' lang='lat' dir='ltr'><strong>parit</strong></span> <span class='ocrx_word' id='word_1_358' title='bbox 1679 3072 1766 3135; x_wconf 84' lang='lat' dir='ltr'><strong>filios</strong></span> 
     </span>
     <span class='ocr_line' id='line_1_30' title="bbox 123 3170 1767 3253; baseline -0.003 -17"><span class='ocrx_word' id='word_1_359' title='bbox 123 3174 316 3236; x_wconf 75' lang='lat' dir='ltr'><strong>mendcium</strong></span> <span class='ocrx_word' id='word_1_360' title='bbox 326 3175 456 3236; x_wconf 90' lang='lat' dir='ltr'><strong>coctum</strong></span> <span class='ocrx_word' id='word_1_361' title='bbox 466 3174 650 3239; x_wconf 89' lang='lat' dir='ltr'><strong>dicebatur.</strong></span> <span class='ocrx_word' id='word_1_362' title='bbox 664 3175 835 3237; x_wconf 82' lang='lat' dir='ltr'><strong>sacrificia</strong></span> <span class='ocrx_word' id='word_1_363' title='bbox 846 3175 913 3237; x_wconf 89' lang='lat' dir='ltr'><strong>alia</strong></span> <span class='ocrx_word' id='word_1_364' title='bbox 967 3191 1027 3253; x_wconf 93' lang='grc' dir='ltr'><strong>ρον</strong></span> <span class='ocrx_word' id='word_1_365' title='bbox 1058 3174 1258 3252; x_wconf 88' lang='lat' dir='ltr'><strong>baptismum</strong></span> <span class='ocrx_word' id='word_1_366' title='bbox 1291 3174 1364 3234; x_wconf 90' lang='lat' dir='ltr'><strong>sine</strong></span> <span class='ocrx_word' id='word_1_367' title='bbox 1397 3172 1620 3249; x_wconf 81' lang='lat' dir='ltr'><strong>corruptione.</strong></span> <span class='ocrx_word' id='word_1_368' title='bbox 1653 3170 1767 3233; x_wconf 87' lang='lat' dir='ltr'><strong>Altare</strong></span> 
     </span>
     <span class='ocr_line' id='line_1_31' title="bbox 122 3272 1766 3351; baseline -0.003 -18"><span class='ocrx_word' id='word_1_369' title='bbox 122 3288 174 3349; x_wconf 92' lang='grc' dir='ltr'><strong>ρνο</strong></span> <span class='ocrx_word' id='word_1_370' title='bbox 187 3274 324 3350; x_wconf 90' lang='lat' dir='ltr'><strong>peccato</strong></span> <span class='ocrx_word' id='word_1_371' title='bbox 338 3275 446 3346; x_wconf 89' lang='lat' dir='ltr'><strong>erant,</strong></span> <span class='ocrx_word' id='word_1_372' title='bbox 458 3273 525 3334; x_wconf 89' lang='lat' dir='ltr'><strong>alia</strong></span> <span class='ocrx_word' id='word_1_373' title='bbox 538 3289 598 3350; x_wconf 89' lang='lat' dir='ltr'><strong>pro</strong></span> <span class='ocrx_word' id='word_1_374' title='bbox 611 3273 751 3350; x_wconf 81' lang='lat' dir='ltr'><strong>delict03</strong></span> <span class='ocrx_word' id='word_1_375' title='bbox 769 3288 829 3351; x_wconf 92' lang='lat' dir='ltr'><strong>pro</strong></span> <span class='ocrx_word' id='word_1_376' title='bbox 842 3289 915 3350; x_wconf 88' lang='lat' dir='ltr'><strong>pec·</strong></span> <span class='ocrx_word' id='word_1_377' title='bbox 968 3288 1047 3349; x_wconf 87' lang='lat' dir='ltr'><strong>ergo</strong></span> <span class='ocrx_word' id='word_1_378' title='bbox 1059 3274 1210 3336; x_wconf 87' lang='lat' dir='ltr'><strong>nostrum</strong></span> <span class='ocrx_word' id='word_1_379' title='bbox 1223 3272 1373 3332; x_wconf 83' lang='lat' dir='ltr'><strong>Christus</strong></span> <span class='ocrx_word' id='word_1_380' title='bbox 1386 3272 1446 3341; x_wconf 87' lang='lat' dir='ltr'><strong>est,</strong></span> <span class='ocrx_word' id='word_1_381' title='bbox 1474 3285 1574 3346; x_wconf 88' lang='lat' dir='ltr'><strong>super</strong></span> <span class='ocrx_word' id='word_1_382' title='bbox 1588 3283 1684 3346; x_wconf 86' lang='lat' dir='ltr'><strong>quem</strong></span> <span class='ocrx_word' id='word_1_383' title='bbox 1699 3283 1766 3329; x_wconf 89' lang='lat' dir='ltr'><strong>non</strong></span> 
     </span>
     <span class='ocr_line' id='line_1_32' title="bbox 122 3365 1767 3448; baseline -0.003 -17"><span class='ocrx_word' id='word_1_384' title='bbox 122 3371 188 3431; x_wconf 89' lang='lat' dir='ltr'><strong>cato</strong></span> <span class='ocrx_word' id='word_1_385' title='bbox 210 3370 357 3448; x_wconf 84' lang='lat' dir='ltr'><strong>quidem,</strong></span> <span class='ocrx_word' id='word_1_386' title='bbox 383 3370 419 3432; x_wconf 91' lang='lat' dir='ltr'><strong>ut</strong></span> <span class='ocrx_word' id='word_1_387' title='bbox 439 3370 632 3448; x_wconf 81' lang='lat' dir='ltr'><strong>expiaretur</strong></span> <span class='ocrx_word' id='word_1_388' title='bbox 645 3371 832 3448; x_wconf 68' lang='lat' dir='ltr'><strong>peccatum</strong></span> <span class='ocrx_word' id='word_1_389' title='bbox 855 3385 913 3448; x_wconf 92' lang='lat' dir='ltr'><strong>pro</strong></span> <span class='ocrx_word' id='word_1_390' title='bbox 969 3371 1076 3432; x_wconf 88' lang='lat' dir='ltr'><strong>solum</strong></span> <span class='ocrx_word' id='word_1_391' title='bbox 1089 3365 1767 3441; x_wconf 81' lang='lat' dir='ltr'><strong>sacriflciabonorumoperum,sedetiam</strong></span> 
     </span>
     <span class='ocr_line' id='line_1_33' title="bbox 121 3463 1769 3545; baseline -0.002 -19"><span class='ocrx_word' id='word_1_392' title='bbox 121 3467 245 3540; x_wconf 88' lang='lat' dir='ltr'><strong>delicto,</strong></span> <span class='ocrx_word' id='word_1_393' title='bbox 272 3469 309 3529; x_wconf 89' lang='lat' dir='ltr'><strong>ut</strong></span> <span class='ocrx_word' id='word_1_394' title='bbox 328 3468 524 3545; x_wconf 83' lang='lat' dir='ltr'><strong>expiaretur</strong></span> <span class='ocrx_word' id='word_1_395' title='bbox 545 3467 712 3530; x_wconf 90' lang='lat' dir='ltr'><strong>delictum.</strong></span> <span class='ocrx_word' id='word_1_396' title='bbox 738 3471 914 3530; x_wconf 86' lang='lat' dir='ltr'><strong>Peccatum</strong></span> <span class='ocrx_word' id='word_1_397' title='bbox 969 3467 1158 3531; x_wconf 90' lang='lat' dir='ltr'><strong>orationum</strong></span> <span class='ocrx_word' id='word_1_398' title='bbox 1169 3466 1318 3528; x_wconf 91' lang='lat' dir='ltr'><strong>omnium</strong></span> <span class='ocrx_word' id='word_1_399' title='bbox 1331 3463 1503 3526; x_wconf 84' lang='lat' dir='ltr'><strong>offerimus</strong></span> <span class='ocrx_word' id='word_1_400' title='bbox 1516 3463 1769 3525; x_wconf 73' lang='lat' dir='ltr'><strong>dicenteszPer</strong></span> 
     </span>
     <span class='ocr_line' id='line_1_34' title="bbox 121 3559 1769 3643; baseline -0.002 -17"><span class='ocrx_word' id='word_1_401' title='bbox 121 3565 452 3643; x_wconf 83' lang='lat' dir='ltr'><strong>astqnandolitquod</strong></span> <span class='ocrx_word' id='word_1_402' title='bbox 469 3564 743 3641; x_wconf 83' lang='lat' dir='ltr'><strong>horinondebet3</strong></span> <span class='ocrx_word' id='word_1_403' title='bbox 757 3565 915 3627; x_wconf 88' lang='lat' dir='ltr'><strong>delictum</strong></span> <span class='ocrx_word' id='word_1_404' title='bbox 969 3568 1155 3627; x_wconf 77' lang='lat' dir='ltr'><strong>Dominum</strong></span> <span class='ocrx_word' id='word_1_405' title='bbox 1174 3564 1334 3627; x_wconf 78' lang='lat' dir='ltr'><strong>nostram</strong></span> <span class='ocrx_word' id='word_1_406' title='bbox 1352 3565 1474 3623; x_wconf 76' lang='lat' dir='ltr'><strong>lesum</strong></span> <span class='ocrx_word' id='word_1_407' title='bbox 1498 3562 1710 3623; x_wconf 79' lang='lat' dir='ltr'><strong>Christum...</strong></span> <span class='ocrx_word' id='word_1_408' title='bbox 1727 3559 1769 3622; x_wconf 87' lang='lat' dir='ltr'><strong>Et</strong></span> 
     </span>
     <span class='ocr_line' id='line_1_35' title="bbox 119 3656 1769 3741; baseline -0.004 -17"><span class='ocrx_word' id='word_1_409' title='bbox 119 3664 175 3735; x_wconf 88' lang='lat' dir='ltr'><strong>ast,</strong></span> <span class='ocrx_word' id='word_1_410' title='bbox 189 3663 325 3741; x_wconf 84' lang='lat' dir='ltr'><strong>quando</strong></span> <span class='ocrx_word' id='word_1_411' title='bbox 346 3678 414 3724; x_wconf 89' lang='lat' dir='ltr'><strong>non</strong></span> <span class='ocrx_word' id='word_1_412' title='bbox 437 3663 473 3724; x_wconf 89' lang='lat' dir='ltr'><strong>tit</strong></span> <span class='ocrx_word' id='word_1_413' title='bbox 492 3663 578 3741; x_wconf 85' lang='lat' dir='ltr'><strong>quod</strong></span> <span class='ocrx_word' id='word_1_414' title='bbox 603 3662 677 3724; x_wconf 81' lang='lat' dir='ltr'><strong>iteri</strong></span> <span class='ocrx_word' id='word_1_415' title='bbox 694 3662 800 3724; x_wconf 90' lang='lat' dir='ltr'><strong>debet.</strong></span> <span class='ocrx_word' id='word_1_416' title='bbox 826 3664 867 3725; x_wconf 80' lang='lat' dir='ltr'><strong>ut</strong></span> <span class='ocrx_word' id='word_1_417' title='bbox 880 3662 915 3723; x_wconf 90' lang='lat' dir='ltr'><strong>in</strong></span> <span class='ocrx_word' id='word_1_418' title='bbox 970 3662 1057 3725; x_wconf 89' lang='lat' dir='ltr'><strong>sicut</strong></span> <span class='ocrx_word' id='word_1_419' title='bbox 1086 3662 1122 3723; x_wconf 87' lang='lat' dir='ltr'><strong>in</strong></span> <span class='ocrx_word' id='word_1_420' title='bbox 1148 3660 1248 3722; x_wconf 88' lang='lat' dir='ltr'><strong>altari</strong></span> <span class='ocrx_word' id='word_1_421' title='bbox 1273 3659 1439 3721; x_wconf 89' lang='lat' dir='ltr'><strong>materiali</strong></span> <span class='ocrx_word' id='word_1_422' title='bbox 1468 3658 1659 3719; x_wconf 89' lang='lat' dir='ltr'><strong>sanctorum</strong></span> <span class='ocrx_word' id='word_1_423' title='bbox 1687 3656 1769 3718; x_wconf 88' lang='lat' dir='ltr'><strong>reli-</strong></span> 
     </span>
     <span class='ocr_line' id='line_1_36' title="bbox 117 3752 1768 3838; baseline -0.005 -17"><span class='ocrx_word' id='word_1_424' title='bbox 117 3760 158 3821; x_wconf 88' lang='lat' dir='ltr'><strong>iis</strong></span> <span class='ocrx_word' id='word_1_425' title='bbox 168 3760 301 3838; x_wconf 85' lang='lat' dir='ltr'><strong>quidem</strong></span> <span class='ocrx_word' id='word_1_426' title='bbox 317 3760 471 3821; x_wconf 90' lang='lat' dir='ltr'><strong>omnibus</strong></span> <span class='ocrx_word' id='word_1_427' title='bbox 486 3761 695 3823; x_wconf 86' lang='lat' dir='ltr'><strong>sacramenta</strong></span> <span class='ocrx_word' id='word_1_428' title='bbox 707 3759 913 3833; x_wconf 87' lang='lat' dir='ltr'><strong>constabant,</strong></span> <span class='ocrx_word' id='word_1_429' title='bbox 971 3760 1057 3838; x_wconf 81' lang='lat' dir='ltr'><strong>quiae</strong></span> <span class='ocrx_word' id='word_1_430' title='bbox 1071 3757 1298 3820; x_wconf 88' lang='lat' dir='ltr'><strong>reconduntur</strong></span> <span class='ocrx_word' id='word_1_431' title='bbox 1317 3757 1353 3817; x_wconf 92' lang='lat' dir='ltr'><strong>in</strong></span> <span class='ocrx_word' id='word_1_432' title='bbox 1369 3755 1629 3819; x_wconf 75' lang='lat' dir='ltr'><strong>consecratione,</strong></span> <span class='ocrx_word' id='word_1_433' title='bbox 1640 3752 1768 3826; x_wconf 88' lang='lat' dir='ltr'><strong>altaris,</strong></span> 
     </span>
     <span class='ocr_line' id='line_1_37' title="bbox 116 3849 1768 3935; baseline -0.004 -17"><span class='ocrx_word' id='word_1_434' title='bbox 116 3859 191 3935; x_wconf 84' lang='lat' dir='ltr'><strong>quia</strong></span> <span class='ocrx_word' id='word_1_435' title='bbox 211 3857 365 3920; x_wconf 85' lang='lat' dir='ltr'><strong>homiues</strong></span> <span class='ocrx_word' id='word_1_436' title='bbox 385 3872 445 3935; x_wconf 89' lang='grc' dir='ltr'><strong>ρον</strong></span> <span class='ocrx_word' id='word_1_437' title='bbox 465 3858 538 3919; x_wconf 82' lang='lat' dir='ltr'><strong>haec</strong></span> <span class='ocrx_word' id='word_1_438' title='bbox 559 3859 771 3920; x_wconf 85' lang='lat' dir='ltr'><strong>sacramenta</strong></span> <span class='ocrx_word' id='word_1_439' title='bbox 792 3873 917 3935; x_wconf 87' lang='lat' dir='ltr'><strong>purga·</strong></span> <span class='ocrx_word' id='word_1_440' title='bbox 970 3858 1016 3918; x_wconf 89' lang='lat' dir='ltr'><strong>ita</strong></span> <span class='ocrx_word' id='word_1_441' title='bbox 1030 3856 1064 3916; x_wconf 92' lang='lat' dir='ltr'><strong>in</strong></span> <span class='ocrx_word' id='word_1_442' title='bbox 1079 3871 1217 3931; x_wconf 87' lang='lat' dir='ltr'><strong>corpore</strong></span> <span class='ocrx_word' id='word_1_443' title='bbox 1228 3853 1361 3924; x_wconf 85' lang='lat' dir='ltr'><strong>Christi,</strong></span> <span class='ocrx_word' id='word_1_444' title='bbox 1374 3851 1459 3928; x_wconf 88' lang='lat' dir='ltr'><strong>quod</strong></span> <span class='ocrx_word' id='word_1_445' title='bbox 1475 3866 1534 3927; x_wconf 90' lang='lat' dir='ltr'><strong>per</strong></span> <span class='ocrx_word' id='word_1_446' title='bbox 1549 3849 1654 3911; x_wconf 87' lang='lat' dir='ltr'><strong>altare</strong></span> <span class='ocrx_word' id='word_1_447' title='bbox 1669 3849 1768 3925; x_wconf 88' lang='lat' dir='ltr'><strong>signi·</strong></span> 
     </span>
    </p>
   </div>
   <div class='ocr_carea' id='block_1_5' title="bbox 7 3948 1770 4033">
    <p class='ocr_par' dir='ltr' id='par_1_6' title="bbox 7 3948 1770 4033">
     <span class='ocr_line' id='line_1_38' title="bbox 7 3948 1770 4033; baseline -0.006 -16"><span class='ocrx_word' id='word_1_448' title='bbox 7 3948 8 3951; x_wconf 67' lang='grc'>’</span> <span class='ocrx_word' id='word_1_449' title='bbox 115 3953 245 4018; x_wconf 88' lang='lat' dir='ltr'><strong>bantur.</strong></span> <span class='ocrx_word' id='word_1_450' title='bbox 279 3955 408 4017; x_wconf 86' lang='lat' dir='ltr'><strong>Dicitur</strong></span> <span class='ocrx_word' id='word_1_451' title='bbox 427 3954 470 4016; x_wconf 88' lang='lat' dir='ltr'><strong>ah</strong></span> <span class='ocrx_word' id='word_1_452' title='bbox 492 3955 536 4016; x_wconf 91' lang='lat' dir='ltr'><strong>iis</strong></span> <span class='ocrx_word' id='word_1_453' title='bbox 560 3955 617 4033; x_wconf 90' lang='lat' dir='ltr'><strong>qui</strong></span> <span class='ocrx_word' id='word_1_454' title='bbox 642 3956 850 4033; x_wconf 88' lang='lat' dir='ltr'><strong>scripserunt</strong></span> <span class='ocrx_word' id='word_1_455' title='bbox 876 3955 916 4016; x_wconf 90' lang='lat' dir='ltr'><strong>de</strong></span> <span class='ocrx_word' id='word_1_456' title='bbox 970 3954 1099 4025; x_wconf 81' lang='lat' dir='ltr'><strong>fleatur,</strong></span> <span class='ocrx_word' id='word_1_457' title='bbox 1115 3950 1287 4028; x_wconf 83' lang='lat' dir='ltr'><strong>sapientiae</strong></span> <span class='ocrx_word' id='word_1_458' title='bbox 1302 3949 1496 4010; x_wconf 82' lang='lat' dir='ltr'><strong>siscientiae</strong></span> <span class='ocrx_word' id='word_1_459' title='bbox 1511 3961 1635 4007; x_wconf 89' lang='lat' dir='ltr'><strong>arcana</strong></span> <span class='ocrx_word' id='word_1_460' title='bbox 1649 3961 1770 4007; x_wconf 89' lang='lat' dir='ltr'><strong>recon-</strong></span> 
     </span>
    </p>
   </div>
   <div class='ocr_carea' id='block_1_6' title="bbox 116 4044 1773 4325">
    <p class='ocr_par' dir='ltr' id='par_1_7' title="bbox 116 4044 1773 4325">
     <span class='ocr_line' id='line_1_39' title="bbox 116 4044 1769 4130; baseline -0.005 -17"><span class='ocrx_word' id='word_1_461' title='bbox 116 4055 245 4115; x_wconf 89' lang='lat' dir='ltr'><strong>naturis</strong></span> <span class='ocrx_word' id='word_1_462' title='bbox 271 4052 487 4125; x_wconf 91' lang='lat' dir='ltr'><strong>animalium,</strong></span> <span class='ocrx_word' id='word_1_463' title='bbox 514 4053 600 4130; x_wconf 88' lang='lat' dir='ltr'><strong>quod</strong></span> <span class='ocrx_word' id='word_1_464' title='bbox 622 4053 723 4115; x_wconf 88' lang='lat' dir='ltr'><strong>draco</strong></span> <span class='ocrx_word' id='word_1_465' title='bbox 744 4053 839 4130; x_wconf 89' lang='lat' dir='ltr'><strong>ponit</strong></span> <span class='ocrx_word' id='word_1_466' title='bbox 857 4053 916 4114; x_wconf 89' lang='lat' dir='ltr'><strong>in·</strong></span> <span class='ocrx_word' id='word_1_467' title='bbox 970 4052 1040 4113; x_wconf 88' lang='lat' dir='ltr'><strong>dita</strong></span> <span class='ocrx_word' id='word_1_468' title='bbox 1072 4049 1217 4110; x_wconf 84' lang='lat' dir='ltr'><strong>fuerunt.</strong></span> <span class='ocrx_word' id='word_1_469' title='bbox 1254 4045 1349 4108; x_wconf 90' lang='lat' dir='ltr'><strong>Unde</strong></span> <span class='ocrx_word' id='word_1_470' title='bbox 1382 4044 1560 4122; x_wconf 82' lang='lat' dir='ltr'><strong>Apostolus</strong></span> <span class='ocrx_word' id='word_1_471' title='bbox 1585 4065 1593 4104; x_wconf 77' lang='lat' dir='ltr'><em>z</em></span> <span class='ocrx_word' id='word_1_472' title='bbox 1618 4047 1662 4105; x_wconf 83' lang='lat' dir='ltr'><strong>Iro</strong></span> <span class='ocrx_word' id='word_1_473' title='bbox 1695 4046 1769 4117; x_wconf 73' lang='lat' dir='ltr'><strong>ipso</strong></span> 
     </span>
     <span class='ocr_line' id='line_1_40' title="bbox 117 4141 1771 4227; baseline -0.005 -17"><span class='ocrx_word' id='word_1_474' title='bbox 117 4150 218 4211; x_wconf 89' lang='lat' dir='ltr'><strong>sidias</strong></span> <span class='ocrx_word' id='word_1_475' title='bbox 239 4150 411 4227; x_wconf 90' lang='lat' dir='ltr'><strong>elephanti</strong></span> <span class='ocrx_word' id='word_1_476' title='bbox 432 4150 467 4211; x_wconf 91' lang='lat' dir='ltr'><strong>in</strong></span> <span class='ocrx_word' id='word_1_477' title='bbox 488 4149 560 4219; x_wconf 82' lang='lat' dir='ltr'><strong>ria,</strong></span> <span class='ocrx_word' id='word_1_478' title='bbox 592 4151 629 4213; x_wconf 87' lang='lat' dir='ltr'><strong>ut</strong></span> <span class='ocrx_word' id='word_1_479' title='bbox 650 4167 725 4212; x_wconf 92' lang='lat' dir='ltr'><strong>cum</strong></span> <span class='ocrx_word' id='word_1_480' title='bbox 745 4150 803 4212; x_wconf 93' lang='lat' dir='ltr'><strong>ille</strong></span> <span class='ocrx_word' id='word_1_481' title='bbox 823 4151 919 4212; x_wconf 89' lang='lat' dir='ltr'><strong>tran·</strong></span> <span class='ocrx_word' id='word_1_482' title='bbox 970 4149 1052 4212; x_wconf 77' lang='lat' dir='ltr'><strong>suot</strong></span> <span class='ocrx_word' id='word_1_483' title='bbox 1066 4160 1186 4209; x_wconf 82' lang='lat' dir='ltr'><strong>omnes</strong></span> <span class='ocrx_word' id='word_1_484' title='bbox 1201 4146 1356 4207; x_wconf 76' lang='lat' dir='ltr'><strong>thesauri</strong></span> <span class='ocrx_word' id='word_1_485' title='bbox 1369 4142 1551 4218; x_wconf 70' lang='lat' dir='ltr'><strong>saptentiae</strong></span> <span class='ocrx_word' id='word_1_486' title='bbox 1568 4141 1602 4203; x_wconf 87' lang='lat' dir='ltr'><strong>et</strong></span> <span class='ocrx_word' id='word_1_487' title='bbox 1616 4142 1771 4202; x_wconf 82' lang='lat' dir='ltr'><strong>soieottoe</strong></span> 
     </span>
     <span class='ocr_line' id='line_1_41' title="bbox 117 4239 1773 4325; baseline -0.005 -18"><span class='ocrx_word' id='word_1_488' title='bbox 117 4248 224 4320; x_wconf 83' lang='lat' dir='ltr'><strong>sterit,</strong></span> <span class='ocrx_word' id='word_1_489' title='bbox 258 4247 367 4309; x_wconf 90' lang='lat' dir='ltr'><strong>cauda</strong></span> <span class='ocrx_word' id='word_1_490' title='bbox 392 4263 453 4308; x_wconf 87' lang='lat' dir='ltr'><strong>sua</strong></span> <span class='ocrx_word' id='word_1_491' title='bbox 484 4247 691 4325; x_wconf 88' lang='lat' dir='ltr'><strong>constringat</strong></span> <span class='ocrx_word' id='word_1_492' title='bbox 720 4247 820 4325; x_wconf 87' lang='lat' dir='ltr'><strong>pedes</strong></span> <span class='ocrx_word' id='word_1_493' title='bbox 846 4249 917 4323; x_wconf 90' lang='lat' dir='ltr'><strong>ejus</strong></span> <span class='ocrx_word' id='word_1_494' title='bbox 971 4244 1183 4315; x_wconf 75' lang='lat' dir='ltr'><strong>ooscooorto,</strong></span> <span class='ocrx_word' id='word_1_495' title='bbox 1209 4243 1243 4304; x_wconf 86' lang='lat' dir='ltr'><strong>et</strong></span> <span class='ocrx_word' id='word_1_496' title='bbox 1266 4245 1304 4303; x_wconf 81' lang='lat' dir='ltr'><strong>to</strong></span> <span class='ocrx_word' id='word_1_497' title='bbox 1322 4254 1362 4302; x_wconf 88' lang='lat' dir='ltr'><strong>eo</strong></span> <span class='ocrx_word' id='word_1_498' title='bbox 1385 4242 1499 4303; x_wconf 79' lang='lat' dir='ltr'><strong>onerato</strong></span> <span class='ocrx_word' id='word_1_499' title='bbox 1518 4239 1693 4313; x_wconf 76' lang='lat' dir='ltr'><strong>plenitudo</strong></span> <span class='ocrx_word' id='word_1_500' title='bbox 1718 4240 1773 4299; x_wconf 78' lang='lat' dir='ltr'><strong>oti-</strong></span> 
     </span>
    </p>
   </div>
   <div class='ocr_carea' id='block_1_7' title="bbox 10 4331 1772 4423">
    <p class='ocr_par' dir='ltr' id='par_1_8' title="bbox 10 4331 1772 4423">
     <span class='ocr_line' id='line_1_42' title="bbox 10 4331 1772 4423; baseline -0.006 -16"><span class='ocrx_word' id='word_1_501' title='bbox 10 4358 16 4423; x_wconf 69' lang='grc'>]</span> <span class='ocrx_word' id='word_1_502' title='bbox 117 4348 149 4406; x_wconf 88' lang='lat' dir='ltr'><strong>et</strong></span> <span class='ocrx_word' id='word_1_503' title='bbox 169 4345 218 4406; x_wconf 85' lang='lat' dir='ltr'><strong>sic</strong></span> <span class='ocrx_word' id='word_1_504' title='bbox 239 4343 343 4406; x_wconf 84' lang='lat' dir='ltr'><strong>iaciat</strong></span> <span class='ocrx_word' id='word_1_505' title='bbox 364 4360 439 4405; x_wconf 90' lang='lat' dir='ltr'><strong>eum</strong></span> <span class='ocrx_word' id='word_1_506' title='bbox 460 4359 569 4405; x_wconf 88' lang='lat' dir='ltr'><strong>ruere.</strong></span> <span class='ocrx_word' id='word_1_507' title='bbox 597 4345 637 4406; x_wconf 84' lang='lat' dir='ltr'><strong>Et</strong></span> <span class='ocrx_word' id='word_1_508' title='bbox 658 4345 736 4422; x_wconf 87' lang='lat' dir='ltr'><strong>quia</strong></span> <span class='ocrx_word' id='word_1_509' title='bbox 758 4343 918 4421; x_wconf 87' lang='lat' dir='ltr'><strong>elephans</strong></span> <span class='ocrx_word' id='word_1_510' title='bbox 972 4342 1130 4404; x_wconf 76' lang='lat' dir='ltr'><strong>otodotts</strong></span> <span class='ocrx_word' id='word_1_511' title='bbox 1146 4338 1377 4414; x_wconf 77' lang='lat' dir='ltr'><strong>corporaliter</strong></span> <span class='ocrx_word' id='word_1_512' title='bbox 1395 4340 1432 4399; x_wconf 82' lang='lat' dir='ltr'><strong>to</strong></span> <span class='ocrx_word' id='word_1_513' title='bbox 1451 4337 1667 4399; x_wconf 79' lang='lat' dir='ltr'><strong>buowoitote</strong></span> <span class='ocrx_word' id='word_1_514' title='bbox 1694 4331 1772 4413; x_wconf 87' lang='lat' dir='ltr'><strong>(Co-</strong></span> 
     </span>
    </p>
   </div>
   <div class='ocr_carea' id='block_1_8' title="bbox 8 4436 1773 5296">
    <p class='ocr_par' dir='ltr' id='par_1_9' title="bbox 118 4436 1212 4517">
     <span class='ocr_line' id='line_1_43' title="bbox 118 4436 1212 4517; baseline -0.004 -17"><span class='ocrx_word' id='word_1_515' title='bbox 118 4454 183 4501; x_wconf 89' lang='lat' dir='ltr'><strong>non</strong></span> <span class='ocrx_word' id='word_1_516' title='bbox 205 4440 314 4517; x_wconf 88' lang='lat' dir='ltr'><strong>potest</strong></span> <span class='ocrx_word' id='word_1_517' title='bbox 334 4455 483 4516; x_wconf 80' lang='lat' dir='ltr'><strong>surgere,</strong></span> <span class='ocrx_word' id='word_1_518' title='bbox 506 4439 605 4502; x_wconf 78' lang='lat' dir='ltr'><strong>facile</strong></span> <span class='ocrx_word' id='word_1_519' title='bbox 624 4440 729 4503; x_wconf 74' lang='lat' dir='ltr'><strong>vincit</strong></span> <span class='ocrx_word' id='word_1_520' title='bbox 743 4456 830 4501; x_wconf 90' lang='lat' dir='ltr'><strong>eum.</strong></span> <span class='ocrx_word' id='word_1_521' title='bbox 854 4439 918 4501; x_wconf 85' lang='lat' dir='ltr'><strong>Sed</strong></span> <span class='ocrx_word' id='word_1_522' title='bbox 973 4440 1051 4501; x_wconf 89' lang='lat' dir='ltr'><strong>loss.</strong></span> <span class='ocrx_word' id='word_1_523' title='bbox 1065 4455 1103 4511; x_wconf 90' lang='lat'><strong>11,</strong></span> <span class='ocrx_word' id='word_1_524' title='bbox 1118 4441 1150 4507; x_wconf 89' lang='lat'><strong>3,</strong></span> <span class='ocrx_word' id='word_1_525' title='bbox 1165 4436 1212 4517; x_wconf 83' lang='lat'><strong>9).</strong></span> 
     </span>
    </p>

    <p class='ocr_par' dir='ltr' id='par_1_10' title="bbox 8 4528 1773 5296">
     <span class='ocr_line' id='line_1_44' title="bbox 120 4528 1768 4614; baseline -0.005 -17"><span class='ocrx_word' id='word_1_526' title='bbox 120 4537 279 4614; x_wconf 83' lang='lat' dir='ltr'><strong>elephans</strong></span> <span class='ocrx_word' id='word_1_527' title='bbox 300 4536 353 4598; x_wconf 88' lang='lat' dir='ltr'><strong>est</strong></span> <span class='ocrx_word' id='word_1_528' title='bbox 373 4536 578 4613; x_wconf 85' lang='lat' dir='ltr'><strong>ingeniosas.</strong></span> <span class='ocrx_word' id='word_1_529' title='bbox 607 4540 693 4598; x_wconf 81' lang='lat' dir='ltr'><strong>Casu</strong></span> <span class='ocrx_word' id='word_1_530' title='bbox 714 4553 775 4599; x_wconf 90' lang='lat' dir='ltr'><strong>suo</strong></span> <span class='ocrx_word' id='word_1_531' title='bbox 806 4537 921 4614; x_wconf 88' lang='lat' dir='ltr'><strong>oppri-</strong></span> <span class='ocrx_word' id='word_1_532' title='bbox 1014 4535 1171 4614; x_wconf 84' lang='lat' dir='ltr'><strong>Sequitur</strong></span> <span class='ocrx_word' id='word_1_533' title='bbox 1193 4534 1234 4595; x_wconf 92' lang='lat' dir='ltr'><strong>de</strong></span> <span class='ocrx_word' id='word_1_534' title='bbox 1261 4531 1427 4610; x_wconf 90' lang='lat' dir='ltr'><strong>lapidibus</strong></span> <span class='ocrx_word' id='word_1_535' title='bbox 1454 4546 1536 4609; x_wconf 85' lang='lat' dir='ltr'><strong>quoe</strong></span> <span class='ocrx_word' id='word_1_536' title='bbox 1556 4528 1681 4590; x_wconf 81' lang='lat' dir='ltr'><strong>serrum</strong></span> <span class='ocrx_word' id='word_1_537' title='bbox 1701 4543 1768 4588; x_wconf 89' lang='lat' dir='ltr'><strong>non</strong></span> 
     </span>
     <span class='ocr_line' id='line_1_45' title="bbox 120 4625 1772 4711; baseline -0.007 -16"><span class='ocrx_word' id='word_1_538' title='bbox 120 4634 179 4695; x_wconf 88' lang='lat' dir='ltr'><strong>mit</strong></span> <span class='ocrx_word' id='word_1_539' title='bbox 198 4635 391 4707; x_wconf 88' lang='lat' dir='ltr'><strong>draconem,</strong></span> <span class='ocrx_word' id='word_1_540' title='bbox 414 4634 448 4696; x_wconf 89' lang='lat' dir='ltr'><strong>et</strong></span> <span class='ocrx_word' id='word_1_541' title='bbox 468 4634 568 4696; x_wconf 89' lang='lat' dir='ltr'><strong>draco</strong></span> <span class='ocrx_word' id='word_1_542' title='bbox 589 4636 741 4698; x_wconf 89' lang='lat' dir='ltr'><strong>moritur.</strong></span> <span class='ocrx_word' id='word_1_543' title='bbox 772 4636 821 4696; x_wconf 90' lang='lat' dir='ltr'><strong>Ita</strong></span> <span class='ocrx_word' id='word_1_544' title='bbox 842 4634 921 4696; x_wconf 85' lang='lat' dir='ltr'><strong>iecit</strong></span> <span class='ocrx_word' id='word_1_545' title='bbox 972 4634 1092 4711; x_wconf 87' lang='lat' dir='ltr'><strong>tetigit.</strong></span> <span class='ocrx_word' id='word_1_546' title='bbox 1121 4633 1276 4708; x_wconf 87' lang='lat' dir='ltr'><strong>Legimus</strong></span> <span class='ocrx_word' id='word_1_547' title='bbox 1305 4629 1391 4706; x_wconf 85' lang='lat' dir='ltr'><strong>quod</strong></span> <span class='ocrx_word' id='word_1_548' title='bbox 1407 4628 1534 4705; x_wconf 89' lang='lat' dir='ltr'><strong>lapides</strong></span> <span class='ocrx_word' id='word_1_549' title='bbox 1557 4625 1672 4701; x_wconf 88' lang='lat' dir='ltr'><strong>templi</strong></span> <span class='ocrx_word' id='word_1_550' title='bbox 1693 4640 1772 4685; x_wconf 89' lang='lat' dir='ltr'><strong>eru-</strong></span> 
     </span>
     <span class='ocr_line' id='line_1_46' title="bbox 121 4719 1770 4809; baseline -0.006 -17"><span class='ocrx_word' id='word_1_551' title='bbox 121 4731 271 4794; x_wconf 87' lang='lat' dir='ltr'><strong>diabolus</strong></span> <span class='ocrx_word' id='word_1_552' title='bbox 293 4731 438 4794; x_wconf 88' lang='lat' dir='ltr'><strong>Christo.</strong></span> <span class='ocrx_word' id='word_1_553' title='bbox 463 4733 642 4796; x_wconf 87' lang='lat' dir='ltr'><strong>insidiatus</strong></span> <span class='ocrx_word' id='word_1_554' title='bbox 662 4734 712 4795; x_wconf 90' lang='lat' dir='ltr'><strong>est</strong></span> <span class='ocrx_word' id='word_1_555' title='bbox 732 4733 766 4793; x_wconf 90' lang='lat' dir='ltr'><strong>ei</strong></span> <span class='ocrx_word' id='word_1_556' title='bbox 786 4747 846 4809; x_wconf 92' lang='lat' dir='ltr'><strong>per</strong></span> <span class='ocrx_word' id='word_1_557' title='bbox 865 4734 921 4794; x_wconf 87' lang='lat' dir='ltr'><strong>Ju-</strong></span> <span class='ocrx_word' id='word_1_558' title='bbox 975 4730 1177 4794; x_wconf 89' lang='lat' dir='ltr'><strong>derabantur</strong></span> <span class='ocrx_word' id='word_1_559' title='bbox 1198 4743 1242 4788; x_wconf 87' lang='lat' dir='ltr'><strong>ex</strong></span> <span class='ocrx_word' id='word_1_560' title='bbox 1266 4724 1463 4795; x_wconf 86' lang='lat' dir='ltr'><strong>Jerusalem,</strong></span> <span class='ocrx_word' id='word_1_561' title='bbox 1486 4722 1520 4783; x_wconf 87' lang='lat' dir='ltr'><strong>at</strong></span> <span class='ocrx_word' id='word_1_562' title='bbox 1544 4719 1770 4797; x_wconf 88' lang='lat' dir='ltr'><strong>suntlapides</strong></span> 
     </span>
     <span class='ocr_line' id='line_1_47' title="bbox 122 4815 1770 4908; baseline -0.007 -18"><span class='ocrx_word' id='word_1_563' title='bbox 122 4829 219 4903; x_wconf 81' lang='lat' dir='ltr'><strong>daeos,</strong></span> <span class='ocrx_word' id='word_1_564' title='bbox 243 4831 277 4893; x_wconf 90' lang='lat' dir='ltr'><strong>et</strong></span> <span class='ocrx_word' id='word_1_565' title='bbox 291 4830 450 4891; x_wconf 82' lang='lat' dir='ltr'><strong>astrinxit</strong></span> <span class='ocrx_word' id='word_1_566' title='bbox 463 4830 563 4906; x_wconf 88' lang='lat' dir='ltr'><strong>pedes</strong></span> <span class='ocrx_word' id='word_1_567' title='bbox 576 4832 649 4908; x_wconf 87' lang='lat' dir='ltr'><strong>ejus</strong></span> <span class='ocrx_word' id='word_1_568' title='bbox 664 4831 700 4891; x_wconf 90' lang='lat' dir='ltr'><strong>in</strong></span> <span class='ocrx_word' id='word_1_569' title='bbox 722 4845 831 4892; x_wconf 88' lang='lat' dir='ltr'><strong>cruce.</strong></span> <span class='ocrx_word' id='word_1_570' title='bbox 856 4829 920 4890; x_wconf 89' lang='lat' dir='ltr'><strong>Sed</strong></span> <span class='ocrx_word' id='word_1_571' title='bbox 976 4830 1059 4906; x_wconf 89' lang='lat' dir='ltr'><strong>ejus,</strong></span> <span class='ocrx_word' id='word_1_572' title='bbox 1084 4824 1172 4886; x_wconf 91' lang='lat' dir='ltr'><strong>idest</strong></span> <span class='ocrx_word' id='word_1_573' title='bbox 1190 4821 1284 4899; x_wconf 72' lang='lat' dir='ltr'><strong>iusti.</strong></span> <span class='ocrx_word' id='word_1_574' title='bbox 1302 4819 1408 4891; x_wconf 89' lang='lat' dir='ltr'><strong>Unde,</strong></span> <span class='ocrx_word' id='word_1_575' title='bbox 1433 4819 1463 4878; x_wconf 87' lang='lat' dir='ltr'><strong>si</strong></span> <span class='ocrx_word' id='word_1_576' title='bbox 1485 4815 1666 4878; x_wconf 83' lang='lat' dir='ltr'><strong>aedificabis</strong></span> <span class='ocrx_word' id='word_1_577' title='bbox 1687 4816 1770 4878; x_wconf 86' lang='lat' dir='ltr'><strong>mihi</strong></span> 
     </span>
     <span class='ocr_line' id='line_1_48' title="bbox 123 4912 1772 5005; baseline -0.008 -17"><span class='ocrx_word' id='word_1_578' title='bbox 123 4942 296 4998; x_wconf 69' lang='lat' dir='ltr'><strong>dirruens,</strong></span> <span class='ocrx_word' id='word_1_579' title='bbox 318 4926 416 4999; x_wconf 90' lang='lat' dir='ltr'><strong>idest,</strong></span> <span class='ocrx_word' id='word_1_580' title='bbox 440 4927 590 4989; x_wconf 86' lang='lat' dir='ltr'><strong>Christus</strong></span> <span class='ocrx_word' id='word_1_581' title='bbox 613 4927 758 4989; x_wconf 91' lang='lat' dir='ltr'><strong>moriens</strong></span> <span class='ocrx_word' id='word_1_582' title='bbox 780 4942 921 5005; x_wconf 86' lang='lat' dir='ltr'><strong>oppres·</strong></span> <span class='ocrx_word' id='word_1_583' title='bbox 976 4924 1083 4986; x_wconf 89' lang='lat' dir='ltr'><strong>altare</strong></span> <span class='ocrx_word' id='word_1_584' title='bbox 1119 4922 1161 4982; x_wconf 91' lang='lat' dir='ltr'><strong>de</strong></span> <span class='ocrx_word' id='word_1_585' title='bbox 1198 4916 1374 4995; x_wconf 87' lang='lat' dir='ltr'><strong>lapidibus,</strong></span> <span class='ocrx_word' id='word_1_586' title='bbox 1400 4913 1579 4976; x_wconf 83' lang='lat' dir='ltr'><strong>aedificabis</strong></span> <span class='ocrx_word' id='word_1_587' title='bbox 1616 4912 1699 4973; x_wconf 93' lang='lat' dir='ltr'><strong>illud</strong></span> <span class='ocrx_word' id='word_1_588' title='bbox 1731 4914 1772 4976; x_wconf 91' lang='lat' dir='ltr'><strong>de</strong></span> 
     </span>
     <span class='ocr_line' id='line_1_49' title="bbox 125 5010 1773 5102; baseline -0.007 -18"><span class='ocrx_word' id='word_1_589' title='bbox 125 5025 167 5086; x_wconf 85' lang='lat' dir='ltr'><strong>sit</strong></span> <span class='ocrx_word' id='word_1_590' title='bbox 185 5026 376 5098; x_wconf 86' lang='lat' dir='ltr'><strong>draconem,</strong></span> <span class='ocrx_word' id='word_1_591' title='bbox 399 5025 478 5102; x_wconf 84' lang='lat' dir='ltr'><strong>quia</strong></span> <span class='ocrx_word' id='word_1_592' title='bbox 499 5025 581 5086; x_wconf 83' lang='lat' dir='ltr'><strong>uicit</strong></span> <span class='ocrx_word' id='word_1_593' title='bbox 601 5024 782 5086; x_wconf 91' lang='lat' dir='ltr'><strong>diabolum.</strong></span> <span class='ocrx_word' id='word_1_594' title='bbox 977 5018 1143 5099; x_wconf 86' lang='lat' dir='ltr'><strong>lapidibus</strong></span> <span class='ocrx_word' id='word_1_595' title='bbox 1171 5032 1253 5094; x_wconf 90' lang='lat' dir='ltr'><strong>quos</strong></span> <span class='ocrx_word' id='word_1_596' title='bbox 1272 5014 1398 5075; x_wconf 85' lang='lat' dir='ltr'><strong>serrum</strong></span> <span class='ocrx_word' id='word_1_597' title='bbox 1426 5027 1493 5073; x_wconf 91' lang='lat' dir='ltr'><strong>non</strong></span> <span class='ocrx_word' id='word_1_598' title='bbox 1521 5010 1639 5083; x_wconf 82' lang='lat' dir='ltr'><strong>tetigit,</strong></span> <span class='ocrx_word' id='word_1_599' title='bbox 1669 5011 1773 5073; x_wconf 83' lang='lat' dir='ltr'><strong>otest</strong></span> 
     </span>
     <span class='ocr_line' id='line_1_50' title="bbox 8 5108 1772 5201; baseline -0.012 -12"><span class='ocrx_word' id='word_1_600' title='bbox 8 5174 9 5189; x_wconf 64' lang='grc'>,</span> <span class='ocrx_word' id='word_1_601' title='bbox 163 5123 319 5201; x_wconf 82' lang='lat' dir='ltr'><strong>Sequitur</strong></span> <span class='ocrx_word' id='word_1_602' title='bbox 346 5122 388 5184; x_wconf 94' lang='lat' dir='ltr'><strong>de</strong></span> <span class='ocrx_word' id='word_1_603' title='bbox 416 5122 527 5183; x_wconf 88' lang='lat' dir='ltr'><strong>altari.</strong></span> <span class='ocrx_word' id='word_1_604' title='bbox 555 5121 706 5182; x_wconf 83' lang='lat' dir='ltr'><strong>Christus</strong></span> <span class='ocrx_word' id='word_1_605' title='bbox 735 5122 847 5199; x_wconf 88' lang='lat' dir='ltr'><strong>itaque</strong></span> <span class='ocrx_word' id='word_1_606' title='bbox 873 5121 924 5182; x_wconf 87' lang='lat' dir='ltr'><strong>est</strong></span> <span class='ocrx_word' id='word_1_607' title='bbox 978 5119 1062 5196; x_wconf 91' lang='lat' dir='ltr'><strong>lapis</strong></span> <span class='ocrx_word' id='word_1_608' title='bbox 1089 5117 1161 5193; x_wconf 85' lang='lat' dir='ltr'><strong>ipse</strong></span> <span class='ocrx_word' id='word_1_609' title='bbox 1176 5116 1274 5174; x_wconf 81' lang='lat' dir='ltr'><strong>Deus.</strong></span> <span class='ocrx_word' id='word_1_610' title='bbox 1293 5110 1386 5173; x_wconf 91' lang='lat' dir='ltr'><strong>Unde</strong></span> <span class='ocrx_word' id='word_1_611' title='bbox 1409 5108 1772 5183; x_wconf 77' lang='lat' dir='ltr'><strong>Danie12chasproe-</strong></span> 
     </span>
     <span class='ocr_line' id='line_1_51' title="bbox 9 5202 1770 5296; baseline -0.009 -18"><span class='ocrx_word' id='word_1_612' title='bbox 9 5220 10 5225; x_wconf 77' lang='grc'>’</span> <span class='ocrx_word' id='word_1_613' title='bbox 128 5216 227 5282; x_wconf 85' lang='lat' dir='ltr'><strong>altare</strong></span> <span class='ocrx_word' id='word_1_614' title='bbox 247 5219 451 5282; x_wconf 81' lang='lat' dir='ltr'><strong>aedificatum</strong></span> <span class='ocrx_word' id='word_1_615' title='bbox 473 5218 513 5279; x_wconf 90' lang='lat' dir='ltr'><strong>de</strong></span> <span class='ocrx_word' id='word_1_616' title='bbox 535 5217 719 5296; x_wconf 87' lang='lat' dir='ltr'><strong>lapidibus,</strong></span> <span class='ocrx_word' id='word_1_617' title='bbox 752 5232 835 5296; x_wconf 86' lang='lat' dir='ltr'><strong>quos</strong></span> <span class='ocrx_word' id='word_1_618' title='bbox 856 5218 924 5279; x_wconf 86' lang='lat' dir='ltr'><strong>fer·</strong></span> <span class='ocrx_word' id='word_1_619' title='bbox 978 5219 1069 5278; x_wconf 72' lang='lat' dir='ltr'><strong>coos</strong></span> <span class='ocrx_word' id='word_1_620' title='bbox 1083 5210 1248 5275; x_wconf 76' lang='lat' dir='ltr'><strong>damoeta</strong></span> <span class='ocrx_word' id='word_1_621' title='bbox 1257 5209 1499 5271; x_wconf 80' lang='lat' dir='ltr'><strong>sinemorzibus</strong></span> <span class='ocrx_word' id='word_1_622' title='bbox 1510 5204 1652 5285; x_wconf 89' lang='lat' dir='ltr'><strong>(Daniel.</strong></span> <span class='ocrx_word' id='word_1_623' title='bbox 1661 5202 1770 5282; x_wconf 77' lang='lat' dir='ltr'><strong>n,45).</strong></span> 
     </span>
    </p>
   </div>
   <div class='ocr_carea' id='block_1_9' title="bbox 14 5300 1775 5393">
    <p class='ocr_par' dir='ltr' id='par_1_11' title="bbox 14 5300 1775 5393">
     <span class='ocr_line' id='line_1_52' title="bbox 14 5300 1775 5393; baseline -0.01 -15"><span class='ocrx_word' id='word_1_624' title='bbox 14 5328 16 5353; x_wconf 40' lang='grc' dir='ltr'><strong>ν</strong></span> <span class='ocrx_word' id='word_1_625' title='bbox 129 5332 196 5378; x_wconf 87' lang='lat' dir='ltr'><strong>rum</strong></span> <span class='ocrx_word' id='word_1_626' title='bbox 216 5333 283 5380; x_wconf 93' lang='lat' dir='ltr'><strong>non</strong></span> <span class='ocrx_word' id='word_1_627' title='bbox 304 5316 431 5393; x_wconf 86' lang='lat' dir='ltr'><strong>tetigit,</strong></span> <span class='ocrx_word' id='word_1_628' title='bbox 462 5316 542 5392; x_wconf 83' lang='lat' dir='ltr'><strong>quia</strong></span> <span class='ocrx_word' id='word_1_629' title='bbox 563 5316 635 5393; x_wconf 92' lang='lat' dir='ltr'><strong>ipse</strong></span> <span class='ocrx_word' id='word_1_630' title='bbox 663 5331 742 5377; x_wconf 83' lang='lat' dir='ltr'><strong>rere</strong></span> <span class='ocrx_word' id='word_1_631' title='bbox 763 5315 924 5377; x_wconf 81' lang='lat' dir='ltr'><strong>formatus</strong></span> <span class='ocrx_word' id='word_1_632' title='bbox 980 5311 1110 5375; x_wconf 82' lang='lat' dir='ltr'><strong>suntet</strong></span> <span class='ocrx_word' id='word_1_633' title='bbox 1135 5307 1263 5384; x_wconf 90' lang='lat' dir='ltr'><strong>lapides</strong></span> <span class='ocrx_word' id='word_1_634' title='bbox 1282 5321 1303 5367; x_wconf 90' lang='lat' dir='ltr'><strong>a</strong></span> <span class='ocrx_word' id='word_1_635' title='bbox 1326 5304 1470 5376; x_wconf 90' lang='lat' dir='ltr'><strong>diabolo,</strong></span> <span class='ocrx_word' id='word_1_636' title='bbox 1491 5304 1528 5364; x_wconf 87' lang='lat' dir='ltr'><strong>ut</strong></span> <span class='ocrx_word' id='word_1_637' title='bbox 1551 5300 1677 5378; x_wconf 89' lang='lat' dir='ltr'><strong>lapides</strong></span> <span class='ocrx_word' id='word_1_638' title='bbox 1700 5300 1775 5361; x_wconf 87' lang='lat' dir='ltr'><strong>Ste-</strong></span> 
     </span>
    </p>
   </div>
   <div class='ocr_carea' id='block_1_10' title="bbox 130 5395 1775 5684">
    <p class='ocr_par' dir='ltr' id='par_1_12' title="bbox 130 5395 1775 5684">
     <span class='ocr_line' id='line_1_53' title="bbox 130 5395 1775 5491; baseline -0.009 -17"><span class='ocrx_word' id='word_1_639' title='bbox 130 5414 281 5477; x_wconf 89' lang='lat' dir='ltr'><strong>esthemo</strong></span> <span class='ocrx_word' id='word_1_640' title='bbox 295 5415 338 5476; x_wconf 89' lang='lat' dir='ltr'><strong>de</strong></span> <span class='ocrx_word' id='word_1_641' title='bbox 351 5411 512 5475; x_wconf 88' lang='lat' dir='ltr'><strong>membris</strong></span> <span class='ocrx_word' id='word_1_642' title='bbox 527 5414 637 5475; x_wconf 81' lang='lat' dir='ltr'><strong>Beatae</strong></span> <span class='ocrx_word' id='word_1_643' title='bbox 649 5413 810 5490; x_wconf 86' lang='lat' dir='ltr'><strong>Virginis,</strong></span> <span class='ocrx_word' id='word_1_644' title='bbox 827 5428 925 5491; x_wconf 84' lang='lat' dir='ltr'><strong>quem</strong></span> <span class='ocrx_word' id='word_1_645' title='bbox 979 5408 1092 5488; x_wconf 91' lang='lat' dir='ltr'><strong>phani.</strong></span> <span class='ocrx_word' id='word_1_646' title='bbox 1115 5406 1156 5469; x_wconf 81' lang='lat' dir='ltr'><strong>m</strong></span> <span class='ocrx_word' id='word_1_647' title='bbox 1180 5402 1406 5487; x_wconf 87' lang='lat' dir='ltr'><strong>suntlapides</strong></span> <span class='ocrx_word' id='word_1_648' title='bbox 1427 5397 1560 5470; x_wconf 89' lang='lat' dir='ltr'><strong>diaboli,</strong></span> <span class='ocrx_word' id='word_1_649' title='bbox 1586 5395 1681 5467; x_wconf 90' lang='lat' dir='ltr'><strong>idest,</strong></span> <span class='ocrx_word' id='word_1_650' title='bbox 1693 5397 1775 5459; x_wconf 90' lang='lat' dir='ltr'><strong>mali</strong></span> 
     </span>
     <span class='ocr_line' id='line_1_54' title="bbox 132 5494 1774 5587; baseline -0.012 -10"><span class='ocrx_word' id='word_1_651' title='bbox 132 5513 248 5585; x_wconf 78' lang='lat' dir='ltr'><strong>peccati</strong></span> <span class='ocrx_word' id='word_1_652' title='bbox 278 5509 475 5587; x_wconf 86' lang='lat' dir='ltr'><strong>contagium</strong></span> <span class='ocrx_word' id='word_1_653' title='bbox 504 5510 696 5571; x_wconf 88' lang='lat' dir='ltr'><strong>nullatenus</strong></span> <span class='ocrx_word' id='word_1_654' title='bbox 727 5510 923 5584; x_wconf 86' lang='lat' dir='ltr'><strong>maculavit,</strong></span> <span class='ocrx_word' id='word_1_655' title='bbox 979 5506 1033 5570; x_wconf 84' lang='lat' dir='ltr'><strong>rel</strong></span> <span class='ocrx_word' id='word_1_656' title='bbox 1059 5506 1260 5583; x_wconf 89' lang='lat' dir='ltr'><strong>peccatores.</strong></span> <span class='ocrx_word' id='word_1_657' title='bbox 1285 5503 1377 5562; x_wconf 77' lang='lat' dir='ltr'><strong>Unde</strong></span> <span class='ocrx_word' id='word_1_658' title='bbox 1400 5499 1523 5572; x_wconf 81' lang='lat' dir='ltr'><strong>potens</strong></span> <span class='ocrx_word' id='word_1_659' title='bbox 1543 5494 1596 5556; x_wconf 82' lang='lat' dir='ltr'><strong>est</strong></span> <span class='ocrx_word' id='word_1_660' title='bbox 1615 5496 1707 5554; x_wconf 81' lang='lat' dir='ltr'><strong>Deus</strong></span> <span class='ocrx_word' id='word_1_661' title='bbox 1732 5497 1774 5557; x_wconf 78' lang='lat' dir='ltr'><strong>oe</strong></span> 
     </span>
     <span class='ocr_line' id='line_1_55' title="bbox 132 5591 1775 5684; baseline -0.01 -14"><span class='ocrx_word' id='word_1_662' title='bbox 132 5609 252 5684; x_wconf 82' lang='lat' dir='ltr'><strong>quando</strong></span> <span class='ocrx_word' id='word_1_663' title='bbox 273 5607 451 5672; x_wconf 77' lang='lat' dir='ltr'><strong>formatus.</strong></span> <span class='ocrx_word' id='word_1_664' title='bbox 464 5607 515 5669; x_wconf 83' lang='lat' dir='ltr'><strong>eat</strong></span> <span class='ocrx_word' id='word_1_665' title='bbox 534 5606 645 5680; x_wconf 88' lang='lat' dir='ltr'><strong>homo,</strong></span> <span class='ocrx_word' id='word_1_666' title='bbox 671 5606 802 5684; x_wconf 88' lang='lat' dir='ltr'><strong>quando</strong></span> <span class='ocrx_word' id='word_1_667' title='bbox 824 5607 926 5671; x_wconf 88' lang='lat' dir='ltr'><strong>incli-</strong></span> <span class='ocrx_word' id='word_1_668' title='bbox 980 5605 1147 5681; x_wconf 71' lang='lat' dir='ltr'><strong>lapidabas</strong></span> <span class='ocrx_word' id='word_1_669' title='bbox 1185 5599 1263 5662; x_wconf 73' lang='lat' dir='ltr'><strong>isra</strong></span> <span class='ocrx_word' id='word_1_670' title='bbox 1295 5595 1467 5661; x_wconf 75' lang='lat' dir='ltr'><strong>saecttore</strong></span> <span class='ocrx_word' id='word_1_671' title='bbox 1505 5591 1594 5663; x_wconf 69' lang='lat' dir='ltr'><strong>altos</strong></span> <span class='ocrx_word' id='word_1_672' title='bbox 1627 5592 1775 5654; x_wconf 77' lang='lat' dir='ltr'><strong>Abralua</strong></span> 
     </span>
    </p>
   </div>
   <div class='ocr_carea' id='block_1_11' title="bbox 0 0 1993 6196">
    <p class='ocr_par' dir='ltr' id='par_1_13' title="bbox 0 0 1993 6196">
     <span class='ocr_line' id='line_1_56' title="bbox 0 0 1993 6196; baseline 0 0"><span class='ocrx_word' id='word_1_673' title='bbox 0 0 1993 6196; x_wconf 95' lang='lat' dir='ltr'><strong> </strong></span> 
     </span>
    </p>
   </div>
  </div>
 </body>
</html>
