3946 6196
220 319 283 381 375
831 327 1008 392 HONORII
1030 332 1074 393 111
1096 334 1244 400 OPERA.
1810 359 1876 424 370

217 475 393 556 probatum
421 480 518 559 Juxta
549 478 802 546 constitutiones
836 490 1015 552 canonicas
1069 493 1594 571 totacivitasEcciesiaeRomanae
1603 510 1877 591 temporeneces·

216 591 349 654 poenam
377 578 593 656 depositionis
615 580 769 656 inducat,
803 585 911 661 possis
940 602 1016 650 cou-
1069 592 1177 657 sitatis
1187 597 1339 662 exhibuit
1355 600 1548 679 diligentius
1556 610 1778 689 attendentes,
1788 633 1877 680 con-

216 673 270 737 tra
282 675 402 753 ipsum,
416 676 554 753 probato
574 678 713 741 crimine
727 681 909 745 secundum
926 686 1015 762 111111
1070 690 1361 759 siderantesetiam
1374 704 1497 778 quanta
1504 705 1611 779 nohis,
1620 709 1653 771 et
1665 716 1874 778 successori·

219 773 381 845 ordinem,
396 773 613 851 depositionis
639 778 838 841 senteutiam
867 783 1017 859 promul·
1069 786 1262 853 busnostris
1275 793 1491 873 incrementa,
1507 803 1541 864 et
1553 807 1724 869 commoda
1737 827 1801 886 per
1812 815 1875 875 Ja-

216 885 309 946 gare.
326 871 439 934 Liceat
463 889 593 951 quoque
613 875 673 937 tihi
689 878 847 940 ecclesias
867 879 1016 942 dividere
1070 902 1229 950 nuensem
1247 891 1414 957 civitatem
1430 899 1609 976 potuerunt
1629 909 1823 982 provenire,
1839 914 1873 975 et

218 983 257 1029 ac
275 968 383 1043 unire,
404 971 573 1034 cessiones
592 974 823 1053 episcoporum
844 979 1013 1056 recipere;
1070 985 1292 1051 antecessoris
1313 995 1420 1056 nostri
1444 996 1552 1059 felicis
1575 1004 1746 1067 memoriae
1769 1009 1874 1071 inno-

216 1079 347 1128 necnon
358 1068 389 1128 si
403 1068 549 1146 aliquem
562 1071 709 1149 ipsorum
726 1074 768 1137 ed
784 1076 1013 1154 episcopatum
1070 1084 1171 1145 centii
1197 1089 1297 1164 Papae
1324 1092 1475 1168 vestigiis
1503 1096 1716 1174 inhaerentes,
1734 1105 1794 1182 qui
1812 1107 1874 1169 Ja-

217 1165 322 1227 alium
339 1167 516 1245 contigerit
530 1171 704 1247 postulari,
720 1175 943 1252 postulatione
959 1192 1017 1237 re·
1070 1196 1231 1247 nuensem
1260 1187 1436 1251 ecclesiam
1471 1194 1767 1277 archiepiscopalis
1796 1202 1874 1280 dig-

217 1264 313 1340 cepta
325 1263 430 1327 libere
440 1266 549 1344 ipsum
561 1270 756 1344 transieras,
774 1273 803 1334 si
816 1274 1012 1346 necessitas,
1069 1283 1184 1346 nitatis
1204 1285 1402 1349 excellentia
1424 1288 1615 1356 sublimavit
1627 1295 1669 1356 ad
1693 1296 1871 1371 honorem,

216 1361 250 1422 et
279 1362 405 1425 utilitas
428 1363 492 1426 hoc
521 1368 687 1445 exposcit3
710 1372 1015 1434 excommunicatos
1071 1379 1306 1442 exaltationem
1326 1384 1359 1444 et
1376 1383 1518 1460 gloriam
1539 1389 1686 1465 praetatae
1708 1393 1872 1470 civitatis,

216 1458 696 1531 nihilominus,etauctoritate
709 1468 804 1530 Sedis
815 1469 1015 1547 apostolica
1070 1493 1143 1556 quae
1156 1478 1252 1541 heato
1268 1481 1367 1542 Petro
1382 1484 1415 1545 et
1436 1486 1559 1548 sanctae
1577 1489 1737 1552 Romanae
1750 1492 1871 1555 Eccle-

215 1556 411 1621 interdictos
446 1560 616 1636 absolvas,
648 1564 754 1627 torma
784 1566 1015 1630 ecclesiastica
1069 1574 1128 1637 siae
1150 1575 1354 1651 fidelissima,
1375 1579 1470 1643 etad
1494 1584 1706 1648 serviendum
1723 1589 1769 1661 ei,
1785 1590 1874 1654 sicut

216 1653 404 1728 observata,
421 1658 454 1720 st
467 1659 511 1721 iis
530 1660 685 1738 injungas
698 1664 785 1741 quod
800 1664 927 1743 dejure
941 1664 1016 1727 iue-
1069 1672 1192 1735 dictum
1214 1676 1264 1738 est
1287 1679 1535 1755 promptissima
1553 1687 1811 1760 perseveraret
1830 1688 1872 1750 de

215 1752 261 1815 rit
271 1753 523 1832 injungendum.
540 1760 589 1820 Tu
598 1759 709 1822 tamen
725 1761 811 1824 sicut
825 1763 878 1824 vir
899 1764 1015 1840 provi-
1069 1772 1189 1834 caetero
1204 1772 1291 1834 idem
1307 1790 1343 1837 se
1367 1773 1531 1841 iacturum
1545 1783 1744 1858 propensius
1760 1785 1867 1862 polli-

216 1850 289 1922 dus,
303 1854 336 1913 et
351 1852 526 1928 discretus,
542 1856 578 1918 iu
594 1856 648 1918 his
662 1858 781 1921 honori
798 1860 893 1922 Sedis
907 1864 1016 1938 Apos-
1069 1870 1172 1943 cetur,
1190 1871 1231 1932 ad
1247 1874 1434 1951 exemplum
1449 1876 1516 1938 tam
1539 1877 1643 1955 ipsius
1667 1882 1870 1956 innocentii,

214 1947 325 2010 tolicae
347 1948 488 2024 deferas,
515 1969 589 2015 cum
613 1954 738 2018 videris
756 1957 925 2035 expedire.
946 1961 1016 2021 Da·
1069 1984 1167 2045 quam
1177 1968 1285 2033 felicis
1295 1973 1459 2036 recordat.
1470 1975 1663 2051 Alexandri,
1675 1979 1870 2056 Clementis,

213 2045 284 2107 tum
307 2048 476 2122 Laterani,
496 2052 572 2113 vill
593 2051 661 2115 kal.
683 2054 774 2128 maii,
800 2056 1014 2132 pontificatus
1069 2066 1239 2130 coelestini
1279 2070 1313 2132 et
1353 2072 1537 2135 innocentii
1580 2075 1869 2153 predecessorum

214 2145 321 2209 nostri
335 2162 423 2209 anno
437 2148 556 2226 primo.
1068 2165 1268 2240 nostrorum,
1294 2170 1519 2233 Romanorum
1542 2175 1753 2250 Pontificum,
1775 2194 1872 2240 eam-

1068 2261 1144 2325 dem
1164 2262 1357 2341 dignitatem
1381 2267 1441 2331 tibi
1467 2269 1500 2331 et
1525 2273 1775 2337 successoribus
1801 2276 1870 2339 tuis

1067 2362 1235 2426 communi
1250 2361 1390 2427 iratrum
1405 2368 1593 2430 nostrorum
1608 2372 1751 2435 consilio
1766 2373 1869 2435 duxi-

517 2445 705 2535 CCCVIII
1068 2477 1141 2523 mus
1166 2462 1438 2526 confirmandam.
1455 2467 1547 2538 Quod
1572 2468 1661 2529 enim
1686 2472 1759 2547 jam
1785 2471 1870 2534 dicti

1067 2561 1294 2623 antecessores
1303 2564 1419 2633 nostri,
1430 2565 1654 2639 Innocentius,
1663 2568 1866 2643 Alexander,

213 2650 266 2709 Ad
292 2647 455 2711 Othonem
479 2651 694 2714 lensensem
718 2653 1012 2727 archiepiscopum
1068 2657 1235 2733 Clemens,
1262 2661 1476 2735 coelestinus,
1506 2663 1539 2725 et
1566 2665 1783 2727 Innocentius
1808 2668 1869 2729 da·

419 2749 561 2824 eiusque
581 2764 806 2813 successores.
1067 2772 1228 2819 nuensem
1252 2757 1419 2821 civitatem
1442 2759 1606 2837 insignem
1634 2762 1865 2838 reddiderunt,

213 3061 370 3128 [bullenum
396 3064 1012 3131 1101111111,1.111,ρ.1100003101,
1068 3050 1164 3127 patus
1199 3050 1235 3112 in
1271 3052 1423 3126 Corsica,
1463 3055 1653 3129 Marenen,
1697 3056 1864 3130 videlicet,

469 3144 544 3196 tuln
554 3144 628 3195 Sacra
640 3146 683 3205 iv,
695 3145 764 3211 8131
1067 3147 1242 3222 Neboleu.,
1265 3150 1300 3211 et
1321 3151 1458 3213 tertium
1482 3155 1578 3229 cujus
1600 3152 1712 3216 sedem
1734 3171 1866 3217 memo·

1068 3246 1160 3308 ratus
1185 3247 1414 3322 Innocentius,
1441 3249 1618 3312 ecclesiam
1642 3253 1675 3313 S.
1706 3252 1798 3314 Petri
1824 3251 1866 3314 de

1067 3343 1153 3405 Atho
1181 3343 1363 3418 constituit,
1391 3346 1424 3408 et
1455 3346 1509 3408 cui
1537 3363 1638 3409 unam
1665 3348 1795 3427 plebem
1821 3349 1865 3411 de

1067 3443 1245 3515 Merauna,
1271 3443 1304 3505 et
1329 3443 1430 3505 aliam
1456 3443 1498 3506 de
1519 3445 1649 3520 Aleria,
1677 3448 1864 3524 concessit3

212 3301 396 3362 Confirmatio
433 3303 650 3379 privilegiorum
687 3306 817 3364 ecclesie
847 3307 1011 3376 Jauuensis,

246 3391 367 3466 ejusque
385 3393 493 3452 civitati
511 3392 674 3453 medietatis
692 3395 794 3453 insuite
811 3395 933 3456 Gorsiooe
947 3410 1013 3454 con·

246 3482 340 3540 ΜΟ
357 3480 412 3540 ⁸¹¹¹)
430 3497 527 3541 ΜΟ
545 3497 635 3542 ‘mu
653 3485 738 3543 unm
756 3483 836 3542 Hm
855 3485 927 3543 m
1066 3539 1263 3603 Bohiensem
1274 3555 1403 3619 quoque
1420 3541 1660 3620 episcopatum,
1672 3544 1813 3607 0111111111
1825 3544 1866 3607 de

252 3644 419 3706 Honorius
454 3644 644 3723 episcopus,
681 3661 799 3708 servus
837 3661 1010 3708 servorum
1066 3639 1222 3701 Brumaie
1237 3655 1313 3700 cum
1332 3639 1483 3701 ecclesiis
1505 3642 1587 3716 suis,
1604 3657 1686 3723 quas
1702 3643 1793 3705 chca
1817 3659 1864 3716 se,

211 3740 283 3815 Dei,
300 3742 421 3805 Othoni
443 3743 604 3806 Jauuensi
629 3743 891 3821 archiepiscopo,
915 3746 1010 3822 ejus·
1066 3736 1099 3798 01
1112 3736 1148 3798 in
1169 3736 1316 3799 castellis
1331 3737 1401 3799 11111
1420 3738 1530 3812 habeb
1547 3755 1644 3821 (11111111
1656 3739 1745 3803 idem
1765 3742 1864 3804 ante·

213 3854 276 3917 que
306 3839 555 3902 successoribus
585 3839 746 3901 canonice
772 3839 1010 3902 substituendis
1065 3836 1307 3897 00880hn08te1·
1328 3835 1369 3896 de
1388 3852 1474 3898 novo
1489 3838 1671 3907 0011θῦ11111»
1687 3838 1761 3912 tibi,
1778 3840 1865 3901 tuis-

210 3935 247 3998 in
268 3940 475 4015 perpetuum,
490 3938 630 3999 salutem
651 3938 685 3999 et
705 3937 928 4015 apostolicam
952 3937 1012 3999 be-
1065 3926 1408 4009 que'successorihus,
1427 3934 1514 3996 siout
1535 3935 1568 3997 et
1586 3934 1658 4013 ipse
1671 3937 1867 3999 antecessor

212 4033 445 4097 sedictionem.
1064 4031 1178 4092 noster
1206 4029 1326 4093 iecisse
1353 4030 1574 4108 dignoscitur,
1605 4034 1864 4113 metropolitano

252 4135 404 4209 superna
419 4132 453 4193 et
465 4130 644 4191 ineffabilis
662 4131 870 4208 providentia
891 4134 1010 4210 majes-
1061 4130 1139 4206 jure
1155 4127 1361 4207 subjicimus.
1373 4131 1619 4193 verumtamem
1633 4131 1862 4211 episcopatum

208 4230 289 4292 tatis
319 4229 441 4291 divinae
473 4228 721 4290 sacrosanctam
741 4230 926 4292 Romanam
946 4233 1010 4292 Ec·
1063 4228 1277 4299 Janueusem,
1294 4228 1327 4289 et
1338 4227 1371 4288 te
1385 4226 1552 4301 videlicet,
1567 4244 1607 4290 ac
1624 4229 1778 4306 posteros
1791 4231 1864 4293 tuos

209 4327 347 4392 clesiem
366 4324 513 4387 omnium
534 4325 753 4387 ecclesiarum
773 4327 915 4388 matrem
938 4327 1010 4389 ins·
1064 4323 1105 4386 ab
1134 4324 1224 4385 omni
1250 4325 1476 4403 emancipatos
1493 4326 1700 4405 subjectione
1713 4328 1749 4388 in
1764 4344 1866 4391 manu

209 4424 315 4497 tituit,
344 4423 378 4486 et
405 4422 614 4499 magistram,
646 4423 681 4485 ut
707 4423 847 4500 praelata
877 4426 1009 4487 caeteris
1063 4421 1198 4499 propriu
1230 4420 1335 4483 libere
1365 4422 1558 4485 retinemus.
1594 4424 1804 4499 statuentes,
1830 4426 1866 4487 ut

208 4521 329 4585 merita
350 4520 530 4598 respiceret
549 4520 768 4596 singulorum,
781 4522 815 4584 et
830 4521 872 4584 ad
887 4523 1010 4585 simili·
1062 4519 1241 4583 Jauuensis
1277 4520 1547 4599 archiepiscopus
1585 4536 1606 4583 a
1640 4521 1865 4601 suffraganeis

208 4620 358 4684 tudinem
380 4618 509 4688 aeterni,
526 4618 559 4680 et
572 4618 653 4696 justi
672 4618 811 4692 iudicis,
828 4619 1008 4698 unicuique
1063 4618 1134 4678 suis
1160 4617 1326 4695 episcopis
1352 4620 1583 4692 consecretur,
1611 4619 1752 4696 pallium
1777 4636 1864 4699 pon·

209 4734 269 4798 pro
300 4717 493 4780 meritorum
528 4714 744 4794 qualitatibus
778 4718 1006 4796 responderet.
1063 4716 1198 4788 titicale,
1218 4715 1347 4777 scilicet
1367 4715 1469 4778 oiticii
1488 4716 1727 4794 plenitudinem
1743 4734 1766 4780 a
1780 4720 1863 4781 Sede

209 4816 315 4885 Unde,
331 4817 364 4878 et
377 4815 494 4877 eadem
517 4814 638 4876 Sancta
660 4814 807 4877 Ecclesia
829 4831 898 4889 eos,
925 4832 1008 4894 quos
1063 4813 1254 4891 Apostolicu
1267 4814 1471 4891 recepturus.
1488 4815 1656 4877 Praeterea
1677 4814 1863 4878 illam-sin-

208 4913 324 4976 tideles
349 4913 437 4974 tilios
462 4912 602 4990 reperit,
630 4913 838 4976 clementiori
863 4915 1008 4978 tractare
1063 4910 1240 4973 cerrimam
1277 4909 1497 4985 devotionem,
1529 4913 1598 4975 tam
1627 4913 1731 4986 tuam,
1765 4931 1863 4994 quam

208 5010 317 5091 gratia
336 5010 519 5083 consuevit,
538 5011 571 5073 et
588 5026 670 5088 quos
685 5010 904 5074 ferventiores
917 5012 1008 5074 circa
1063 5009 1208 5072 civitatis
1235 5010 1312 5082 tuae,
1329 5009 1524 5072 multimoda
1539 5009 1778 5087 obsequiorum
1792 5030 1863 5075 ser-

209 5126 305 5175 suum
325 5107 520 5186 obsequium
542 5109 701 5182 intuetur,
723 5109 898 5188 multiplici
920 5127 1009 5189 prae-
1062 5107 1155 5179 vitia,
1199 5122 1271 5184 quae
1312 5108 1471 5170 Romanae
1505 5107 1664 5170 Ecclesiae
1706 5107 1861 5183 fideliter,

208 5209 360 5286 rogativa
384 5204 521 5267 honoris
543 5205 594 5267 est
615 5206 713 5268 solita
729 5207 920 5270 sublimare.
937 5210 1007 5271 Nos
1062 5221 1102 5267 ac
1138 5204 1323 5267 liberaliter
1364 5204 1592 5282 impendistis,
1630 5205 1666 5266 in
1699 5208 1864 5271 memoria

207 5308 322 5384 igitur,
341 5304 398 5383 qui
419 5302 455 5364 in
479 5301 563 5364 Sede
586 5303 776 5381 Apostolica
795 5304 893 5368 beato
908 5307 1006 5369 Petro
1062 5303 1255 5375 retinentes,
1273 5303 1309 5365 ut
1329 5302 1508 5365 Jauuensis
1529 5303 1702 5375 clarusci
1722 5305 1862 5383 populus

207 5402 441 5481 Apostolorum
456 5400 617 5478 principi,
638 5401 716 5464 licet
735 5417 801 5463 non
823 5403 1008 5482 suffragan·
1062 5399 1104 5462 ad
1128 5400 1313 5472 servitium,
1339 5400 1372 5461 et
1397 5400 1558 5462 honorem
1583 5399 1745 5463 Ecclesiae
1771 5404 1862 5464 tanto

207 5500 297 5563 tibus
312 5500 450 5572 meritis,
464 5497 633 5560 exdivina
648 5499 866 5576 dispositione
879 5517 1008 5565 succes·
1062 5498 1244 5559 ferventius
1273 5497 1491 5570 accendatur,
1520 5499 1642 5574 quanto
1672 5498 1859 5573 ecclesiam,

208 5597 324 5666 simus,
337 5596 787 5670 reverentiamdevotionem
804 5598 839 5660 et
847 5599 1009 5663 sedulits-
1062 5597 1095 5659 et
1117 5596 1286 5659 civitatem
1306 5599 1506 5658 Janueusem
1526 5610 1545 5656 a
1562 5594 1646 5656 Sede
1669 5597 1864 5673 Apostolica

206 5693 275 5751 tem
292 5689 458 5767 obsequii,
479 5709 578 5770 quam
602 5695 781 5757 Jauuensis
800 5696 953 5771 ecclesia,
975 5699 1009 5762 et
1063 5694 1257 5771 cognoverit
1271 5694 1414 5772 amplius
1428 5692 1602 5767 honorari,
1617 5695 1862 5759 communicato
