3946 6196
107 270 164 333 ill
756 270 985 330 EPISTOLAE.
1009 270 1087 331 LIB.
1112 272 1136 332 1.
1710 275 1770 336 418

107 434 195 505 turo,
202 430 374 510 persevel
382 430 632 508 procuratorem
640 429 916 507 idoneumlpos·
968 430 1080 507 prium
1096 429 1260 505 habeatis,
1271 434 1305 495 et
1315 432 1344 494 sl
1355 431 1581 510 011111310ιὶ1,
1596 434 1633 495 11
1649 433 1772 512 prioris

106 532 209 597 tolico
230 530 428 609 conspectui
452 546 490 593 se
508 530 689 608 praesentet
701 529 914 593 exhibiturus
968 529 1073 591 vestri
1087 529 1241 593 manibus
1259 531 1448 608 resignetis.
1465 532 1674 609 thuoniam
1692 547 1774 594 cen·

108 631 142 694 et
153 631 357 707 recepturus
378 640 481 707 super
500 629 553 700 iis,
575 627 662 706 quod
674 628 820 706 postulat
833 629 914 690 ordo
970 642 1049 688 aura
1061 626 1468 706 silentii,quaaiquaedam
1481 629 1774 694 clavisestobser-

104 729 219 805 juris:
237 726 392 804 alioquin
412 727 663 789 remandatum
687 726 914 804 Apostolicum
967 725 1090 787 vantiae
1102 726 1280 802 regularia,
1297 726 1510 804 praecipimus
1523 729 1560 791 ut
1581 745 1601 790 a
1619 729 1771 807 comple-

107 827 233 889 iotiens
270 826 415 887 elusisse
440 824 594 887 viaeatur
628 826 774 902 impune,
805 825 914 901 ipsum
968 822 1054 884 torio
1082 824 1301 900 praecedentis
1326 824 1392 886 diei
1408 842 1516 903 usque
1547 826 1589 887 ad
1622 827 1769 900 missam,

107 925 246 997 extunc,
261 924 581 1002 sublatocujualibet
595 922 867 985 contradictionis
882 923 915 984 et
968 936 1042 997 quae
1070 921 1259 985 cantabitur
1292 922 1327 984 in
1358 924 1457 985 tertia
1487 924 1655 1002 sequentis
1688 925 1770 993 diei,

107 1022 348 1100 appellationis
370 1021 554 1094 obstaculo,
582 1021 624 1082 ab
639 1019 750 1083 cilicio
764 1021 797 1082 et
810 1020 915 1081 hene·
969 1017 1139 1080 silentium
1161 1020 1356 1083 continuum
1375 1022 1574 1084 conservent
1587 1022 1621 1084 et
1641 1038 1772 1100 sempor

107 1121 186 1183 licio
209 1106 434 1198 suspendatis.
458 1120 530 1182 Dat.
553 1122 733 1196 Ananim
753 1119 820 1180 131.
837 1121 910 1196 jun.
967 1115 1003 1176 in
1020 1116 1217 1181 dormitorio
1230 1118 1312 1180 etin
1324 1135 1451 1181 mensa.
1464 1118 1549 1181 Aliis
1558 1120 1669 1182 autem
1679 1120 1771 1182 horis

108 1233 164 1279 an.
180 1220 210 1279 1.
967 1214 1001 1276 et
1017 1214 1101 1277 locis
1124 1216 1247 1278 iratres
1269 1233 1335 1280 non
1359 1219 1480 1280 uacent
1494 1216 1629 1290 sabulis,
1646 1217 1704 1280 sed
1717 1218 1772 1279 in-

386 1333 647 1421 dccxxviii
909 1432 912 1437 ¹

107 1487 161 1546 nu
179 1487 342 1558 priorem
368 1485 403 1546 et
424 1485 557 1559 narres
581 1484 694 1546 muca
718 1485 913 1560 11101103

419 1584 603 1645 Gicorctoo.

407 1705 442 1763 26
455 1705 522 1762 maii
538 1704 617 1763 lali.

226 1816 403 1886 [spicilegium
418 1818 593 1878 Liberianum,
602 1832 629 1885 p.
641 1816 697 1879 717,
708 1834 734 1871 u.
747 1817 799 1885 11]

108 1930 256 1988 Staurtum
272 1926 347 2002 quod
360 1926 506 1987 iohannes
520 1927 561 1985 tit.
576 1929 604 1985 S.
619 1926 754 1985 Praxedia
767 1925 914 2001 presbyter

144 2027 216 2077 tunc
238 2019 266 2075 S.
285 2017 384 2075 Mariae
404 2018 499 2076 invia
518 2017 575 2075 lata
594 2016 733 2074 diaconus
747 2016 912 2086 cardinalia,

142 2121 236 2181 super
258 2105 463 2164 reformatione
487 2105 591 2164 domus
614 2120 713 2164 eorum
735 2105 912 2174 condiderat,

143 2210 287 2270 01110000
295 2201 377 2253 10101
387 2195 577 2268 presentibus
585 2195 686 2252 litteris
696 2194 848 2253 adnotatus
857 2201 912 2264 est,

145 2284 310 2344 0011111131.

149 2396 322 2457 Honorius
337 2394 512 2472 episcopus
534 2409 651 2455 servus
666 2408 839 2455 serrorum
853 2392 913 2455 ltei

108 2492 242 2555 dilectis
253 2490 913 2570 111111101101101111100310111110111

107 2590 150 2651 de
166 2590 347 2663 Guarcino,
365 2589 554 2652 salutemet
571 2588 795 2666 apostolicam
811 2587 914 2650 hene-

1 2699 2 2702 ’
108 2688 304 2750 (1101101011.

1 2845 2 2870 ,
149 2786 256 2850 Justis
280 2786 461 2862 petentium
495 2784 671 2847 desideriis
700 2783 836 2862 dignum
862 2783 913 2846 est

107 2901 173 2946 nos
185 2883 317 2947 facilem
332 2883 482 2961 praebere
496 2898 694 2945 consensum
706 2883 740 2944 et
753 2884 829 2944 vota
838 2898 912 2958 quae

107 2998 128 3044 a
151 2981 294 3044 rationis
320 2981 455 3044 tramite
475 2996 543 3042 non
568 2980 771 3051 discordant,
791 2979 911 3042 effectu

106 3079 345 3158 prosequente,
375 3078 552 3156 complere.
580 3079 773 3155 Eapropter,
798 3077 911 3140 dilecti

55 3232 58 3243 .
106 3179 145 3240 iu
158 3179 298 3241 Domino
306 3176 380 3246 lilii,
391 3177 514 3239 vestris
521 3176 621 3254 justia
631 3175 910 3254 postulationibus

1 3321 2 3324 ,
106 3277 207 3354 grato
242 3276 481 3338 concurrentes
513 3290 673 3347 assensu,
700 3273 859 3337 statutum
891 3290 911 3336 a

105 3375 206 3437 bonae
231 3374 401 3437 memoriae
421 3376 552 3437 Joanne
565 3373 662 3435 titulo
677 3372 801 3435 sanctae
826 3376 912 3435 Pra-

1 3541 2 3548 ¹
104 3472 207 3535 xedis
221 3472 427 3551 presbytero,
442 3472 522 3534 tunc
532 3470 657 3533 sanctae
669 3471 785 3532 Mariae
800 3469 835 3532 in
847 3471 911 3534 Via

1 3637 2 3660 χ
104 3569 179 3632 lata
193 3569 335 3631 diacono
359 3564 541 3640 cardinale,
560 3582 660 3644 super
675 3566 911 3630 reformatione

1 3723 2 3736 ,
106 3668 228 3730 domus
251 3668 374 3729 uestra
398 3665 577 3738 conditum,
600 3664 687 3727 sicut
711 3664 849 3742 provide
871 3681 911 3728 ac

1 3749 2 3766 ¹
106 3765 240 3828 utiliter
261 3763 384 3826 iactum
412 3763 472 3835 est,
503 3761 594 3824 etin
619 3761 811 3824 authentico
832 3762 910 3824 inde

1 3857 2 3885 ³
107 3862 262 3926 coniecto
297 3861 429 3939 plenius
465 3860 672 3933 continetur,
713 3861 910 3923 auctoritate

104 3960 302 4039 Apostolica
315 3958 560 4031 confirmamus,
570 3960 604 4020 et
610 3958 785 4035 prasentia
794 3957 910 4036 scripti

105 4055 299 4134 patrocinio
320 4053 573 4116 communimus.
592 4054 694 4130 Cujus
705 4052 855 4114 tenorem
869 4053 910 4115 de

966 1313 1105 1376 tendant
1137 1315 1226 1377 serio
1253 1315 1302 1376 eis
1333 1316 1519 1392 praesertim
1546 1332 1620 1394 quae
1645 1317 1768 1378 statum

967 1410 1095 1484 domus,
1111 1411 1165 1474 vel
1178 1413 1319 1475 salutem
1335 1413 1548 1490 respexerint
1568 1415 1768 1476 animarum.

968 1509 1049 1569 item
1070 1509 1258 1582 statuimus,
1277 1512 1314 1574 ut
1327 1511 1480 1574 conversi
1495 1512 1621 1589 absque
1635 1512 1769 1588 urgenti

836 1615 838 1620 ’
968 1608 1175 1680 10000011310,
1192 1609 1246 1671 vel
1265 1609 1410 1673 evidenti
1432 1611 1577 1673 utilitate
1597 1610 1767 1682 Ecclesiae,

967 1704 1026 1766 aut
1048 1705 1186 1783 speciali
1210 1707 1366 1770 mandato
1395 1709 1529 1786 prioris,
1561 1708 1602 1769 ab
1627 1707 1769 1770 ecclesia

968 1802 1768 1883 sanctiLuoaeinferiusnondescendantneque..,

968 1899 1114 1964 audeant
1139 1917 1180 1964 eo
1204 1902 1259 1965 die
1287 1920 1352 1981 quo
1377 1903 1503 1965 luerint
1527 1904 1568 1964 ad
1593 1901 1768 1965 ecclesiam

967 2000 1136 2061 reversuri
1151 2015 1159 2073 ;
1185 2016 1247 2063 neo
1266 2000 1350 2063 uiris
1369 2000 1587 2078 saecularibus
1601 2015 1699 2078 prece
1714 2001 1770 2063 uel

968 2096 1074 2173 pretio
1088 2112 1208 2174 operas
1223 2113 1301 2160 suas
1313 2099 1435 2171 locent,
1447 2099 1542 2161 salvo
1551 2100 1771 2160 tamenman-

967 2194 1046 2257 dato
1060 2194 1195 2273 prioris.
1212 2195 1395 2274 adjicimus
1408 2197 1509 2258 etiam
1527 2197 1563 2258 ut
1578 2211 1769 2258 mensarum

967 2293 1118 2370 reliquiae
1142 2309 1208 2355 non
1230 2294 1441 2371 applicentur
1459 2293 1574 2355 usibus
1598 2293 1685 2366 aliia,
1709 2293 1767 2355 aed

967 2406 1026 2468 per
1050 2406 1135 2463 eum,
1163 2407 1260 2469 quem
1286 2393 1380 2468 prior
1398 2392 1440 2455 ad
1463 2392 1527 2454 lroc
1548 2392 1767 2469 deputaverit,

968 2488 1168 2565 pauperihus
1202 2491 1406 2566 erogentur;
1443 2489 1620 2568 nullusque
1647 2505 1768 2566 panem

966 2585 1137 2647 cambiare
1154 2588 1344 2663 praesumat,
1368 2587 1426 2649 sed
1448 2603 1563 2649 omnes
1587 2588 1653 2649 tam
1669 2603 1766 2665 pane,

967 2699 1065 2760 quam
1097 2684 1174 2746 vino
1202 2686 1236 2746 et
1260 2685 1439 2761 pulmentis
1464 2684 1590 2746 eisdem
1618 2686 1765 2757 utantur,

967 2780 1069 2842 salvis
1104 2781 1357 2844 necessitatibus
1392 2781 1616 2854 intirmorum,
1647 2783 1767 2860 quihus

966 2895 1026 2956 per
1040 2878 1162 2956 prioris
1176 2879 1445 2953 sollicitudinem,
1458 2880 1553 2957 juxta
1572 2878 1767 2943 facultatem

966 2976 1111 3050 domus,
1152 2977 1344 3039 necessaria
1380 2977 1534 3041 volumus
1568 2977 1764 3040 ministrari.

965 3074 1163 3137 Mandamus
1190 3075 1355 3148 similiter,
1381 3076 1418 3138 ut
1444 3075 1608 3148 conversi,
1644 3077 1701 3154 qui
1723 3076 1764 3137 ad

966 3173 1136 3235 exteriora
1158 3176 1283 3236 exeunt
1296 3174 1516 3251 procuranda,
1536 3174 1695 3253 quidquid
1715 3174 1765 3235 eis

965 3270 1005 3331 de
1016 3272 1147 3348 J'ustitia
1160 3272 1224 3334 sibi
1239 3272 1316 3333 data
1338 3272 1513 3349 supererit,
1526 3272 1568 3334 ad
1592 3272 1765 3335 cellarium

966 3383 1039 3428 cum
1061 3369 1252 3445 integritate
1272 3371 1453 3446 reportent.
1479 3369 1637 3431 Mulieres
1654 3371 1765 3432 autem

964 3466 999 3526 in
1015 3465 1156 3527 ecclesia
1171 3467 1277 3529 sancti
1294 3470 1401 3539 Lucae,
1418 3467 1471 3528 vel
1484 3468 1585 3543 septis
1601 3468 1707 3544 ipsius
1722 3467 1764 3530 ad

965 3563 1171 3640 purgandum
1180 3563 1337 3635 triticum,
1347 3565 1400 3626 vel
1409 3563 1765 3642 hujusmodiohsequia

965 3660 1155 3722 nullatenus
1184 3660 1413 3723 admittantur.
1440 3661 1489 3723 Ad
1513 3663 1587 3725 haeo
1614 3662 1764 3726 districte

963 3760 1125 3831 vetamus,
1138 3774 1180 3820 10
1195 3774 1277 3836 quos
1292 3759 1465 3823 decaetero
1480 3760 1515 3820 in
1528 3761 1675 3822 vestrum
1689 3777 1765 3822 con·

965 3857 1104 3918 sortium
1137 3856 1329 3928 admittatis,
1358 3856 1424 3917 nisi
1454 3857 1566 3918 statim
1599 3857 1761 3927 habitum,

964 3955 1080 4016 saltem
1105 3954 1306 4016 novitiorum
1334 3953 1491 4016 duxerint
1514 3949 1760 4016 assumendum.

964 4051 1025 4124 Qui
1045 4051 1075 4112 si
1096 4052 1170 4129 post
1189 4052 1320 4128 tempus
1340 4050 1546 4129 probationis
1572 4051 1763 4116 distulerint

1 4201 2 4206 1
104 4153 212 4215 uerbo
226 4152 419 4215 adverbum
433 4150 652 4229 praesentibus
672 4149 793 4213 litteris
803 4151 911 4228 iussi·

1 4267 2 4276 ¹
105 4268 184 4313 mus
193 4250 349 4313 adnotari
361 4249 417 4327 qui
432 4251 482 4311 est
495 4248 589 4310 talis:

963 4149 1202 4226 professionem
1247 4150 1357 4211 lacere
1400 4149 1599 4227 regularem,
1629 4150 1761 4226 penitus

963 4247 1183 4327 expellantur.
1205 4248 1368 4310 Caeterum
1388 4248 1430 4309 ab
1453 4248 1661 4325 impetitione
1685 4248 1764 4309 illo-

147 4347 405 4411 Venerahilibus
417 4347 567 4409 honestis
581 4346 664 4407 uiris
679 4346 783 4422 priori
799 4344 910 4408 01113-
963 4362 1048 4418 rum,
1067 4347 1123 4423 qui
1139 4346 1238 4408 aliter
1250 4345 1375 4409 luerint
1387 4347 1522 4423 recepti,
1538 4346 1603 4408 nisi
1616 4347 1657 4408 ad
1674 4362 1763 4423 prae-

102 4446 215 4509 111110
240 4447 349 4509 saneti
363 4444 483 4522 angeli
500 4444 542 4506 de
560 4444 727 4506 duarciuo
747 4447 906 4517 ioannes,
963 4445 1065 4505 tinum
1080 4444 1258 4506 terminum
1274 4444 1338 4505 sibl
1350 4445 1538 4522 receperint
1552 4443 1712 4516 habiturn,
1729 4448 1763 4506 et

103 4545 167 4606 Dei
177 4544 288 4621 gratia
299 4544 423 4605 sancte
431 4541 591 4604 Mariaein
599 4542 661 4602 Via
670 4541 909 4604 latadiaconuu
963 4542 1155 4604 curaverint
1179 4542 1340 4620 profiteri,
1360 4542 1692 4603 ecclesiamvestram
1707 4542 1762 4602 de·

1 4669 2 4672 ¹
103 4641 302 4714 cardinalis,
332 4642 367 4702 in
400 4656 482 4702 vero
510 4639 651 4702 salutari
677 4639 830 4701 salutem.
858 4640 907 4702 Ad
962 4641 1129 4702 cernimus
1155 4639 1351 4711 absolutam,
1380 4639 1498 4717 quibus
1524 4639 1635 4710 etiam,
1665 4638 1762 4700 ante·

102 4740 371 4823 ecclesiasticam
393 4737 651 4801 sollicitudinem
675 4737 818 4814 pertinet
831 4753 910 4815 pen
962 4754 1061 4817 quam
1075 4736 1239 4814 recipiant
1257 4736 1416 4807 habitum,
1434 4752 1476 4796 ne
1500 4735 1577 4812 quid
1599 4736 1639 4797 de
1663 4735 1760 4797 domo

1 4877 2 4880 =
103 4854 266 4901 sonarum
290 4837 442 4915 plantare
459 4834 607 4898 salubria
630 4836 664 4898 et
683 4834 785 4898 noxia
802 4836 908 4898 01111-
962 4835 1058 4914 quasi
1072 4834 1222 4897 habitum
1235 4834 1380 4910 exigant,
1398 4832 1631 4910 prohibemus3
1649 4833 1759 4895 inter-

102 4952 197 5016 pare,
222 4938 258 4999 ui
278 4952 360 5013 ager
383 4934 569 4997 dominicus
594 4935 687 4998 tanto
715 4934 851 4997 uberius
872 4935 907 4996 in
962 4929 1473 5002 110011000111111101,1011311οε
1496 4930 1575 4992 laici
1590 4930 1631 4992 ad
1645 4930 1759 4993 domos

102 5050 252 5098 messem
267 5032 472 5096 fructiferam
482 5033 655 5110 germinet,
672 5033 795 5110 quanto
810 5033 908 5095 aste-
962 5046 1114 5102 suorum,
1149 5030 1221 5095 sine
1249 5028 1371 5108 prioris
1401 5028 1556 5101 licentia,
1591 5028 1760 5091 declinare

1 5129 2 5206 ᾗ
100 5133 226 5195 nribus
254 5132 429 5195 1111101110
453 5130 649 5209 profundius
673 5130 773 5197 luerit
798 5131 906 5193 01111-
961 5128 1289 5207 praeeminentiam
1307 5126 1436 5188 eumad
1453 5128 1761 5191 exterioraeneunt

101 5234 215 5309 patus.
229 5231 279 5293 Ad
295 5230 535 5294 correctionem
546 5229 648 5307 igitur
657 5229 774 5292 domus
786 5230 907 5293 uestrae
962 5225 1194 5305 procuranda,
1233 5225 1285 5289 vel
1320 5225 1466 5289 adierint
1510 5242 1569 5303 pro
1602 5225 1759 5288 Ecclesia

1 5329 2 5394 ξ
100 5346 123 5391 a
140 5329 282 5391 Domino
303 5329 417 5391 nostro
433 5344 561 5393 summo
577 5327 737 5391 Pontiilce
750 5327 906 5405 delegati,
961 5324 1159 5386 necessitate
1171 5322 1386 5385 Guarcinunr.
1410 5323 1502 5385 Nulli
1521 5338 1602 5400 ergo
1622 5321 1759 5385 omnino

1 5407 2 5494 3
102 5428 146 5490 de
160 5425 304 5489 consilio
318 5425 521 5489 venerabilis
535 5426 639 5503 patris
654 5420 784 5488 abbatis
800 5426 906 5489 saneti
961 5423 1132 5483 homiuum
1147 5421 1246 5483 liceat
1258 5421 1344 5507 hanc
1359 5421 1514 5498 paginam
1529 5423 1651 5483 nostrae
1674 5436 1758 5483 con-

101 5525 255 5596 1131111,
281 5523 445 5586 deservis
464 5523 536 5596 Dei,
559 5539 623 5601 qua
638 5524 809 5601 fungimur
820 5540 907 5586 auc·
962 5519 1158 5583 firmationis
1170 5518 1353 5596 infringere
1369 5519 1423 5580 vel
1438 5519 1470 5579 01
1485 5534 1569 5579 ausu
1579 5519 1758 5582 temerario

103 5621 253 5693 toritato,
271 5620 465 5719 statuimus,
480 5620 518 5682 ut
530 5619 571 5682 de
585 5622 708 5683 caetero
721 5620 806 5682 nihil
825 5637 906 5697 pro-
961 5618 1140 5687 contraire.
1176 5618 1211 5678 Si
1248 5617 1323 5694 quis
1354 5617 1464 5678 autem
1501 5616 1564 5678 hoc
1595 5617 1759 5679 attentare

249 5748 366 5792 111101.
386 5748 461 5790 rone
480 5735 518 5792 11.
1584 5728 1618 5786 11
