3980 6206
269 312 328 371 727
888 316 1065 380 lronunll
1087 317 1132 376 111
1153 318 1300 378 ophlal.
1863 330 1917 389 0⁴28

269 469 394 546 scripta
409 472 616 545 mandamus,
632 474 804 552 quatenus,
821 477 851 538 sl
866 476 1064 540 sentemianr
1440 488 1592 576 CCXXI

269 567 376 644 ipsam
391 572 465 646 post
478 571 733 648 appellationem
756 575 945 652 hujusmodi
963 577 1063 636 inve·

269 666 388 729 neritis
403 683 476 728 esse
492 668 604 741 latam,
624 670 858 734 denuntiantes
879 688 952 734 eam
968 671 1063 749 peni-

267 765 322 823 tus
336 779 409 825 esse
424 766 562 839 nullam,
578 769 706 830 vocatis
719 771 774 846 qui
791 770 914 832 luerint
925 786 1064 832 evocan-

269 859 313 931 di,
349 861 492 925 audiatis
519 880 665 937 causam,
694 868 728 929 et
750 868 837 945 quod
866 868 1063 930 canonicum
1414 850 1518 908 5¹¹¹&
1539 852 1620 911 ¹²¹⁸·

268 955 370 1018 luerit
383 961 605 1038 appellatione
615 965 796 1041 postposita
813 966 978 1028 statuatis.
994 968 1062 1027 Fa·
1204 953 1335 1018 [rnatum
1346 955 1513 1007 nocumenta
1524 957 1649 1018 Pelopia,
1665 959 1765 1017 len
1780 960 1837 1026 ro]

268 1055 405 1129 cientes
417 1060 614 1132 etc.,testes‚
629 1064 704 1133 etc„
716 1063 842 1139 quodsi
858 1080 925 1125 nun
936 1077 1061 1133 omnes,
1142 1061 1179 1118 Ut
1193 1060 1465 1119 Prutauisrecenter
1480 1063 1515 1121 ad
1531 1063 1616 1122 tidem
1631 1067 1782 1124 conamus
1795 1074 1896 1126 conas

267 1154 330 1214 etc.
359 1157 478 1217 Datum
503 1161 617 1220 Romae
640 1161 727 1237 apud
751 1163 784 1222 S.
807 1162 942 1223 Petrum
965 1161 1062 1223 tertio
1311 1150 1448 1209 bvrbvrofl
1462 1153 1600 1211 auxihum
1615 1153 1718 1212 lemni.

267 1265 373 1313 nonas
388 1254 479 1327 maii,
496 1270 584 1318 anuo
597 1258 754 1319 secundo.
1156 1258 1323 1321 Honorius
1338 1260 1513 1337 episcopus
1528 1278 1646 1323 servus
1660 1279 1842 1325 servornm
1849 1266 1915 1336 Dei,

1117 1355 1284 1418 universis
1304 1358 1427 1420 Christi
1442 1358 1594 1422 fidelihus
1619 1377 1678 1438 per
1698 1363 1874 1424 Poloniam
1886 1366 1916 1425 et

601 1445 731 1532 CCXX
1117 1454 1150 1515 et
1165 1455 1397 1516 pomeraniam
1407 1458 1607 1529 constitutis,
1617 1458 1762 1522 salutem
1777 1464 1814 1522 et
1828 1475 1914 1537 apos·

404 1587 457 1646 no
479 1589 633 1647 violosos
651 1590 693 1649 oe
712 1590 889 1662 cocrepara
913 1633 920 1647 .
1116 1550 1539 1615 t0¹¹⁰³fflb0110di0ti0nem

563 1710 663 1766 amau
684 1711 763 1769 nra

380 1821 552 1887 [Spicilegium
568 1825 740 1883 Liberianum,
752 1840 777 1889 p.
790 1822 845 1883 lar,
856 1840 882 1875 n.
896 1825 946 1890 ln]

1157 630 1210 688 Ad
1220 632 1402 691 orzioersos
1415 631 1542 693 Christi
1551 633 1831 703 sidelcsPolnm'ae
1846 638 1879 696 el

1404 732 1595 790 Pomcrani
1628 774 1639 790 ι

1158 1649 1233 1711 Alto
1256 1649 1379 1713 divinae
1394 1651 1620 1728 dispositionis
1636 1654 1781 1716 consilio
1795 1656 1912 1731 agitur,

1117 1748 1153 1809 ut
1167 1748 1320 1810 conversi
1333 1748 1375 1810 ad
1390 1748 1560 1811 dominum
1575 1752 1830 1827 persecutiones
1843 1770 1914 1813 sus·

1117 1845 1245 1909 tineent
1257 1848 1291 1907 et
1305 1862 1490 1923 pressuras,
1507 1850 1539 1911 et
1562 1849 1721 1910 Israelem
1740 1853 1915 1912 exeuntem

266 1926 397 1996 Queritur
422 1927 458 1985 de
482 1929 620 1986 molestiis
649 1929 683 1987 eb
707 1931 750 1988 eis
775 1930 889 1987 inhietis
908 1930 1062 1989 conventui
1118 1945 1278 2020 Egyprum
1306 1945 1437 2006 Pham
1471 1946 1582 2007 acrius
1609 1951 1837 2025 persequatur
1855 1970 1864 2009 :
1884 1949 1914 2009 jn

408 2017 503 2075 Sancti
520 2018 721 2077 Bartholomael
736 2019 771 2077 de
786 2020 918 2077 Trisultu.
1117 2044 1211 2118 cujus
1238 2045 1419 2119 conspectu
1446 2043 1570 2105 terram
1599 2044 1838 2121 promissionis
1862 2047 1916 2107 in,

305 2143 472 2203 Honorius
488 2143 794 2221 episcopusservus
814 2160 986 2207 servornm
1001 2143 1061 2206 Dei
1115 2139 1235 2200 nantis
1254 2141 1460 2217 consumpsit
1479 2143 1567 2202 Deus
1590 2157 1733 2217 magnus
1756 2146 1795 2206 et
1822 2145 1918 2204 terri·

265 2238 488 2301 siracusanus
504 2242 693 2303 nominibus
710 2242 1060 2320 oecorrepamonoe-
1116 2234 1721 2316 nursnattonespaulaumatquoper
1737 2242 1918 2316 paroecia
1984 2268 1985 2275 Ν

264 2336 351 2398 libus
369 2340 503 2411 nostris,
521 2339 663 2402 salutem
683 2341 716 2402 et
729 2340 944 2418 apostolicam
960 2339 1062 2401 bene-
1116 2334 1242 2410 pariter
1252 2333 1322 2394 illis
1336 2334 1453 2396 deletis
1472 2335 1778 2413 multiplicarentur
1806 2338 1918 2400 bestia

263 2434 453 2497 dictionem.
1115 2432 1232 2494 contra
1268 2432 1374 2503 illum,
1405 2433 1517 2495 hostes
1549 2434 1727 2497 interiores
1762 2435 1918 2499 videlicet

304 2535 411 2593 Grave
421 2534 569 2610 gerimus
584 2537 617 2597 et
630 2535 803 2612 indignum
819 2535 905 2613 quod
921 2535 1060 2596 dilectos
1115 2529 1227 2590 acrius
1249 2531 1496 2607 persequentes.
1512 2532 1681 2593 Gehuseus
1703 2549 1842 2611 quoque
1857 2535 1917 2595 ha-

263 2628 350 2691 lllios
367 2632 516 2708 priorem,
528 2634 561 2694 et
573 2635 770 2696 conventum
787 2634 897 2695 Sancti
913 2633 1059 2694 Bartho·
1115 2627 1233 2691 bitavit
1252 2626 1288 2687 in
1312 2628 1522 2689 Hierusalem
1543 2645 1618 2690 cum
1634 2629 1714 2691 filiis
1730 2632 1916 2709 Romania,

263 2727 373 2789 lomaei
386 2730 427 2790 de
441 2730 586 2793 'lrisulto
601 2732 823 2793 cartusiensis
838 2731 965 2792 ordinis
980 2730 1061 2790 mul·
1115 2742 1157 2787 ne
1166 2725 1235 2787 otio
1244 2724 1429 2801 effeminati
1436 2728 1671 2803 torpescerent,
1687 2728 1747 2789 sed
1757 2729 1917 2792 habentes

262 2826 437 2901 tipliciter,
473 2828 559 2891 sicut
593 2830 796 2905 accepimus,
831 2829 1057 2901 molestantes,
1115 2839 1189 2884 cum
1204 2822 1322 2900 quihus
1335 2838 1372 2884 se
1388 2826 1584 2886 exercerent
1597 2824 1639 2886 ad
1656 2826 1828 2903 praelium,
1845 2843 1916 2889 cer·

264 2938 379 2984 eorum
395 2925 517 3002 sylvas,
532 2914 642 2988 banno
655 2926 762 2988 felicis
775 2926 943 2988 memoriae
954 2928 1058 2987 luno·
1114 2921 1225 2992 lando,
1250 2921 1407 2996 legitimi&
1424 2922 1541 2996 &1015ae
1555 2926 1917 3002 00s⁰11³m³00192ffl¹¹¹

263 3021 365 3082 centii
387 3039 441 3098 pp.
459 3023 713 3099 predecessoris
733 3024 837 3085 nostri
860 3025 1057 3099 contempto,
1115 3020 1189 3096 post
1214 3018 1432 3095 triumphum.
1465 3018 1650 3081 Tribulatio
1678 3036 1830 3099 namque
1853 3024 1917 3083 vir-

264 3120 436 3180 succidere
452 3136 517 3182 non
529 3122 664 3193 timetis,
679 3136 802 3198 eosque
817 3137 917 3197 super
927 3120 1060 3197 pascuis
1115 3118 1220 3179 tutum
1246 3116 1411 3194 adjutrix,
1441 3117 1477 3178 ut
1505 3132 1624 3177 aurum
1647 3117 1773 3180 fornax
1805 3120 1917 3197 probat

262 3217 388 3277 temere
399 3218 587 3289 molestare,
597 3219 654 3294 qui
663 3234 733 3279 suae
747 3218 921 3294 religionis
935 3218 1059 3279 intuitu
1115 3215 1248 3285 electos,
1266 3216 1425 3291 partaque
1444 3215 1556 3275 tuetur
1575 3215 1609 3276 et
1628 3219 1740 3291 auget,
1763 3218 1916 3294 quoniam

262 3313 296 3372 et
330 3313 595 3375 consideratione
623 3314 822 3393 Apostolicae
853 3315 959 3386 Sedis,
986 3332 1059 3392 quae
1115 3313 1249 3374 vexatio
1278 3311 1335 3373 dat
1369 3312 1574 3374 intellectum
1602 3312 1751 3386 etimithi,
1782 3318 1817 3377 et
1840 3315 1916 3377 obet

262 3409 371 3471 locum
393 3411 501 3489 ipsum
522 3415 680 3491 tanquam
705 3430 798 3474 suam
821 3414 1059 3491 plantationem
1114 3426 1190 3471 esse
1200 3410 1321 3483 renuit,
1334 3425 1431 3488 quem
1447 3411 1528 3471 Cain
1548 3410 1677 3472 malitia
1690 3427 1759 3473 non
1773 3414 1914 3483 exercet,

262 3508 427 3570 novellam
439 3510 576 3587 speciali
587 3511 696 3587 diligit
708 3511 859 3583 caritate,
873 3527 939 3573 nou
953 3511 1058 3572 solum
1115 3525 1215 3585 quum
1225 3508 1424 3570 otiumvitiis
1434 3506 1558 3569 tribuat
1567 3508 1786 3571 incentivum.
1799 3511 1847 3572 Ad
1858 3512 1918 3572 hoc

261 3605 1058 3686 abeorumdeberetisabstinereinjuriis‚verum
1114 3621 1194 3683 ergo
1218 3607 1389 3678 Dominus,
1419 3605 1474 3683 qui
1500 3606 1590 3667 mala
1615 3622 1684 3667 non
1709 3609 1917 3685 permitteret

257 3704 360 3764 etiam
375 3707 470 3781 grata
485 3708 534 3767 eis
556 3707 675 3768 solatia
691 3706 863 3778 exhibere,
886 3709 922 3768 ut
941 3706 1057 3768 osten·
1113 3703 1199 3775 lieri,
1225 3703 1290 3764 nisi
1301 3704 1438 3765 eliceret
1452 3703 1530 3764 inde
1545 3703 1680 3776 bonum,
1696 3722 1758 3766 suo
1772 3709 1918 3768 exterius

261 3799 385 3863 daretis
399 3819 458 3864 vos
470 3803 610 3879 diligere
622 3807 772 3881 quosmet
787 3805 820 3866 et
832 3804 968 3866 domina
980 3819 1058 3865 ves·
1113 3801 1268 3864 tribulari
1285 3801 1455 3878 permittit,
1470 3802 1506 3863 ut
1523 3818 1559 3862 se
1571 3803 1658 3863 totos
1673 3803 1820 3864 interius
1832 3804 1919 3866 colli·

260 3900 313 3960 tra
331 3902 483 3962 Romana
508 3901 658 3963 Ecclesia
679 3900 788 3977 diligit
814 3903 849 3963 et
871 3901 1058 3963 omhonum
1113 3901 1228 3976 gentes
1251 3916 1345 3960 suam
1363 3899 1624 3961 imbecillitatem
1647 3904 1868 3977 cognoscam,
1885 3903 1918 3963 et

261 4012 396 4058 suarum
422 3997 582 4075 suffragia
607 3999 765 4075 consequi
780 3998 948 4059 valeretis.
965 3998 1058 4059 Licet
1113 3997 1148 4057 in
1161 4000 1340 4074 conspiectu
1355 3997 1414 4058 Dei
1436 3997 1651 4059 humiliantes
1668 3998 1803 4075 seipsos
1824 3999 1865 4060 ab
1878 4014 1917 4060 eo

262 4094 365 4169 igitur
400 4095 498 4173 culpa
532 4096 723 4172 hujusmodi
758 4108 894 4171 gravem
927 4110 1057 4172 poenam
1113 4094 1919 4174 auxiliumpraestolentunetdicant:tuaestpo

263 4191 377 4266 procul
392 4192 491 4254 dubio
502 4193 680 4264 mereatur,
697 4193 847 4254 volentes
860 4194 973 4256 tamen
986 4208 1060 4269 pro·
1113 4193 1340 4263 tenuaicum
1359 4208 1509 4268 regnum,
1527 4208 1593 4254 non
1609 4208 1725 4269 pacem
1742 4195 1912 4272 temporis,

262 4288 379 4349 cedere
389 4287 558 4350 vobiscum
570 4289 606 4350 in
621 4290 739 4367 spiritu
749 4290 908 4361 lenitatis,
916 4305 1060 4366 praeser-
1113 4291 1174 4352 sed
1189 4291 1299 4367 potius
1311 4291 1456 4367 pectoris
1466 4290 1662 4367 expetendo.
1676 4293 1842 4363 Quoniam
1852 4292 1913 4353 etsi

260 4385 321 4446 tim
341 4403 442 4463 quum
457 4386 557 4447 iidem
571 4387 693 4449 iratres
708 4387 880 4449 humiliter
891 4387 924 4448 id
939 4387 1060 4463 depos·
1114 4404 1192 4466 pars
1207 4387 1376 4449 interdum
1387 4388 1422 4448 in
1438 4402 1520 4464 pace
1534 4387 1717 4465 Babylonis
1733 4390 1788 4459 sit,
1803 4392 1865 4457 eis,
1879 4390 1914 4449 in

261 4485 362 4554 cant,
408 4484 661 4546 universitatem
701 4484 848 4547 vestram
886 4500 1058 4546 monemus
1113 4488 1185 4563 ipsa
1199 4486 1310 4547 mmen
1326 4500 1408 4561 pace
1419 4484 1611 4561 frequenter
1620 4486 1813 4549 amaritudo
1826 4503 1916 4551 ama-

260 4581 418 4644 attentius
435 4582 469 4644 et
483 4582 655 4644 hortamur
675 4597 734 4658 per
755 4581 947 4658 apostolica
965 4581 1059 4644 vohis
1113 4583 1257 4649 rissima.
1271 4582 1376 4645 David
1390 4583 1523 4653 etenim,
1540 4598 1638 4659 quem
1650 4583 1740 4645 bella
1754 4600 1823 4647 non
1835 4586 1916 4645 vice·

260 4679 383 4755 scripta
410 4679 643 4755 praecipiendo,
671 4679 866 4741 mandantes
896 4680 1058 4755 quatenus
1113 4682 1199 4752 rant,
1213 4680 1478 4757 paxprostravit
1496 4682 1529 4741 et
1543 4680 1665 4741 lortius
1674 4682 1808 4753 cecidit,
1819 4698 1915 4759 qnam

259 4775 302 4836 ab
317 4777 407 4836 omni
422 4776 657 4854 praedictorum
673 4776 732 4838 liei
747 4790 921 4838 servorum
931 4776 1058 4838 moles·
1112 4778 1142 4838 si
1161 4777 1280 4841 suisset
1299 4794 1320 4839 a
1342 4776 1530 4840 visibilibus
1550 4777 1703 4840 hostibus
1727 4783 1913 4856 superatus.

260 4873 387 4935 tatione
420 4876 590 4936 cessantes
626 4874 816 4936 mandatum
846 4873 932 4950 quod
970 4873 1058 4935 idem
1113 4875 1210 4937 Aliud
1232 4890 1362 4952 quoque
1379 4874 1469 4937 circa
1487 4891 1548 4936 nos
1566 4875 1728 4940 Dominus
1746 4894 1817 4939 suae
1832 4877 1915 4956 judi·

260 4970 485 5047 praedecessor
495 4972 709 5033 nostervobis
718 4971 886 5048 superhor
895 4971 1059 5033 direxisse
1114 4974 1202 5039 cium
1212 4972 1348 5037 exhibea
1359 4970 1518 5037 bonitatis
1528 4973 1564 5033 in
1577 4971 1651 5044 hoc,
1662 4974 1750 5050 quod
1765 4977 1913 5039 reservat

260 5068 466 5143 dignoscitur
485 5067 722 5129 inviolabiliter
741 5067 946 5143 observetis3
969 5067 1057 5130 alio·
1112 5069 1266 5133 fidelibus
1284 5068 1355 5134 suis
1371 5068 1496 5138 hostes,
1510 5084 1593 5146 quos
1612 5072 1725 5146 posset
1744 5074 1915 5139 conterere

260 5166 418 5243 quianon
438 5166 544 5226 solum
557 5165 798 5242 poenambanni
808 5165 850 5228 ab
860 5166 976 5227 eodem
991 5167 1060 5228 sta·
1111 5166 1306 5238 soloverbo‚
1317 5167 1371 5227 cui
1382 5165 1640 5233 vontiohediunt
1653 5171 1866 5245 atquemara
1877 5172 1915 5231 ut

259 5264 333 5329 tuti,
353 5263 589 5324 verumetiam
609 5263 710 5323 aliam
734 5264 922 5337 graviorem
944 5264 1058 5340 procul
1113 5265 1268 5328 videlicet
1293 5264 1349 5340 qui
1368 5263 1580 5325 offenderunt
1598 5264 1634 5325 in
1656 5266 1783 5339 multis,
1801 5266 1914 5328 mulli-

260 5361 359 5423 dubio
372 5360 560 5431 incurretis,
573 5360 734 5437 procerte
750 5359 922 5432 hahentes,
936 5360 966 5421 si
979 5376 1060 5438 prac—
1113 5361 1232 5439 plicam
1258 5362 1403 5423 habeant
1425 5360 1653 5423 satisfaciendi
1676 5365 1863 5431 materiam.
1880 5367 1916 5424 et

260 5473 338 5518 sens
355 5459 481 5520 avobis
495 5458 596 5519 suerit
607 5458 794 5535 contempta
807 5457 956 5520 monitio.
1114 5459 1349 5531 succurrendo,
1372 5459 1409 5519 in
1423 5459 1576 5536 personis
1588 5461 1622 5521 et
1634 5460 1746 5532 rebus,
1762 5460 1915 5523 fidelihus

302 5556 419 5616 Datum
441 5558 554 5617 Itomae
574 5554 660 5632 apud
684 5556 717 5616 S.
744 5556 889 5627 Petrum,
914 5557 961 5618 Ill
979 5571 1057 5618 non.
1113 5557 1291 5629 tribulatis,
1313 5557 1577 5634 saltemaccepto
1587 5557 1693 5625 calice
1707 5559 1915 5621 salutarire-

260 5650 353 5720 maii,
370 5652 582 5725 pontificatus
597 5650 703 5713 nostri
718 5667 805 5714 anno
821 5652 978 5715 secundo.
1113 5655 1261 5719 tribuant
1275 5654 1399 5734 aliquid
1410 5655 1561 5728 Domino,
1573 5655 1700 5732 quipro
1715 5657 1766 5721 eis
1780 5656 1913 5720 tradidit
