3982 6196
725 336 954 403 auterens.
978 336 1056 399 mn.
1081 338 1121 400 11.
1681 304 1748 404 ¹ela

91 343 149 407 513

91 504 280 578 institutus,
293 506 328 566 et
342 502 500 581 praedicta
515 502 658 565 ecclesia
673 503 781 565 sancti
796 506 897 565 Bene·
949 502 1043 576 tiam,
1054 500 1264 564 honestatem
1279 501 1312 563 et
1319 499 1494 564 utilitatem
1509 500 1659 565 ecelesiae
1673 518 1749 566 oon·

91 603 171 665 dieti
187 604 224 664 in
240 618 307 680 qua
322 603 400 664 sunt
413 601 582 662 abbatissa
597 600 805 663 simoniales
820 600 897 662 sunt
950 601 1121 662 tinentem.
1155 598 1421 661 Praenominatus
1455 614 1535 661 vero
1570 600 1748 665 abbatissae

93 702 271 778 contiguae,
289 701 322 762 et
337 701 444 763 sancti
460 700 594 762 vedasti
608 700 748 762 ecclesia
764 716 823 777 pro
838 701 897 761 de-
951 703 1196 775 proouratorex
1210 697 1349 758 adverso
1362 696 1543 774 respondit,
1555 699 1748 776 petitionem
1816 691 1820 695 ’

13 820 15 847 l
91 801 177 863 iectu
206 799 354 875 alicujus
378 799 435 879 qui
461 799 620 874 praeesset
644 797 834 866 canonicis,
865 798 898 858 et
951 799 1023 873 ejus
1037 810 1104 856 non
1119 810 1193 856 esse
1207 794 1373 857 ullatenus
1391 796 1626 858 admittendam
1641 799 1751 860 multi-

13 924 14 927 *
92 896 306 975 quotidianos
320 894 410 956 inter
422 895 513 972 ipsos
528 910 688 956 excessus
702 893 895 970 corrigeret,
951 894 1029 969 plici
1042 895 1182 965 ratione,
1199 893 1365 963 videlicet,
1379 894 1457 971 quia
1468 896 1666 972 rescriptum
1681 897 1749 957 im-

92 995 266 1073 peteretur
287 993 324 1054 in
347 992 578 1071 spiritualibus
601 995 635 1054 et
660 991 897 1070 temporalibus
952 991 1116 1068 patratum
1130 990 1506 1065 luerattacitaveritate,
1524 993 1749 1072 scilicetquod

92 1109 155 1154 non
172 1092 341 1153 modicam
361 1091 544 1163 laesionem,
566 1091 655 1151 idem
673 1090 898 1167 praedeoessor
952 1104 1066 1150 curam
1092 1088 1145 1150 vel
1172 1088 1493 1151 administrationem
1523 1090 1670 1167 aliquam
1702 1091 1749 1152 ibi

93 1192 245 1252 noster...
276 1188 387 1250 abbati
411 1189 734 1259 praemonstratensi,
763 1190 796 1250 et
824 1189 897 1265 eius
951 1187 1082 1262 gereret
1100 1185 1287 1263 abbatissa3
1316 1204 1417 1263 quum
1438 1187 1654 1266 inquisitores
1679 1190 1750 1250 suis

94 1287 235 1365 collegis
245 1287 315 1348 suls
330 1286 422 1348 dedit
436 1286 556 1348 litteris
568 1288 604 1347 iu
618 1285 793 1358 mandatis,
811 1285 898 1347 utad
952 1283 1072 1345 litteris
1087 1285 1249 1354 asserant,
1273 1284 1360 1361 quod
1386 1284 1554 1348 abbatissa
1574 1288 1672 1363 gerit,
1689 1287 1748 1357 ibi,

94 1402 167 1448 eum
204 1384 427 1463 personaliter
455 1384 662 1453 accedentes,
693 1383 782 1445 circa
809 1399 898 1460 prae·
952 1381 1030 1442 licet
1039 1382 1226 1460 utcumque,
1244 1382 1391 1444 ollioium
1413 1383 1605 1446 decanatus.
1623 1386 1663 1447 Et
1674 1402 1749 1447 cum

94 1484 197 1545 missa
222 1484 256 1544 et
284 1483 352 1543 alia
380 1498 454 1559 quae
485 1497 600 1560 pacem
635 1481 784 1543 eeclesiae
812 1496 896 1542 oon·
952 1476 1075 1540 lactum
1093 1478 1284 1557 hujusmodi
1303 1479 1506 1542 abbatissam
1521 1482 1753 1559 principaliter

94 1581 285 1658 tingebant,
321 1579 505 1642 statuerent
540 1597 613 1658 quae
644 1578 828 1651 honestati,
865 1579 898 1639 et
952 1575 1114 1652 tangeret,
1135 1593 1304 1654 nunquam
1325 1576 1433 1639 iuerat
1450 1581 1607 1655 evocata3
1624 1579 1751 1641 duobus

13 1714 15 1719 ,
95 1678 235 1741 utilitati
268 1678 420 1740 ecolestm
455 1673 692 1754 cognoscerent
727 1677 896 1754 expedire.
952 1675 1081 1735 tantum
1105 1674 1358 1751 inquisitoribus
1378 1692 1453 1737 cum
1466 1675 1572 1738 tribus
1592 1678 1751 1755 scriptum

13 1820 15 1857 ί
97 1776 190 1848 Quod
206 1777 287 1837 lloet
300 1774 392 1836 illius
406 1774 604 1837 auctoritate
618 1774 764 1837 mandati
779 1774 819 1835 ad
842 1790 899 1836 eo·
954 1770 1080 1845 luisset,
1100 1771 1201 1834 tertio
1226 1788 1263 1834 se
1286 1773 1477 1835 nullatenus
1498 1778 1680 1837 excusante
1701 1779 1753 1838 te-

95 1874 234 1937 clesiam
249 1873 356 1951 ipsam
371 1873 602 1946 accessissent,
622 1872 828 1952 postmodum
842 1873 897 1934 ta·
953 1884 1045 1931 mere
1059 1869 1314 1947 procedentibus
1334 1871 1409 1949 post
1432 1871 1689 1949 appellationem
1711 1873 1753 1934 ad

97 1988 174 2033 men
189 1970 342 2048 pluribus
363 1970 439 2032 aliis
464 1970 574 2033 causis
590 1970 899 2048 supervenientibus
955 1967 1073 2029 sedem
1100 1968 1326 2045 apostolicam
1359 1968 1402 2030 ab
1439 1970 1555 2032 eadem
1585 1970 1754 2033 abbatissa

13 2140 14 2147 ἵ
99 2067 287 2148 praepediti,
303 2068 483 2146 procedere
504 2068 539 2129 ln
561 2068 751 2146 hujusmodi
767 2069 898 2145 negotio

13 2168 15 2193 ³
96 2168 335 2245 nequiverunt3
368 2167 553 2243 presertim
587 2167 665 2244 quia
694 2162 828 2244 quidam
859 2165 899 2227 de

96 2262 271 2326 canonicis
283 2262 439 2325 nolebant
454 2263 580 2342 aliquid
596 2280 697 2340 super
716 2264 898 2326 consuetu-

96 2361 233 2423 dinibus
247 2360 399 2422 eoolesiae
422 2356 603 2423 immutari.
625 2364 796 2439 Quumque
813 2376 902 2440 prae·

96 2459 177 2521 dicti
193 2458 296 2520 abbas
309 2459 344 2520 et
355 2456 491 2533 collegae
504 2459 610 2536 ipsius
629 2475 748 2520 causas
763 2460 899 2521 dilatio·

96 2557 147 2618 nis
163 2555 355 2633 hujusmodi
380 2556 421 2617 ad
431 2557 640 2618 audientiam
654 2557 749 2619 Sedis
759 2559 901 2634 Aposto-

13 2678 15 2737 2
96 2654 171 2716 licea
198 2654 270 2715 suis
291 2653 411 2715 litteris
437 2653 648 2727 detulissent,
668 2670 729 2716 nos
751 2655 900 2732 ipsarum

13 2750 15 2831 ᾗ
97 2753 214 2815 tenore
235 2751 385 2829 plenarie
400 2751 578 2824 intellecto,
595 2752 721 2815 eisdem
736 2751 848 2814 abbati
868 2754 901 2815 et

13 2838 15 2861 '
96 2853 167 2927 eJ'us
179 2848 329 2925 collegis,
344 2850 467 2911 nostris
475 2849 626 2911 dedimus
636 2850 758 2912 litteris
768 2851 803 2911 in
814 2867 902 2927 prae«

97 2947 212 3024 ceptis,
235 2947 272 3008 ut
294 2962 361 3007 noo
389 2950 580 3009 reverentes
601 2947 722 3009 taciem
741 2947 899 3021 hominis,

13 3030 15 3107 1
99 3044 155 3106 sed
171 3042 333 3106 babentes
352 3044 542 3122 praeoculis
560 3046 667 3107 solum
682 3048 796 3119 Deum,
814 3061 902 3124 prae-

13 3120 15 3171 1
101 3142 179 3204 dicti
208 3140 465 3219 praedecessoris
490 3144 597 3205 nostri
622 3144 814 3206 mandatum
840 3143 901 3205 ad·

101 3241 241 3318 implere
265 3243 437 3317 curarent3
461 3242 721 3304 contradictores
743 3258 803 3320 per
817 3258 900 3303 oen-

954 2065 1065 2126 taliter
1073 2065 1345 2143 interjectam,ne
1355 2067 1396 2127 ad
1405 2066 1755 2146 aliquidprooederent

954 2162 1040 2239 quod
1050 2162 1086 2224 in
1097 2165 1171 2240 ejus
1184 2163 1631 2242 praejudieiumredundaret.
1647 2169 1755 2239 Quare

955 2259 1043 2321 idem
1070 2263 1267 2338 procurator
1290 2261 1332 2322 iis
1359 2264 1393 2324 et
1413 2263 1490 2324 aliis
1511 2264 1625 2326 multis
1647 2264 1754 2325 modis

955 2357 1085 2434 prelati
1106 2358 1287 2420 subdecani
1307 2360 1525 2421 intentionem
1541 2362 1752 2439 impugnans,

955 2455 1084 2518 dicebat
1099 2472 1165 2518 non
1183 2458 1297 2519 valere
1309 2458 1343 2518 id
1358 2458 1444 2535 quod
1459 2458 1510 2520 illi
1526 2459 1592 2521 duo
1607 2461 1754 2538 quipro-

954 2556 1126 2618 cesserant
1138 2571 1239 2632 super
1253 2558 1467 2618 excusatione
1484 2558 1584 2630 tertii,
1602 2557 1756 2620 videlicet

955 2652 1041 2728 quod
1054 2653 1170 2715 morbo
1186 2653 1358 2716 laborabat
1372 2654 1551 2716 incurabili
1567 2656 1754 2734 rescripse-

954 2751 1042 2823 runt,
1062 2767 1136 2812 oum
1157 2767 1258 2829 super
1276 2751 1339 2814 boo
1358 2768 1419 2814 nec
1434 2753 1603 2830 publicum
1622 2755 1755 2816 instru-

955 2850 1113 2923 mentum,
1130 2866 1192 2911 nec
1206 2850 1311 2927 ipsius
1326 2851 1416 2913 tertii
1433 2851 1552 2914 litterae
1572 2854 1756 2929 appareant

955 2946 1098 3024 alicujus
1118 2946 1221 3024 sigilli
1247 2949 1431 3011 authentici
1450 2950 1633 3012 munimine
1650 2950 1754 3013 robo-

955 3046 1049 3113 ratae,
1076 3061 1138 3106 nec
1158 3046 1358 3108 credendum
1373 3047 1465 3108 sitin
1491 3064 1550 3109 suo
1565 3048 1650 3110 lacto
1666 3050 1753 3112 duc-

955 3141 1017 3203 bus
1025 3144 1205 3220 praedictis,
1220 3161 1321 3222 quum
1331 3144 1371 3209 de
1383 3161 1419 3207 se
1430 3145 1518 3207 lerre
1527 3146 1752 3209 testimonium

955 3240 1142 3304 videantur.
1168 3243 1217 3303 Ad
1238 3242 1388 3304 ultimum
1403 3255 1496 3312 vero,
1513 3243 1681 3321 professus
1702 3249 1755 3309 est

97 3352 211 3400 suram
238 3338 499 3401 ecclesiasticam
526 3340 775 3418 compescendo.
808 3339 901 3402 Unde
956 3354 992 3400 se
1011 3355 1078 3401 non
1095 3355 1192 3416 posse
1214 3339 1367 3401 sulficere
1391 3340 1433 3401 ad
1449 3357 1583 3402 oausam
1601 3344 1754 3405 tractan-

96 3437 246 3499 volentes
272 3437 440 3515 tamquam
474 3437 535 3499 tilii
570 3437 767 3500 obedientiae
801 3454 902 3515 super
956 3436 1043 3504 dam,
1069 3437 1181 3513 utpote
1205 3436 1247 3497 ad
1269 3436 1561 3499 contradicendum
1589 3442 1622 3502 et
1642 3441 1752 3517 impe-

96 3533 138 3595 iis
172 3534 355 3613 procedere
369 3534 532 3607 ordinate,
554 3535 595 3596 de
614 3536 793 3597 multorum
815 3552 900 3612 pru·
955 3534 1110 3595 trandum
1153 3533 1380 3596 tantummodo
1424 3535 1632 3610 destinatus,
1680 3538 1758 3601 licet

13 3670 14 3681 ³
97 3631 233 3695 dentum
257 3632 406 3694 virorum
435 3633 591 3706 oonsilio,
619 3633 772 3710 diligenti
801 3650 902 3711 super
956 3630 1127 3692 confessus
1140 3630 1241 3694 luerit
1255 3628 1458 3694 abbatissam
1472 3634 1658 3710 appellasse
1669 3653 1758 3713 prae-

13 3740 14 3749 ¹
98 3731 185 3791 matu
204 3730 374 3808 praedictae
394 3731 502 3792 saneti
519 3730 655 3792 vedasti
672 3730 822 3793 ecclesiae
843 3731 900 3792 in·
956 3728 1089 3800 dictam,
1106 3729 1193 3790 sicut
1215 3729 1251 3789 in
1271 3729 1535 3805 praecedentibus
1554 3733 1755 3794 continetur.

97 3827 276 3903 quisitione
299 3827 495 3905 praehabita,
518 3828 604 3890 siout
623 3828 761 3905 apparet
779 3845 821 3890 ex
844 3829 901 3890 lil-
956 3826 1203 3903 Objeotionibus
1226 3842 1306 3888 vero
1340 3826 1530 3904 hujusmodl
1559 3846 1754 3907 responsum

96 3925 177 3986 teris
204 3924 397 3988 eorumdem
426 3923 604 3987 abbatissae
632 3925 792 4003 praelatae,
828 3943 900 4005 quae
955 3924 1084 3986 exstitit
1098 3940 1142 3984 ex
1159 3923 1312 3996 adverso,
1327 3924 1412 4000 quod
1428 3940 1565 3987 necesse
1589 3944 1656 3989 non
1676 3926 1754 3990 iue-

97 4021 132 4081 in
157 4021 340 4099 saepedicta
369 4022 478 4084 sancti
505 4023 641 4085 vedasti
668 4023 812 4085 ecelesia
843 4025 899 4084 ut·
954 4025 1008 4082 rat
1022 4021 1055 4082 in
1072 4022 1192 4083 litteris
1206 4021 1404 4099 apostolicis
1420 4021 1460 4084 de
1477 4024 1635 4101 praedicta
1652 4023 1757 4088 abba-

96 4134 240 4197 cumque
267 4119 447 4182 decanatus
470 4121 557 4197 gerit
581 4120 745 4193 osticium,
773 4124 899 4184 certum
954 4118 1036 4180 tissa
1061 4118 1262 4181 mentionem
1286 4119 1415 4192 haberi,
1446 4123 1630 4199 praesertim
1651 4141 1752 4201 quum

97 4215 183 4277 diem
225 4231 287 4294 pro
319 4218 460 4280 termino
502 4218 734 4295 praefixerunt,
765 4235 830 4296 quo
864 4220 899 4279 in
954 4216 1054 4278 iidem
1079 4217 1287 4295 postulantes
1309 4235 1378 4279 suae
1399 4220 1520 4282 statum
1535 4221 1755 4284 ecclesiaere·

97 4315 204 4376 macti
230 4314 368 4376 vedasti
380 4315 534 4388 ecclesia,
554 4318 653 4394 prout
669 4317 828 4395 expedire
842 4317 899 4379 vi·
955 4314 1103 4386 formari,
1127 4316 1319 4378 nullatenus
1346 4317 1556 4381 intenderent
1576 4335 1749 4394 enervare,

97 4409 231 4485 debant,
254 4410 467 4476 instituerent
487 4413 724 4475 subdecanum.
742 4415 805 4476 Sed
821 4416 900 4494 quia
955 4411 1753 4492 immojuvarepotiusJurisdictionemabbatissae

97 4508 180 4585 ipsa,
203 4510 280 4586 post
302 4509 450 4587 elapsum
471 4509 558 4572 diem
573 4513 606 4573 et
624 4512 815 4585 terminum,
842 4530 901 4591 per
954 4510 1133 4587 praedictae,
1149 4512 1246 4575 siout
1273 4528 1316 4574 ex
1337 4529 1376 4574 eo
1401 4514 1576 4577 manifeste
1601 4517 1752 4592 apparet,

97 4607 320 4684 quadraginta
334 4607 406 4670 dies
428 4624 448 4669 a
463 4609 630 4687 praedictis
646 4609 900 4686 inquisitoribus
955 4608 1041 4686 quod
1056 4625 1131 4670 oum
1144 4608 1312 4671 abbatissa
1331 4627 1397 4671 non
1413 4613 1615 4687 competeret
1638 4629 1753 4673 curam

13 4706 14 4715 ’
96 4705 404 4781 expectataooram
412 4706 461 4768 eis
469 4708 791 4784 renuitoomparere,
799 4708 899 4771 iidem
954 4722 1071 4783 gerere
1087 4708 1285 4780 animarum,
1301 4707 1379 4769 talis
1394 4723 1537 4785 persona
1558 4709 1668 4771 extitit
1679 4710 1753 4771 lus-

92 4801 191 4877 jnxta
207 4800 349 4864 sormam
364 4805 519 4882 rescripti
536 4806 719 4883 apostolici
734 4805 900 4869 honestati
954 4804 1062 4877 tituta,
1076 4820 1150 4882 quae
1169 4804 1211 4866 ad
1226 4804 1547 4867 administrationem
1563 4805 1753 4883 huiusmodi

94 4900 129 4959 et
138 4882 276 4961 utilitati
282 4900 434 4963 ecclesiae
445 4903 622 4979 providere
632 4903 793 4977 volentes,
811 4920 900 4966 eum·
954 4902 1140 4964 faciendam
1160 4901 1223 4964 luit
1242 4902 1411 4963 sullioiens
1427 4904 1460 4965 et
1483 4904 1666 4982 condigna;
1690 4923 1752 4968 neo

97 4994 171 5057 dem
197 5000 227 5059 J.
256 4995 481 5060 subdecanum
513 5001 549 5061 in
578 5000 760 5063 memorata
794 5003 900 5065 sancti
955 4998 1106 5061 obstabat
1120 4999 1202 5060 illud
1221 4999 1250 5059 si
1265 4999 1438 5061 excusatio
1454 5000 1544 5063 tertii
1559 5018 1625 5064 non
1644 5003 1753 5067 conti·
1863 5078 1869 5083 ,

97 5094 234 5157 vedasti
264 5095 406 5158 ecclesia
428 5098 567 5173 provide
591 5099 791 5172 statuerunt,
814 5089 900 5162 sicut
955 5096 1095 5161 uebatur
1117 5097 1153 5159 in
1167 5096 1298 5176 publico
1313 5097 1546 5171 instrumento,
1566 5110 1666 5178 quum
1681 5102 1755 5163 ins-

13 5236 14 5239 ,
93 5191 131 5252 in
149 5208 264 5254 eorum
287 5193 420 5267 litteris,
445 5195 615 5274 inquibus
637 5197 736 5259 etiam
752 5198 819 5259 alia
834 5214 899 5277 ex7
954 5196 1122 5257 trumenta
1140 5194 1331 5273 hujusmodi
1350 5210 1418 5257 non
1439 5195 1522 5259 liant
1545 5198 1579 5259 in
1603 5197 1752 5276 partibus

93 5290 297 5365 primuntur,
313 5294 450 5371 propter
460 5310 534 5371 quae
550 5294 592 5356 ad
609 5294 643 5355 id
656 5295 900 5358 rationabiliter
955 5288 1146 5365 Gallicanis,
1164 5292 1223 5354 sed
1237 5292 1319 5355 eatis
1331 5293 1630 5357 debebatsultlcero
1644 5295 1673 5356 si
1686 5294 1751 5358 duo

93 5386 222 5450 inducti
238 5388 384 5464 luerunt,
398 5391 530 5468 plenius
547 5393 745 5455 continetur.
954 5392 988 5453 id
1021 5391 1107 5469 quod
1134 5390 1176 5453 de
1210 5390 1309 5453 tertio
1335 5392 1463 5470 collega
1484 5391 1653 5465 sciebant,
1680 5394 1750 5458 suis

136 5487 245 5557 Quare
267 5489 470 5550 memoratus
486 5491 516 5551 J.
535 5489 723 5567 postulabat
736 5491 901 5555 instanter
954 5489 1074 5552 litteris
1089 5488 1306 5562 testabantur,
1328 5489 1448 5568 quibus
1462 5486 1601 5560 debebat
1613 5489 1695 5553 fides
1715 5492 1751 5553 iu

96 5581 342 5646 ordinationem
357 5585 398 5646 de
412 5586 485 5664 ipso
499 5587 682 5650 eteoclesia
691 5587 812 5651 iactam
825 5604 901 5651 auo-
954 5588 996 5649 iis
1009 5591 1042 5651 et
1052 5587 1128 5649 aliis
1146 5586 1309 5661 adbiberi,
1321 5587 1505 5665 praesertim
1518 5603 1617 5665 quum
1631 5588 1666 5650 in
1679 5605 1753 5667 par-

94 5678 231 5742 toritate
245 5681 437 5759 apostolica
452 5684 657 5759 confirmari,
675 5687 786 5763 utpote
799 5687 900 5766 justi·
954 5685 1042 5751 tibus
1069 5685 1139 5748 illis
1161 5685 1249 5748 lama
1269 5684 1454 5748 communis
1479 5684 1601 5749 habeut
1617 5686 1753 5750 tertium

240 5826 357 5871 rennos.
379 5828 453 5872 mus
473 5816 510 5874 ll.
1577 5819 1611 5875 li
