3946 6196
88 314 148 374 tet

89 469 261 548 compleri.
277 468 471 546 llapropter,
495 464 607 529 dilecti
620 464 656 529 iu
670 466 886 538 Christo'tllii,

88 571 149 641 etc,
163 582 273 642 aeque
284 585 294 628 :
305 565 531 643 impertientes
540 579 724 626 assensum.
734 564 886 626 Decimae

87 671 155 728 tam
182 664 353 727 novalium
381 678 479 740 quam
508 662 651 724 aliarum
679 662 887 723 terraruma

87 762 292 825 monasterio
315 763 426 822 vestro
441 761 518 822 ante
530 759 685 836 generale
704 759 887 821 Concilium

87 859 334 922 rationabiliter
348 858 382 919 et
395 857 505 935 quiete
519 873 700 935 possessas,
726 856 812 918 sicut
829 871 887 918 eas

84 960 175 1035 Juste
190 957 224 1018 et
239 954 376 1033 pacifice
393 954 581 1031 possidetis,
595 953 689 1015 vobis
704 955 737 1015 et
755 969 887 1030 pervus

87 1055 152 1131 ipsi
167 1051 372 1115 monasterio
391 1053 587 1114 auctoritate
603 1052 792 1128 apostolica
806 1067 888 1112 eon-

88 1153 275 1222 firmamus,
302 1151 336 1212 et
360 1150 536 1227 praesentis
565 1149 681 1226 scripti
701 1149 886 1226 patrocinio

88 1248 351 1328 communimns3
366 1245 548 1308 districtius
559 1245 747 1309 inhibentes
756 1261 798 1307 ne
813 1246 887 1323 quis

88 1345 270 1424 superlitis
285 1360 345 1406 vos
360 1343 541 1421 presumat
560 1346 684 1405 temere
698 1343 884 1405 molestare.

88 1443 280 1518 Nulliergo,
294 1441 500 1514 ete.,nustrae
509 1441 782 1513 confirmationis,
796 1442 830 1502 et
839 1441 887 1502 in·

86 1537 521 1614 bibitionisintringere,vel
531 1538 656 1610 ei,ete.,
665 1538 842 1600 contraire.
851 1539 886 1600 Si

87 1639 160 1715 quis
184 1637 307 1707 autem,
331 1637 409 1705 etc„
433 1636 657 1696 incursurum.
677 1636 796 1697 Datum
822 1637 887 1698 Fe-

87 1735 209 1798 rentini
223 1734 386 1795 kalendas
396 1732 594 1811 septembris
617 1748 705 1794 anno
728 1733 884 1795 secundo.

424 1911 552 2001 XXIV

86 2067 340 2139 Adeptreopum
350 2064 385 2125 et
396 2064 582 2137 capitulum
594 2065 883 2152 suessionensem.

385 2187 398 2242 l
418 2192 492 2258 sept.
510 2185 589 2243 1217.

296 2291 406 2356 [Regest.
422 2291 466 2342 lib.
477 2291 510 2350 11,
526 2289 599 2357 epist.
611 2289 679 2356 tlt]

90 2390 204 2449 liandat
216 2396 249 2447 nt
257 2388 411 2464 prebenda
420 2388 551 2447 canonici
562 2388 724 2462 assignetur
734 2389 838 2447 clerico
851 2391 883 2448 11.

123 2516 305 2588 Η1111111,
326 2516 402 2589 eto,
412 2514 596 2578 venerabili
607 2514 703 2578 tratri
717 2515 884 2594 episcopo,

87 2614 119 2675 et
131 2612 265 2674 dilectis
278 2612 358 2673 tiliis
370 2612 508 2690 capituli
524 2613 736 2673 suessionen.

127 2709 524 2775 Promissionemhabens
537 2709 625 2781 vitae,
639 2725 711 2786 quae
722 2725 810 2770 nunc
822 2711 883 2781 est,

88 2810 119 2869 et
132 2807 266 2879 iuturae,
283 2806 389 2883 pietas
404 2822 464 2867 nos
478 2806 618 2877 induxit,
634 2807 670 2867 ut
682 2821 743 2886 pro
765 2805 885 2868 dilecto

88 2903 400 2981 magistroRoberto
415 2903 883 2980 clericolatorepraesentium,
917 2959 921 2965 .

89 3004 139 3063 cui
151 3001 304 3063 scientim
318 3001 439 3062 donum
454 3004 488 3064 et
498 3002 575 3065 vitae
594 3001 748 3062 meritum
763 3000 887 3061 suffra-

88 3100 157 3180 gari
187 3099 355 3170 dicuntur,
379 3114 494 3177 preces
519 3098 613 3161 vobis
642 3098 885 3175 porrigeremus

87 3196 306 3274 apostolicas,
322 3197 357 3259 et
374 3195 576 3267 mandatum,
605 3197 641 3257 ut
667 3196 777 3273 ipsum
797 3195 886 3257 reci-

88 3295 209 3371 peretis
233 3294 271 3354 in
295 3293 493 3357 canonicum
516 3293 549 3354 et
569 3293 604 3353 in
628 3292 776 3364 tratrem,
799 3292 884 3370 quod

87 3390 196 3453 tacere
220 3391 390 3463 renuistis,
418 3390 629 3467 praebendam
650 3406 723 3472 quae
739 3391 886 3468 postmo-

87 3488 161 3549 dum
186 3489 223 3549 in
243 3488 386 3550 ecclesia
408 3489 519 3550 vestra
540 3488 672 3553 vacavit
694 3486 754 3552 alii
773 3486 887 3549 conie-

86 3589 216 3659 rentes,
246 3585 334 3647 sicut
356 3584 453 3647 nobis
480 3584 674 3646 dilectorum
702 3584 884 3646 illiorum...

86 3682 437 3755 decanttnesaurarii,
453 3684 522 3743 et...
537 3681 685 3755 official„
695 3681 883 3754 Belvaeen„

88 3797 167 3857 quos
191 3780 495 3842 eidem-monitores
509 3780 748 3852 concessimus,
767 3778 885 3841 relatio

87 3877 279 3940 declaravit.
295 3876 457 3939 Nolentes
467 3878 570 3953 igitur
584 3876 812 3954 imperfectum
831 3892 887 3938 re-

87 3976 239 4054 linquere
259 3975 346 4053 quod
366 3975 627 4037 misericorditer
640 3974 884 4047 inchoavimus,

87 4074 125 4134 de
154 4073 278 4135 clerico
313 4072 520 4144 memorato,
551 4088 610 4149 per
641 4073 761 4134 iterata
791 4070 885 4133 vobis

15 4228 20 4237 .
87 4173 212 4249 scripta
238 4170 460 4248 precipiendo
489 4170 695 4242 mandamus,
721 4171 892 4247 quatenus·

85 4270 181 4346 juxta
198 4268 297 4345 primi
314 4267 462 4329 mandati
476 4269 624 4330 tenorem
635 4268 671 4328 in
688 4267 885 4330 canonicum

87 4368 235 4429 vestrum
258 4366 291 4427 et
315 4365 451 4427 tratrem
473 4366 643 4442 recipiatis
661 4365 812 4427 eumdem
828 4386 836 4439 3
854 4366 886 4426 et

86 4463 309 4540 prebendam,
324 4464 353 4524 si
368 4464 478 4540 quain
492 4463 716 4540 eeclesiaipsa
731 4463 838 4538 vacat,
853 4462 885 4524 ei

87 4560 271 4624 liberaliter
292 4560 482 4637 assignetis.
501 4561 649 4623 seientes
671 4576 732 4622 nos
755 4559 885 4621 dilectis

88 4660 203 4722 tiliis...
217 4660 354 4731 decano,
369 4659 555 4730 cauteriet
569 4658 729 4735 magistro
742 4661 779 4719 G.
792 4660 883 4718 Gom.

87 4755 886 4834 canonicoRemensipernostrasdedisselitteras

86 4854 305 4927 inmaudatis,
316 4855 352 4917 ut
362 4853 427 4916 nisi
440 4853 639 4919 curaveritis
652 4852 785 4919 estlcere
799 4851 884 4930 quod

87 4953 328 5024 mandavimus,
354 4951 417 5029 ipsi
443 4967 502 5013 vos
521 4951 563 5012 ad
582 4951 615 5012 id
637 4966 885 5029 percensuram

87 5050 346 5113 ecclesiasticam
359 5048 581 5131 appellatione
592 5052 719 5110 remota
735 5047 884 5124 compel-

85 5148 172 5217 lant,
192 5148 257 5209 nisi
281 5147 407 5224 aliquid
429 5146 593 5223 objectum
608 5146 709 5209 fuerit
726 5146 759 5207 et
773 5147 887 5207 osten-

86 5263 170 5319 sum,
195 5244 438 5331 propterquod
465 5243 498 5307 id
520 5260 587 5309 nou
612 5243 718 5321 possit
740 5243 793 5305 vel
818 5259 885 5310 non

86 5344 203 5415 debeat
217 5341 403 5418 adimpleri,
418 5342 535 5407 Datum
546 5341 717 5411 Ferentini
732 5340 885 5410 kalendis

87 5440 283 5520 septembris
299 5454 387 5500 anno
403 5439 559 5501 secundo.

125 5640 161 5708 In
176 5635 330 5699 eumdem
346 5633 415 5696 tere
427 5633 560 5701 modum
579 5634 737 5715 scriptum
753 5634 803 5696 est
822 5650 883 5697 su-

716 307 945 369 EPISTOLAE.
968 308 1047 371 LIB.
1071 310 1111 370 11.

1680 314 1739 374 198

942 483 1002 545 per
1013 466 1077 531 hoc
1092 465 1217 532 eisdem
1233 467 1466 533 executoribus
1480 469 1592 533 verbis
1604 485 1739 548 compe-

941 566 1050 627 tenter
1064 565 1210 628 mutatis.
1227 566 1318 638 Quod
1333 566 1363 626 si
1377 582 1443 628 non
1452 583 1565 629 omnes
1579 569 1653 642 etc,
1668 570 1739 630 Duo

941 670 1100 737 vestrum,
1115 665 1191 736 etc„
1205 664 1324 726 Datum
1337 665 1498 742 utsupra.

1286 823 1393 911 XXV

981 968 1033 1027 Ad
1048 969 1197 1029 iliricum
1212 968 1459 1031 Pctootemem
1471 969 1505 1031 et
1514 968 1701 1032 Robertum

1114 1066 1366 1128 olomucensem
1382 1069 1565 1142 epteeopos.

1239 1189 1252 1245 1
1270 1194 1343 1260 sept.
1364 1189 1442 1247 1217.

1003 1291 1120 1357 [11111111
1131 1291 1193 1345 Cod.
1206 1293 1341 1361 diplomat.
1356 1294 1485 1359 lioravire,
1494 1295 1526 1357 Π,
1537 1295 1577 1360 bl,
1588 1311 1614 1346 n.
1624 1296 1678 1362 aa]

941 1401 1000 1457 llos
1011 1399 1162 1474 episcopos
1171 1402 1316 1460 constituit
1328 1410 1436 1461 tutores
1448 1402 1556 1473 uxoris,
1576 1411 1605 1462 et
1617 1404 1739 1462 illiorum

1047 1489 1182 1563 leopoldi
1192 1488 1273 1548 ducis
1282 1491 1404 1550 Austris
1418 1493 1620 1567 cmceslgnatl.

980 1604 1146 1668 Honorius
1161 1608 1464 1687 episcopusservus
1480 1626 1651 1672 servorum
1666 1610 1737 1681 Dei,

939 1700 1184 1766 venerabilibus
1225 1706 1395 1780 iratribus,
1434 1707 1624 1769 Pataviensi
1654 1710 1736 1769 et...

940 1798 1149 1863 Olomucensi
1158 1801 1322 1895 episcopis
1333 1807 1366 1865 et
1377 1803 1497 1866 dilecto
1508 1805 1614 1895 illio...
1628 1803 1740 1867 abbati

940 1899 1063 1961 sanctae
1077 1898 1185 1962 crucis
1201 1900 1410 1963 Pataviensis
1421 1902 1586 1975 dioeeesis,
1598 1901 1739 1963 salutem

940 1996 973 2056 et
985 1993 1200 2071 apostolicam
1214 1994 1490 2060 benedictionem.

980 2095 1085 2165 Quum
1098 2092 1239 2156 dilectus
1253 2093 1342 2155 iliius
1357 2094 1478 2156 nobilis
1490 2095 1553 2168 vir,
1568 2095 1637 2159 dux
1650 2098 1739 2155 Aus-

940 2189 1050 2251 triae...
1078 2192 1247 2269 assumpto
1275 2193 1398 2254 sanctae
1424 2193 1534 2255 crucis
1562 2191 1736 2268 signaculo

940 2288 1114 2365 magnifiee
1122 2289 1186 2351 iter
1195 2289 1423 2368 arripueritad
1433 2288 1616 2351 subsidium
1625 2291 1737 2350 Terrae

941 2388 1082 2459 Sanctae,
1105 2402 1166 2448 nos
1188 2387 1258 2448 suis
1268 2387 1370 2465 justis
1388 2386 1668 2465 postulationibus
1683 2386 1738 2446 in-

939 2481 1054 2545 clinati
1078 2499 1255 2560 personam
1273 2500 1368 2545 suam
1392 2501 1502 2546 cum...
1517 2499 1632 2555 uxore,
1647 2481 1737 2551 tiliis,

939 2580 1029 2642 terra
1044 2581 1262 2659 omnibusque
1274 2581 1370 2643 bonis
1383 2581 1452 2642 suis
1467 2579 1528 2641 sub
1543 2580 1632 2642 beati
1647 2579 1740 2641 Petri

940 2679 1300 2756 etnostraprotectione
1309 2679 1525 2756 suscepimus.
1536 2678 1737 2748 statuentes,

942 2775 976 2836 ut
994 2789 1034 2835 ea
1060 2775 1172 2837 omnia
1190 2775 1251 2835 sub
1273 2775 1411 2853 speciali
1430 2773 1739 2851 apostolicaesedis

940 2872 1143 2949 protectione
1151 2888 1191 2933 ac
1199 2871 1391 2934 defensioue
1400 2869 1739 2934 consistantdonecde

940 2969 1048 3031 reditu
1062 2985 1123 3031 suo
1134 2970 1187 3043 vel
1204 2969 1297 3031 obitu
1310 2969 1495 3031 certissime
1507 2969 1737 3045 cognoscatur.

941 3065 1082 3145 Ideoque
1107 3065 1301 3128 discretioni
1330 3069 1450 3128 restrae
1474 3081 1533 3144 per
1550 3064 1740 3143 apostoliea

940 3163 1064 3240 scripta
1082 3163 1289 3236 mandamus,
1306 3166 1470 3242 quatenus
1483 3179 1634 3235 uxorem,
1651 3161 1740 3223 illios

939 3263 972 3323 et
984 3260 1107 3327 terram
1131 3263 1202 3338 ejus
1222 3277 1289 3323 non
1300 3260 1498 3339 permittatis
1517 3259 1558 3323 ab
1573 3259 1740 3338 aliquibus

940 3358 1121 3431 molestari,
1134 3359 1363 3440 molestatores
1371 3358 1547 3432 indebitos,
1563 3358 1593 3420 11
1606 3358 1663 3437 qui
1673 3358 1740 3419 lue-

939 3456 1017 3528 rint,
1033 3472 1093 3533 per
1116 3471 1292 3519 censuram
1312 3456 1573 3517 ecclesiasticam
1588 3455 1739 3532 appella-

939 3552 1029 3614 tione
1039 3552 1232 3630 postposita,
1245 3555 1501 3629 compescentes.
1521 3552 1612 3624 Quod
1628 3551 1657 3612 si
1671 3568 1739 3614 nou

940 3650 1107 3712 omnesiis
1128 3650 1350 3727 exsequendis
1370 3649 1546 3727 potueritis
1565 3649 1738 3723 interesse,

940 3746 1005 3807 duo
1020 3748 1166 3813 vestrum
1180 3747 1396 3811 nihilomiuus
1416 3751 1650 3824 exsequantur.
1672 3749 1740 3810 Ila-

939 3845 1008 3906 tum
1023 3843 1204 3916 Ferentini,
1218 3843 1370 3907 kalendis
1385 3843 1592 3921 septembris,
1600 3842 1738 3920 pontiti-

941 3943 1034 4004 catus
1044 3940 1149 4004 nostri
1164 3956 1251 4007 anno
1266 3941 1423 4009 seeundo.

1276 4110 1402 4201 XXVI

942 4255 995 4315 Ad
1016 4255 1181 4317 sanctam
1202 4258 1399 4329 episcopum
1416 4256 1451 4316 et
1469 4259 1510 4317 F.
1535 4255 1570 4318 et
1590 4259 1741 4319 111111-

969 4351 1135 4413 troudum
1150 4355 1409 4415 orcbtdtaeonoe
1423 4355 1709 4430 cesaraupzam.

1239 4466 1257 4523 b
1271 4473 1345 4539 sept.
1360 4465 1438 4524 1217.

994 4571 1160 4639 [Lopperaen
1170 4571 1292 4637 Descript.
1308 4572 1340 4623 de
1350 4572 1434 4632 Osma,
1446 4576 1466 4622 t.
1481 4572 1614 4633 111‚tt,n.
1630 4572 1683 4637 11]

941 4680 1044 4737 Sancto
1058 4681 1194 4753 episeopo
1209 4686 1240 4736 et
1255 4680 1287 4737 F.
1303 4683 1331 4735 et
1348 4679 1380 4734 P.
1396 4677 1544 4736 Bertrandi
1560 4677 1738 4737 archidiaco-

975 4769 1021 4825 nis
1029 4769 1255 4841 cesaraugusta
1268 4766 1395 4835 mandat,
1411 4771 1442 4823 ul
1455 4767 1646 4824 Oxoulensem
1660 4768 1737 4840 epis·

975 4872 1079 4930 capum
1105 4856 1135 4913 iu
1166 4856 1379 4929 possessiouem
1409 4853 1484 4912 ville
1508 4854 1592 4912 dicte
1617 4857 1738 4927 oxonia,

975 4943 1481 5021 1111111111111131111111111
1496 4944 1525 5000 in
1544 4943 1689 5003 voluntate
1700 4946 1741 5003 ul·

974 5034 1042 5091 tima
1058 5034 1207 5106 legaverit,
1230 5031 1416 5106 corporaliter
1429 5032 1568 5091 inducant
1588 5040 1617 5092 et
1637 5032 1737 5092 deleu-

976 5123 1045 5182 dant
1057 5122 1213 5181 inductum.

979 5239 1147 5302 Honorius
1192 5240 1379 5317 episcopus,
1414 5256 1533 5303 servus
1566 5257 1738 5303 servorum

940 5339 1010 5411 Dei,
1031 5336 1215 5400 venerabili
1240 5336 1337 5399 tratri
1360 5338 1527 5415 episcopo,
1554 5341 1586 5400 et
1607 5338 1737 5401 dilectis

940 5436 1029 5497 tilius
1039 5437 1076 5496 F.
1093 5436 1126 5497 et
1145 5437 1182 5496 P.
1203 5435 1380 5512 Bertrandi
1395 5435 1641 5497 archidiaconis
1660 5438 1736 5497 Cae-

939 5534 1145 5611 saraugustae
1161 5534 1314 5607 salutem,
1337 5534 1371 5610 et
1391 5533 1607 5610 apostolicam
1629 5532 1736 5595 bene-

939 5631 1127 5694 dictionem.
