3946 6196
135 378 194 441 329
772 381 1002 441 EPISTOLAE.
1025 385 1103 445 LIB.
1128 387 1151 445 1.
1736 392 1796 451 330

136 537 939 617 statulnquirens‚comperitintersosquamdam
993 544 1085 616 Quod
1110 544 1188 606 tunc
1212 545 1391 624 perfectius
1417 547 1559 622 iacietis,
1576 549 1605 611 si
1626 550 1794 613 terminis

135 636 354 699 dissentionis
374 636 548 699 materiam
562 636 739 714 pullulare,
756 653 856 715 quam
878 655 941 701 cu·
993 657 1075 717 quos
1099 645 1281 720 posuerunt
1301 648 1413 723 patres
1429 648 1563 709 Ordinis
1584 648 1688 711 vestri
1712 665 1795 710 con-

135 736 223 798 rasit
235 736 330 797 tanto
348 734 530 796 studiosius
541 728 707 807 resecare,
722 739 846 814 quanto
862 754 938 799 am·
992 740 1118 820 tentia
1131 744 1227 803 novis
1240 745 1485 819 superstitionis
1499 746 1791 809 adinventionibus

135 832 222 911 plius
242 833 357 894 timeri
376 833 517 910 poterat,
542 849 585 894 ne
607 836 772 897 cresceret
785 835 821 896 in
837 836 938 898 totius
993 837 1171 911 desistatis,
1184 858 1258 918 quae
1272 843 1306 902 in
1319 843 1541 906 turbationem
1555 845 1790 922 simplicitatis

136 931 273 994 Ordinis
289 931 507 1008 irreparabile
522 932 767 995 detrimentum.
784 936 870 995 Nam
888 935 936 1007 tu,
993 937 1026 998 et
1051 938 1142 1014 pacis
1172 939 1366 1016 pullullant,
1395 942 1428 1003 et
1453 944 1678 1005 succrescunt.
1699 944 1792 1006 Datis

136 1029 183 1091 tili
204 1029 439 1092 cisterciensis
461 1029 575 1099 abbas,
597 1031 877 1105 inordinatione,
899 1049 939 1095 ae
993 1035 1160 1104 Laterani,
1184 1037 1329 1099 secundo
1344 1039 1419 1099 idus
1439 1040 1562 1113 martii,
1579 1040 1791 1117 pontificatus

134 1127 351 1190 institutione
375 1127 531 1191 abbatum
553 1128 695 1206 quatuor
717 1132 940 1193 monasterio-
992 1134 1217 1210 annoprimo.

134 1242 223 1295 rum,
248 1225 420 1299 videlicet,
440 1227 482 1287 de
509 1226 697 1299 Firmitate,
721 1229 934 1302 Pontiniaco,

134 1324 235 1385 Clara
249 1323 357 1396 Valle,
375 1323 409 1386 et
425 1324 646 1420 Morimundo,
661 1325 748 1387 sicut
758 1326 793 1387 in
808 1328 939 1389 ordina·
1299 1287 1503 1377 CCLXVH

134 1422 239 1495 tione,
258 1438 300 1484 ac
318 1421 532 1485 destitutione
551 1423 695 1485 aliorum
716 1426 939 1488 monasterio·

134 1519 939 1598 rum,tiliorumtuimonasteriiprocedereinten-

135 1617 252 1680 debas.
262 1621 331 1681 Vos
343 1620 453 1681 autem
462 1619 542 1691 tres,
555 1636 574 1680 e
586 1621 753 1682 contrario
764 1620 935 1697 dicebatis,

135 1717 223 1795 quod
256 1716 300 1779 ad
333 1716 588 1790 ordinationem,
624 1718 657 1781 et
688 1718 936 1782 destitutionem

134 1814 316 1894 cujuslibet
344 1815 473 1877 abbatis
502 1816 737 1893 praedictorum
763 1820 935 1882 monaste-
990 1824 1067 1883 Facit
1084 1823 1110 1880 ei
1130 1830 1311 1897 potestatem,
1327 1832 1431 1882 utnon
1448 1825 1580 1883 obstante
1598 1826 1788 1886 Annioneus.

134 1913 264 1975 riorum
280 1915 348 1975 tres
360 1914 479 1976 essetis
492 1915 613 1992 reliqui
628 1915 824 1986 advocandi,
843 1918 935 1980 anti.
1025 1914 1137 1971 concilii
1154 1914 1366 1984 constitutione,
1381 1914 1657 1986 suaejurisdictionis
1676 1916 1788 1989 subjec-

133 2027 234 2088 ψῃ]
249 2027 354 2090 super
367 2012 430 2074 1100
451 2014 725 2075 consuetudinem
740 2015 933 2091 allegantes,
1025 2009 1076 2060 tos.
1093 1996 1207 2060 etiamsi
1230 2018 1280 2075 per
1300 2019 1351 2060 sex
1366 2018 1482 2060 menses
1502 2004 1532 2060 in
1558 2006 1791 2062 excommunica·

134 2112 309 2187 Superque
341 2111 615 2188 compositionem
647 2114 834 2190 quamdam,
865 2132 937 2176 me,
1024 2093 1103 2149 ttone
1126 2092 1308 2164 pertinaciter
1339 2093 1515 2165 perstiterint
1540 2094 1602 2166 ipse
1636 2093 1788 2152 absolvere

132 2207 246 2269 diante
282 2208 469 2287 venerabili
502 2209 615 2273 fratre·
647 2212 761 2273 nostro
796 2212 935 2275 Nicolao
1025 2187 1125 2253 νοω·

132 2306 378 2368 ‘tusculanensi
393 2307 558 2384 episcopo,
573 2308 652 2370 ωηο
666 2309 864 2386 Apostolicae
881 2311 936 2372 Se-
1028 2309 1206 2381 Honorius,
1227 2309 1302 2380 etc,
1324 2307 1508 2370 venerabili
1533 2308 1630 2372 fratri
1654 2309 1789 2371 arcltie·

132 2401 183 2464 dis
198 2404 312 2480 legato
326 2402 455 2477 initam,
473 2405 665 2467 ostendistis
678 2422 752 2484 quae
766 2407 845 2469 talis
859 2409 932 2470 tuit.
988 2406 1124 2483 piscopo
1139 2405 1330 2467 Narbonen.

132 2502 273 2574 Quando
295 2501 410 2579 aliqua
430 2504 470 2565 de
491 2504 635 2580 quatuor
655 2505 772 2582 primis
792 2506 934 2568 abbatiis
1028 2505 1109 2564 Cum
1133 2504 1298 2565 interdum
1320 2504 1785 2566 consideratiscircumstan-

130 2600 316 2671 vacaverit,
329 2600 430 2662 abbas
441 2602 670 2664 cisterciensis
684 2604 724 2665 ad
738 2603 933 2667 electionem
987 2601 1044 2664 tiis
1058 2602 1254 2678 temporum,
1278 2603 1311 2663 et
1329 2601 1489 2674 locorum,
1510 2603 1603 2679 rigor
1626 2602 1670 2665 sit
1689 2618 1788 2664 man-

130 2698 370 2761 celebrandam
397 2699 568 2773 adveniat,
599 2700 786 2779 ibidemque
813 2720 935 2765 secun·
987 2700 1162 2762 suetudine
1187 2699 1443 2775 temperandus,
1465 2701 1499 2760 et
1516 2701 1573 2762 tua
1597 2701 1782 2777 previncia,

130 2796 209 2858 dum
216 2797 370 2859 chartam
382 2797 555 2860 charitatis
564 2799 682 2861 electio
693 2801 888 2864 celebretur.
895 2804 932 2865 Si
987 2813 1060 2874 quae
1076 2797 1211 2858 delimo
1230 2797 1397 2859 haereticae
1416 2798 1591 2874 pravitatis
1608 2800 1703 2863 eruta
1721 2800 1783 2871 est,

131 2894 234 2956 abbas
245 2896 358 2957 autem
374 2894 617 2970 Cisterciensis,
634 2898 779 2975 aliquem
793 2900 834 2961 de
849 2917 934 2979 qua-
987 2894 1027 2956 de
1042 2911 1128 2956 novo
1143 2895 1209 2956 olei
1227 2894 1372 2956 fomento
1387 2895 1496 2972 potius
1512 2896 1565 2969 sit,
1583 2913 1681 2973 quam
1701 2895 1784 2958 ferri

130 2994 209 3054 tuor
231 2993 351 3069 primis
374 2993 549 3070 deponere,
576 2996 786 3072 exigentibus
812 2999 930 3077 culpis,
986 2993 1132 3055 sectione
1154 2993 1312 3065 curanda,
1336 2994 1548 3071 praesentium
1570 2993 1631 3056 tibi
1661 2997 1783 3057 aucto-

129 3086 330 3160 intenderit,
354 3087 397 3148 ad
421 3088 554 3150 domum
574 3090 666 3151 illius
688 3090 786 3154 ducet
806 3108 930 3166 secum,
986 3091 1084 3152 ritate
1099 3091 1324 3162 concedimus,
1341 3093 1377 3152 ut
1391 3107 1457 3152 non
1473 3091 1623 3153 obstante
1637 3093 1785 3154 Avenie-

1063 1459 1116 1519 ,ιω
1130 1461 1423 1537 arehiepiscopum
1437 1462 1709 1561 Narbbneuscm.

1275 1592 1309 1650 15
1322 1600 1405 1650 mart.
1421 1595 1502 1652 1211.

1022 1698 1133 1763 [Regest.
1148 1699 1194 1748 lib.
1208 1700 1228 1759 1,
1242 1699 1317 1763 epist.
1330 1699 1385 1750 321.
1399 1701 1457 1750 Mss.
1468 1702 1505 1752 La
1515 1702 1591 1752 Porta
1607 1703 1642 1753 dn
1656 1702 1749 1765 Theti]

9 3250 42 3274 Ι.
130 3185 322 3262 quosvolet
340 3184 487 3257 abbates,
507 3186 745 3250 etdomusilla
761 3189 932 3253 abeodem
985 3205 1061 3250 nen.
1087 3189 1321 3251 constitutione
1344 3190 1478 3251 concilii
1500 3206 1520 3251 a
1539 3189 1635 3252 bonae
1656 3206 1783 3252 memo-

128 3281 347 3345 Cisterciensi
377 3283 509 3357 abbate,
538 3286 787 3363 quatuordecim
816 3288 931 3350 diebus
984 3288 1044 3349 riae
1069 3288 1228 3363 magistro
1255 3286 1379 3349 Milone
1399 3287 1529 3350 notario
1552 3289 1683 3363 nostro,
1703 3289 1783 3352 tunc

129 3382 209 3443 ante
224 3381 433 3458 praemonita,
449 3382 582 3444 vocabit
600 3384 640 3445 de
658 3384 738 3445 tiliis
753 3387 834 3459 suis,
848 3404 931 3464 quos
984 3384 1185 3461 Apostolicae
1206 3384 1300 3445 Sedis
1324 3384 1444 3460 legato,
1468 3384 1568 3458 edita,
1594 3388 1661 3448 tue
1675 3386 1784 3464 juris-

129 3479 161 3540 ei
176 3478 353 3556 placuerit,
370 3480 403 3540 et
416 3479 495 3541 tunc
515 3480 746 3543 cisterciensis
761 3500 836 3545 cum
851 3501 932 3547 con·
985 3481 1139 3543 dictionis
1165 3481 1330 3559 subjectos
1350 3482 1408 3559 qui
1431 3484 1650 3557 perstiterunt
1667 3485 1703 3544 i‘n
1727 3500 1784 3545 ex-

128 3575 219 3637 siliis
254 3575 335 3637 hinc
364 3576 442 3638 inde
471 3579 761 3655 congregatorum,
794 3599 929 3645 causam
985 3578 1535 3641 communicationecontumaciter
1544 3596 1604 3657 per
1618 3597 1677 3642 sex
1693 3597 1783 3642 men·

128 3673 299 3747 tractabit,
311 3675 344 3737 et
355 3674 474 3737 deinde
487 3675 587 3739 iaciat
599 3677 685 3755 quod
696 3677 795 3742 inerit
808 3679 931 3744 facien.
983 3690 1048 3746 ses,
1061 3673 1234 3735 absolvere
1244 3673 1459 3752 valeasjuxta
1470 3674 1611 3737 sormam
1622 3677 1781 3738 Ecclesiae

128 3769 221 3831 dum.
983 3772 1187 3844 consuetam,
1203 3787 1246 3831 ne
1260 3771 1345 3833 sorte
1358 3788 1401 3833 ex
1411 3773 1522 3848 rigore
1533 3773 1781 3835 constitutionis

168 3868 300 3930 Dicitur
313 3871 426 3931 autem
436 3870 662 3946 praedecessor
673 3875 787 3937 noster
801 3890 930 3954 compo-
983 3869 1074 3930 illius
1087 3869 1122 3929 in
1137 3868 1337 3946 protundum
1351 3869 1488 3930 veniant
1508 3870 1541 3930 et
1555 3870 1779 3940 contemnant,

9 4016 11 4051 ,
128 3966 930 4045 udonemnujusmootsicduxtssevobiseonsen-
982 3966 1048 4028 nisi
1061 3967 1102 4030 ob
1116 3982 1253 4028 causam
1274 3968 1341 4029 tam
1354 3981 1490 4042 gravem
1506 3964 1631 4028 fuerint
1644 3983 1781 4029 excom-

9 4070 11 4079 ’
127 4063 301 4137 tientibus,
311 4063 558 4139 declarandum,
571 4067 749 4141 scilicetut
757 4073 802 4144 tu,
811 4073 930 4135 Cister-
982 4065 1206 4127 militatione
1238 4064 1362 4136 notati,
1396 4065 1531 4142 propter
1561 4081 1660 4142 (luam
1692 4064 1780 4127 mim

128 4161 254 4223 niensis
272 4160 390 4235 abhas,
409 4178 529 4225 causas
545 4166 721 4242 praediptas
740 4184 814 4230 cum
831 4170 939 4233 abba..
982 4162 1124 4225 debeant
1135 4163 1176 4225 ad
1195 4163 1313 4225 Sedem
1332 4163 1557 4240 apostolicam
1571 4162 1785 4224 absolvendi..

9 4236 10 4243 ἵ
126 4258 221 4320 tibus
231 4260 443 4337 congregatis
452 4261 533 4323 binc
542 4263 620 4324 inde
630 4265 800 4339 tractabis,
810 4268 928 4330 etcum
981 4263 1100 4323 Datum
1117 4261 1286 4333 Laterani,
1304 4261 1413 4323 idibus
1429 4261 1559 4336 martii„
1566 4260 1778 4353 pontificatus

129 4371 248 4418 eorum
264 4358 423 4429 omnium,
437 4359 491 4420 vel
504 4360 648 4421 sanioris
661 4363 765 4439 partis
780 4364 927 4441 ipsorum
981 4359 1087 4422 nostri
1100 4375 1188 4420 anno
1200 4359 1318 4437 primo.

129 4454 271 4516 consilio
286 4454 400 4528 lucica,
418 4457 504 4533 quod
517 4456 619 4520 suerit
632 4458 836 4538 laciendum3
853 4480 927 4541 quae

126 4552 241 4613 tamen
264 4568 344 4629 pars
369 4553 413 4616 sit
436 4554 567 4643 seniori
588 4559 637 4617 Tu
658 4558 828 4621 decernes.
844 4562 925 4633 Etsi,
1292 4511 1517 4600 CCLXVIH

9 4658 11 4661 ’
129 4646 232 4729 (quod
243 4650 343 4731 absit)
354 4653 464 4713 minus
475 4667 565 4715 sanae
576 4655 681 4730 partis
692 4657 831 4738 consilio
847 4675 937 4735 usus,
1159 4674 1212 4733 ,aa
1232 4675 1416 4734 elnensem
1437 4675 1592 4735 electum.

127 4748 344 4825 processeris,
365 4749 531 4812 reseratur
554 4752 596 4813 ad
621 4753 802 4830 capitulum
824 4772 928 4832 gene-

127 4845 211 4919 rale,
225 4848 258 4908 et
271 4845 307 4907 id
321 4846 556 4910 diffinitoribus
572 4851 720 4927 capituli,
737 4855 834 4929 prout
848 4854 926 4931 dig-

129 4958 209 5004 num
224 4943 335 5018 luerit,
353 4946 551 5022 corrigatur.
653 4980 661 4991 ·

1260 4819 1395 4876 lbmart.
1413 4820 1492 4877 lili.

1020 4924 1129 4991 [Regest.
1140 4924 1184 4975 lib.
1197 4925 1218 4984 l,
1230 4923 1305 4989 epist.
1315 4924 1370 4973 310.
1384 4925 1441 4974 tiss.
1455 4925 1491 4975 La
1503 4925 1579 4975 Porto
1591 4925 1627 4975 du
1639 4924 1733 4990 ’11ηοί1]

167 5041 324 5104 Veientes
355 5042 459 5119 igitur
495 5044 535 5105 ad
572 5046 744 5124 exemplar
778 5049 925 5126 ejusdem
980 5052 1016 5109 Ut
1035 5063 1092 5106 non
1115 5048 1246 5107 obstante
1265 5050 1355 5107 veteri
1369 5049 1502 5108 binensis
1520 5057 1604 5109 terra
1624 5058 1775 5109 consuetu·

9 5134 11 5209 ζ
127 5138 384 5215 praedecessoris
413 5141 529 5213 nostri,
556 5143 750 5220 praedictam
774 5146 927 5209 declara.
1015 5138 1124 5205 tudine,
1145 5137 1237 5212 (justa
1257 5152 1343 5210 quarn
1357 5139 1387 5196 in
1405 5140 1503 5198 causis
1518 5139 1695 5198 secularibus
1704 5141 1769 5213 jura

126 5235 250 5297 tionem
274 5236 466 5299 firmitatem
489 5238 634 5301 debitam
660 5240 822 5317 obtinere,
846 5246 924 5307 um.
1015 5236 1111 5284 menta
1131 5226 1282 5285 calumnie
1307 5243 1365 5285 non
1384 5228 1619 5302 prestabantur),
1636 5230 1666 5286 in
1688 5242 1777 5300 ques

126 5334 319 5396 versitatem
333 5337 482 5397 vestram
497 5353 682 5411 monemus,
698 5340 732 5401 et
753 5340 927 5404 hortamur
1015 5315 1139 5373 tionibus
1158 5331 1223 5388 que
1242 5317 1270 5373 io
1290 5315 1351 5374 toro
1370 5318 1567 5376 ecclesiastico
1587 5318 1774 5390 agitarentur,

128 5431 286 5494 attentius
309 5447 371 5509 per
391 5433 581 5510 Apostolica
601 5435 695 5499 vobis
719 5437 845 5515 scripta
867 5440 927 5502 fir·
1014 5402 1178 5505 buiusmodi
1186 5405 1382 5478 juramentum
1397 5407 1457 5479 ipse
1468 5405 1552 5465 iaciat
1563 5419 1677 5478 semper
1692 5421 1775 5478 praes·

126 5529 225 5592 miter
239 5528 485 5607 praecipientes,
508 5534 670 5608 quatenus
694 5549 768 5596 eam
792 5536 924 5615 simpli·
1016 5501 1080 5550 ‘w'

128 5627 218 5701 citer,
232 5629 269 5691 et
282 5626 455 5689 humiliter
474 5628 655 5693 observetis
673 5653 680 5691 z
699 5632 879 5696 studentes
890 5636 925 5697 in
1019 5630 1198 5700 Honorius,
1214 5633 1291 5703 etc,
1309 5630 1429 5692 dilecto
1444 5630 1514 5693 tilio
1526 5631 1642 5692 Elnen.
1656 5632 1743 5695 elect
1766 5679 1774 5694 .

127 5725 259 5789 viuculo
290 5724 385 5802 pacis
417 5741 551 5789 servare
584 5729 721 5806 spiritus
751 5732 923 5797 unitatem,
1020 5731 1069 5790 lix
1089 5728 1315 5791 insinuatione
1336 5728 1531 5791 dilectorum
1560 5728 1703 5792 tiliorum
1726 5733 1776 5793 El·
