<?xml version="1.0" encoding="UTF-8"?>
<!DOCTYPE html PUBLIC "-//W3C//DTD XHTML 1.0 Transitional//EN"
    "http://www.w3.org/TR/xhtml1/DTD/xhtml1-transitional.dtd">
<html xmlns="http://www.w3.org/1999/xhtml" xml:lang="en" lang="en">
 <head>
  <title>
</title>
<meta http-equiv="Content-Type" content="text/html;charset=utf-8" />
  <meta name='ocr-system' content='tesseract 3.04.00' />
  <meta name='ocr-capabilities' content='ocr_page ocr_carea ocr_par ocr_line ocrx_word'/>
</head>
<body>
  <div class='ocr_page' id='page_1' title='image "./mediiaevibiblio00bottgoog_0280.png"; bbox 0 0 3928 6200; ppageno 0'>
   <div class='ocr_carea' id='block_1_1' title="bbox 146 211 1798 278">
    <p class='ocr_par' dir='ltr' id='par_1_1' title="bbox 146 211 1798 278">
     <span class='ocr_line' id='line_1_1' title="bbox 146 211 1798 278; baseline 0.001 -3"><span class='ocrx_word' id='word_1_1' title='bbox 146 215 185 275; x_wconf 75' lang='grc'><strong>11</strong></span> <span class='ocrx_word' id='word_1_2' title='bbox 783 211 1014 275; x_wconf 83' lang='lat' dir='ltr'><strong>EPISTOLAE.</strong></span> <span class='ocrx_word' id='word_1_3' title='bbox 1037 214 1116 278; x_wconf 86' lang='lat' dir='ltr'><strong>LIB.</strong></span> <span class='ocrx_word' id='word_1_4' title='bbox 1139 212 1161 275; x_wconf 91' lang='lat' dir='ltr'><strong>l.</strong></span> <span class='ocrx_word' id='word_1_5' title='bbox 1757 218 1798 278; x_wconf 83' lang='grc'><strong>’18</strong></span> 
     </span>
    </p>
   </div>
   <div class='ocr_carea' id='block_1_2' title="bbox 143 370 1797 745">
    <p class='ocr_par' dir='ltr' id='par_1_2' title="bbox 143 370 1797 745">
     <span class='ocr_line' id='line_1_2' title="bbox 145 370 1796 452; baseline 0.002 -17"><span class='ocrx_word' id='word_1_6' title='bbox 145 372 286 443; x_wconf 90' lang='lat' dir='ltr'>illorum,</span> <span class='ocrx_word' id='word_1_7' title='bbox 303 371 345 433; x_wconf 90' lang='lat' dir='ltr'><strong>ad</strong></span> <span class='ocrx_word' id='word_1_8' title='bbox 359 387 443 449; x_wconf 86' lang='lat' dir='ltr'>quos</span> <span class='ocrx_word' id='word_1_9' title='bbox 456 370 580 433; x_wconf 82' lang='lat' dir='ltr'>direxit</span> <span class='ocrx_word' id='word_1_10' title='bbox 594 372 740 445; x_wconf 89' lang='lat' dir='ltr'>easdem,</span> <span class='ocrx_word' id='word_1_11' title='bbox 755 372 852 436; x_wconf 88' lang='lat' dir='ltr'>nobis</span> <span class='ocrx_word' id='word_1_12' title='bbox 866 375 942 451; x_wconf 91' lang='lat' dir='ltr'>ple·</span> <span class='ocrx_word' id='word_1_13' title='bbox 997 373 1115 446; x_wconf 88' lang='lat' dir='ltr'>altera,</span> <span class='ocrx_word' id='word_1_14' title='bbox 1143 390 1244 452; x_wconf 89' lang='lat' dir='ltr'>super</span> <span class='ocrx_word' id='word_1_15' title='bbox 1271 373 1400 435; x_wconf 89' lang='lat' dir='ltr'>decima</span> <span class='ocrx_word' id='word_1_16' title='bbox 1427 375 1468 435; x_wconf 91' lang='lat' dir='ltr'><strong>de</strong></span> <span class='ocrx_word' id='word_1_17' title='bbox 1492 375 1637 436; x_wconf 86' lang='lat' dir='ltr'>Reveroi</span> <span class='ocrx_word' id='word_1_18' title='bbox 1664 390 1684 437; x_wconf 92' lang='grc'><strong>3</strong></span> <span class='ocrx_word' id='word_1_19' title='bbox 1712 376 1796 438; x_wconf 89' lang='lat' dir='ltr'>rivis</span> 
     </span>
     <span class='ocr_line' id='line_1_3' title="bbox 143 470 1794 549; baseline -0.001 -16"><span class='ocrx_word' id='word_1_20' title='bbox 143 471 218 533; x_wconf 85' lang='lat' dir='ltr'>nius</span> <span class='ocrx_word' id='word_1_21' title='bbox 241 470 278 531; x_wconf 92' lang='grc'><strong>13</strong></span> <span class='ocrx_word' id='word_1_22' title='bbox 299 470 496 532; x_wconf 81' lang='lat' dir='ltr'>memoriam</span> <span class='ocrx_word' id='word_1_23' title='bbox 517 470 727 532; x_wconf 86' lang='lat' dir='ltr'>revocarunt.</span> <span class='ocrx_word' id='word_1_24' title='bbox 741 471 822 532; x_wconf 82' lang='lat' dir='ltr'>(lum</span> <span class='ocrx_word' id='word_1_25' title='bbox 838 471 942 547; x_wconf 91' lang='lat' dir='ltr'>igitur</span> <span class='ocrx_word' id='word_1_26' title='bbox 999 485 1161 547; x_wconf 83' lang='lat' dir='ltr'>aquarum</span> <span class='ocrx_word' id='word_1_27' title='bbox 1169 486 1243 549; x_wconf 87' lang='lat' dir='ltr'>quae</span> <span class='ocrx_word' id='word_1_28' title='bbox 1253 470 1295 532; x_wconf 91' lang='grc'><strong>31</strong></span> <span class='ocrx_word' id='word_1_29' title='bbox 1306 472 1415 532; x_wconf 91' lang='lat' dir='ltr'>vestra</span> <span class='ocrx_word' id='word_1_30' title='bbox 1427 470 1577 534; x_wconf 88' lang='lat' dir='ltr'>defluunt</span> <span class='ocrx_word' id='word_1_31' title='bbox 1588 471 1794 534; x_wconf 89' lang='lat' dir='ltr'>molendina:</span> 
     </span>
     <span class='ocr_line' id='line_1_4' title="bbox 144 567 1797 646; baseline -0.001 -15"><span class='ocrx_word' id='word_1_32' title='bbox 144 569 248 631; x_wconf 87' lang='lat' dir='ltr'>dictus</span> <span class='ocrx_word' id='word_1_33' title='bbox 269 568 443 631; x_wconf 78' lang='lat' dir='ltr'>iohannes</span> <span class='ocrx_word' id='word_1_34' title='bbox 460 567 566 630; x_wconf 89' lang='lat' dir='ltr'>etalii</span> <span class='ocrx_word' id='word_1_35' title='bbox 586 567 780 644; x_wconf 82' lang='lat' dir='ltr'>supradicti,</span> <span class='ocrx_word' id='word_1_36' title='bbox 797 569 943 631; x_wconf 90' lang='lat' dir='ltr'>decerto</span> <span class='ocrx_word' id='word_1_37' title='bbox 999 568 1188 633; x_wconf 88' lang='lat' dir='ltr'>Piscatione</span> <span class='ocrx_word' id='word_1_38' title='bbox 1202 568 1434 631; x_wconf 70' lang='lat' dir='ltr'>ambianensis</span> <span class='ocrx_word' id='word_1_39' title='bbox 1453 569 1616 646; x_wconf 83' lang='lat' dir='ltr'>episcopi,</span> <span class='ocrx_word' id='word_1_40' title='bbox 1634 585 1674 631; x_wconf 90' lang='grc'><strong>33</strong></span> <span class='ocrx_word' id='word_1_41' title='bbox 1695 585 1797 631; x_wconf 91' lang='lat' dir='ltr'>cursu</span> 
     </span>
     <span class='ocr_line' id='line_1_5' title="bbox 145 665 1796 745; baseline -0.001 -15"><span class='ocrx_word' id='word_1_42' title='bbox 145 668 346 744; x_wconf 82' lang='grc'><strong>3133333333</strong></span> <span class='ocrx_word' id='word_1_43' title='bbox 359 665 515 727; x_wconf 89' lang='grc'><strong>3331313</strong></span> <span class='ocrx_word' id='word_1_44' title='bbox 527 665 675 742; x_wconf 86' lang='lat' dir='ltr'>ejusdem</span> <span class='ocrx_word' id='word_1_45' title='bbox 688 666 943 742; x_wconf 89' lang='lat' dir='ltr'>praedecessoris</span> <span class='ocrx_word' id='word_1_46' title='bbox 999 666 1134 726; x_wconf 88' lang='lat' dir='ltr'>navium</span> <span class='ocrx_word' id='word_1_47' title='bbox 1149 682 1208 743; x_wconf 91' lang='lat' dir='ltr'><strong>per</strong></span> <span class='ocrx_word' id='word_1_48' title='bbox 1220 682 1324 744; x_wconf 87' lang='lat' dir='ltr'>aquas</span> <span class='ocrx_word' id='word_1_49' title='bbox 1340 666 1529 745; x_wconf 83' lang='lat' dir='ltr'>praedictas,</span> <span class='ocrx_word' id='word_1_50' title='bbox 1545 668 1579 728; x_wconf 93' lang='grc'><strong>31</strong></span> <span class='ocrx_word' id='word_1_51' title='bbox 1599 667 1796 744; x_wconf 88' lang='lat' dir='ltr'>quibusdam</span> 
     </span>
    </p>
   </div>
   <div class='ocr_carea' id='block_1_3' title="bbox 14 753 1798 1355">
    <p class='ocr_par' dir='ltr' id='par_1_3' title="bbox 14 742 1798 1355">
     <span class='ocr_line' id='line_1_6' title="bbox 14 753 1795 843; baseline 0.001 -17"><span class='ocrx_word' id='word_1_52' title='bbox 14 759 18 769; x_wconf 85' lang='lat'>&#39;</span> <span class='ocrx_word' id='word_1_53' title='bbox 45 796 51 843; x_wconf 60' lang='grc'><strong>3</strong></span> <span class='ocrx_word' id='word_1_54' title='bbox 147 764 249 826; x_wconf 77' lang='lat' dir='ltr'>nostri</span> <span class='ocrx_word' id='word_1_55' title='bbox 267 764 304 825; x_wconf 94' lang='lat' dir='ltr'>in</span> <span class='ocrx_word' id='word_1_56' title='bbox 326 764 522 842; x_wconf 90' lang='lat' dir='ltr'>perpetuum</span> <span class='ocrx_word' id='word_1_57' title='bbox 543 763 645 824; x_wconf 90' lang='grc'><strong>33311</strong></span> <span class='ocrx_word' id='word_1_58' title='bbox 670 761 804 825; x_wconf 87' lang='grc'><strong>1333331</strong></span> <span class='ocrx_word' id='word_1_59' title='bbox 828 780 848 825; x_wconf 98' lang='grc'><strong>3</strong></span> <span class='ocrx_word' id='word_1_60' title='bbox 871 779 944 825; x_wconf 87' lang='grc'><strong>33-</strong></span> <span class='ocrx_word' id='word_1_61' title='bbox 998 762 1074 823; x_wconf 87' lang='grc'><strong>31113</strong></span> <span class='ocrx_word' id='word_1_62' title='bbox 1096 763 1246 825; x_wconf 82' lang='lat' dir='ltr'>articulis</span> <span class='ocrx_word' id='word_1_63' title='bbox 1267 764 1469 836; x_wconf 79' lang='lat' dir='ltr'>vertebatur,</span> <span class='ocrx_word' id='word_1_64' title='bbox 1490 753 1712 826; x_wconf 84' lang='lat' dir='ltr'>mediantibus</span> <span class='ocrx_word' id='word_1_65' title='bbox 1731 781 1795 827; x_wconf 90' lang='lat' dir='ltr'><strong>ve-</strong></span> 
     </span>
     <span class='ocr_line' id='line_1_7' title="bbox 148 859 1798 939; baseline 0 -14"><span class='ocrx_word' id='word_1_66' title='bbox 148 863 290 925; x_wconf 87' lang='grc'><strong>33313313</strong></span> <span class='ocrx_word' id='word_1_67' title='bbox 318 861 517 934; x_wconf 89' lang='grc'><strong>33333313,</strong></span> <span class='ocrx_word' id='word_1_68' title='bbox 549 863 583 923; x_wconf 90' lang='grc'><strong>31</strong></span> <span class='ocrx_word' id='word_1_69' title='bbox 613 860 685 939; x_wconf 89' lang='grc'><strong>1333</strong></span> <span class='ocrx_word' id='word_1_70' title='bbox 715 862 944 939; x_wconf 83' lang='lat' dir='ltr'>praedecessor</span> <span class='ocrx_word' id='word_1_71' title='bbox 998 859 1202 922; x_wconf 90' lang='lat' dir='ltr'>nerabilibus</span> <span class='ocrx_word' id='word_1_72' title='bbox 1217 860 1375 922; x_wconf 83' lang='lat' dir='ltr'>fratribus</span> <span class='ocrx_word' id='word_1_73' title='bbox 1389 862 1512 923; x_wconf 90' lang='lat' dir='ltr'>nostris</span> <span class='ocrx_word' id='word_1_74' title='bbox 1526 861 1750 925; x_wconf 70' lang='lat' dir='ltr'>attrebatensi</span> <span class='ocrx_word' id='word_1_75' title='bbox 1763 863 1798 925; x_wconf 85' lang='lat' dir='ltr'><strong>et</strong></span> 
     </span>
     <span class='ocr_line' id='line_1_8' title="bbox 14 958 1798 1054; baseline 0.004 -32"><span class='ocrx_word' id='word_1_76' title='bbox 14 966 28 1054; x_wconf 53' lang='grc' dir='ltr'>ζ</span> <span class='ocrx_word' id='word_1_77' title='bbox 54 1012 59 1053; x_wconf 52' lang='lat'>3</span> <span class='ocrx_word' id='word_1_78' title='bbox 148 961 258 1023; x_wconf 90' lang='lat' dir='ltr'>noster</span> <span class='ocrx_word' id='word_1_79' title='bbox 282 958 431 1022; x_wconf 86' lang='lat' dir='ltr'>oblatam</span> <span class='ocrx_word' id='word_1_80' title='bbox 456 958 520 1019; x_wconf 93' lang='lat' dir='ltr'>sibi</span> <span class='ocrx_word' id='word_1_81' title='bbox 544 958 742 1020; x_wconf 87' lang='lat' dir='ltr'>sententiam</span> <span class='ocrx_word' id='word_1_82' title='bbox 765 961 942 1022; x_wconf 87' lang='lat' dir='ltr'>amotionis</span> <span class='ocrx_word' id='word_1_83' title='bbox 997 965 1214 1027; x_wconf 91' lang='lat' dir='ltr'>Noviomensi</span> <span class='ocrx_word' id='word_1_84' title='bbox 1227 966 1506 1044; x_wconf 86' lang='lat' dir='ltr'>episcopissuerit</span> <span class='ocrx_word' id='word_1_85' title='bbox 1520 967 1689 1029; x_wconf 86' lang='lat' dir='ltr'>amicabili</span> <span class='ocrx_word' id='word_1_86' title='bbox 1704 984 1798 1030; x_wconf 93' lang='lat' dir='ltr'>com-</span> 
     </span>
     <span class='ocr_line' id='line_1_9' title="bbox 149 1055 1797 1144; baseline 0.004 -24.394"><span class='ocrx_word' id='word_1_87' title='bbox 149 1055 942 1137; x_wconf 80' lang='lat' dir='ltr'>eujusmodigratamnabensetratam,eamdem</span> <span class='ocrx_word' id='word_1_88' title='bbox 998 1063 1164 1139; x_wconf 86' lang='lat' dir='ltr'>positione</span> <span class='ocrx_word' id='word_1_89' title='bbox 1190 1066 1308 1143; x_wconf 85' lang='lat' dir='ltr'>sopita,</span> <span class='ocrx_word' id='word_1_90' title='bbox 1339 1081 1400 1127; x_wconf 91' lang='lat' dir='ltr'><strong>nos</strong></span> <span class='ocrx_word' id='word_1_91' title='bbox 1418 1067 1540 1128; x_wconf 90' lang='lat' dir='ltr'>vestris</span> <span class='ocrx_word' id='word_1_92' title='bbox 1562 1067 1714 1144; x_wconf 87' lang='lat' dir='ltr'>precibus</span> <span class='ocrx_word' id='word_1_93' title='bbox 1741 1067 1797 1127; x_wconf 92' lang='grc'><strong>13-</strong></span> 
     </span>
     <span class='ocr_line' id='line_1_10' title="bbox 149 1153 1796 1241; baseline 0.004 -23.394"><span class='ocrx_word' id='word_1_94' title='bbox 149 1154 354 1218; x_wconf 87' lang='lat' dir='ltr'>mandaverit</span> <span class='ocrx_word' id='word_1_95' title='bbox 382 1153 622 1215; x_wconf 89' lang='lat' dir='ltr'>invielabiliter</span> <span class='ocrx_word' id='word_1_96' title='bbox 649 1153 832 1228; x_wconf 88' lang='lat' dir='ltr'>observari,</span> <span class='ocrx_word' id='word_1_97' title='bbox 858 1156 943 1219; x_wconf 88' lang='lat' dir='ltr'>sicut</span> <span class='ocrx_word' id='word_1_98' title='bbox 998 1159 1113 1222; x_wconf 92' lang='lat' dir='ltr'>clinati</span> <span class='ocrx_word' id='word_1_99' title='bbox 1143 1164 1415 1240; x_wconf 89' lang='lat' dir='ltr'>compositionem</span> <span class='ocrx_word' id='word_1_100' title='bbox 1447 1164 1566 1241; x_wconf 87' lang='lat' dir='ltr'>ipsam,</span> <span class='ocrx_word' id='word_1_101' title='bbox 1602 1164 1689 1227; x_wconf 88' lang='lat' dir='ltr'>sicut</span> <span class='ocrx_word' id='word_1_102' title='bbox 1724 1165 1796 1225; x_wconf 91' lang='lat' dir='ltr'>sine</span> 
     </span>
     <span class='ocr_line' id='line_1_11' title="bbox 14 1244 1797 1355; baseline 0.003 -40"><span class='ocrx_word' id='word_1_103' title='bbox 14 1250 33 1355; x_wconf 44' lang='grc' dir='ltr'><strong>’ἐ</strong></span> <span class='ocrx_word' id='word_1_104' title='bbox 150 1270 188 1316; x_wconf 82' lang='grc'><strong>33</strong></span> <span class='ocrx_word' id='word_1_105' title='bbox 206 1252 380 1329; x_wconf 85' lang='lat' dir='ltr'>rescriptis</span> <span class='ocrx_word' id='word_1_106' title='bbox 400 1244 517 1328; x_wconf 91' lang='lat' dir='ltr'>ipsius,</span> <span class='ocrx_word' id='word_1_107' title='bbox 534 1250 568 1312; x_wconf 88' lang='lat' dir='ltr'><strong>et</strong></span> <span class='ocrx_word' id='word_1_108' title='bbox 585 1265 712 1324; x_wconf 91' lang='lat' dir='ltr'>eorum,</span> <span class='ocrx_word' id='word_1_109' title='bbox 730 1253 772 1312; x_wconf 92' lang='grc'><strong>31</strong></span> <span class='ocrx_word' id='word_1_110' title='bbox 786 1269 868 1330; x_wconf 90' lang='lat' dir='ltr'>quos</span> <span class='ocrx_word' id='word_1_111' title='bbox 882 1254 942 1314; x_wconf 94' lang='grc'><strong>1113</strong></span> <span class='ocrx_word' id='word_1_112' title='bbox 998 1256 1162 1331; x_wconf 88' lang='lat' dir='ltr'>pravitate</span> <span class='ocrx_word' id='word_1_113' title='bbox 1183 1259 1320 1335; x_wconf 91' lang='lat' dir='ltr'>provide</span> <span class='ocrx_word' id='word_1_114' title='bbox 1343 1259 1431 1322; x_wconf 88' lang='grc'><strong>13313</strong></span> <span class='ocrx_word' id='word_1_115' title='bbox 1455 1261 1515 1332; x_wconf 90' lang='grc'><strong>331,</strong></span> <span class='ocrx_word' id='word_1_116' title='bbox 1537 1262 1570 1322; x_wconf 90' lang='grc'><strong>31</strong></span> <span class='ocrx_word' id='word_1_117' title='bbox 1592 1260 1634 1321; x_wconf 91' lang='lat' dir='ltr'><strong>ab</strong></span> <span class='ocrx_word' id='word_1_118' title='bbox 1656 1261 1797 1338; x_wconf 85' lang='lat' dir='ltr'>utreque</span> 
     </span>
    </p>
   </div>
   <div class='ocr_carea' id='block_1_4' title="bbox 149 1347 1796 1435">
    <p class='ocr_par' dir='ltr' id='par_1_4' title="bbox 149 1347 1796 1435">
     <span class='ocr_line' id='line_1_12' title="bbox 149 1347 1796 1435; baseline 0.002 -21"><span class='ocrx_word' id='word_1_119' title='bbox 149 1351 277 1422; x_wconf 85' lang='grc'><strong>1133311,</strong></span> <span class='ocrx_word' id='word_1_120' title='bbox 300 1349 472 1425; x_wconf 81' lang='lat' dir='ltr'>colligitur</span> <span class='ocrx_word' id='word_1_121' title='bbox 494 1347 685 1422; x_wconf 89' lang='lat' dir='ltr'>evidenter;</span> <span class='ocrx_word' id='word_1_122' title='bbox 709 1365 782 1422; x_wconf 91' lang='lat' dir='ltr'>nos,</span> <span class='ocrx_word' id='word_1_123' title='bbox 812 1350 887 1427; x_wconf 91' lang='lat' dir='ltr'>paci</span> <span class='ocrx_word' id='word_1_124' title='bbox 910 1353 944 1413; x_wconf 87' lang='lat' dir='ltr'><strong>et</strong></span> <span class='ocrx_word' id='word_1_125' title='bbox 997 1357 1093 1430; x_wconf 87' lang='lat' dir='ltr'>parte</span> <span class='ocrx_word' id='word_1_126' title='bbox 1111 1358 1227 1434; x_wconf 90' lang='lat' dir='ltr'>sponte</span> <span class='ocrx_word' id='word_1_127' title='bbox 1245 1359 1380 1435; x_wconf 88' lang='lat' dir='ltr'>recepta</span> <span class='ocrx_word' id='word_1_128' title='bbox 1398 1359 1459 1431; x_wconf 87' lang='lat' dir='ltr'>est,</span> <span class='ocrx_word' id='word_1_129' title='bbox 1481 1374 1610 1420; x_wconf 82' lang='lat' dir='ltr'>necnon</span> <span class='ocrx_word' id='word_1_130' title='bbox 1635 1359 1796 1420; x_wconf 82' lang='lat' dir='ltr'>hactenus</span> 
     </span>
    </p>
   </div>
   <div class='ocr_carea' id='block_1_5' title="bbox 24 1416 1796 1546">
    <p class='ocr_par' dir='ltr' id='par_1_5' title="bbox 24 1416 1796 1546">
     <span class='ocr_line' id='line_1_13' title="bbox 24 1416 1796 1546; baseline 0.003 -35"><span class='ocrx_word' id='word_1_131' title='bbox 24 1416 39 1471; x_wconf 34' lang='lat'><strong>³!</strong></span> <span class='ocrx_word' id='word_1_132' title='bbox 149 1447 380 1526; x_wconf 85' lang='lat' dir='ltr'>tranquillitati</span> <span class='ocrx_word' id='word_1_133' title='bbox 405 1446 553 1523; x_wconf 78' lang='lat' dir='ltr'>eJusdem</span> <span class='ocrx_word' id='word_1_134' title='bbox 583 1447 777 1508; x_wconf 89' lang='lat' dir='ltr'>monasterii</span> <span class='ocrx_word' id='word_1_135' title='bbox 803 1449 941 1524; x_wconf 88' lang='lat' dir='ltr'>paterna</span> <span class='ocrx_word' id='word_1_136' title='bbox 997 1453 1136 1530; x_wconf 88' lang='lat' dir='ltr'>pacitlce</span> <span class='ocrx_word' id='word_1_137' title='bbox 1165 1453 1352 1524; x_wconf 91' lang='lat' dir='ltr'>observata,</span> <span class='ocrx_word' id='word_1_138' title='bbox 1382 1456 1580 1518; x_wconf 91' lang='lat' dir='ltr'>auctoritate</span> <span class='ocrx_word' id='word_1_139' title='bbox 1606 1455 1796 1546; x_wconf 71' lang='lat' dir='ltr'>apostolica</span> 
     </span>
    </p>
   </div>
   <div class='ocr_carea' id='block_1_6' title="bbox 148 1542 1798 1725">
    <p class='ocr_par' dir='ltr' id='par_1_6' title="bbox 148 1542 1798 1725">
     <span class='ocr_line' id='line_1_14' title="bbox 148 1542 1797 1631; baseline 0.003 -23"><span class='ocrx_word' id='word_1_140' title='bbox 148 1545 332 1622; x_wconf 81' lang='lat' dir='ltr'>satagentes</span> <span class='ocrx_word' id='word_1_141' title='bbox 341 1542 565 1607; x_wconf 89' lang='lat' dir='ltr'>sollicitudine</span> <span class='ocrx_word' id='word_1_142' title='bbox 574 1544 760 1621; x_wconf 90' lang='lat' dir='ltr'>providere,</span> <span class='ocrx_word' id='word_1_143' title='bbox 770 1544 942 1622; x_wconf 74' lang='lat' dir='ltr'>praelatam</span> <span class='ocrx_word' id='word_1_144' title='bbox 998 1550 1232 1613; x_wconf 79' lang='lat' dir='ltr'>confirmamus</span> <span class='ocrx_word' id='word_1_145' title='bbox 1245 1554 1278 1614; x_wconf 89' lang='lat' dir='ltr'><strong>et</strong></span> <span class='ocrx_word' id='word_1_146' title='bbox 1287 1553 1464 1629; x_wconf 80' lang='lat' dir='ltr'>praesentis</span> <span class='ocrx_word' id='word_1_147' title='bbox 1482 1553 1597 1631; x_wconf 88' lang='lat' dir='ltr'>scripti</span> <span class='ocrx_word' id='word_1_148' title='bbox 1610 1553 1797 1630; x_wconf 88' lang='lat' dir='ltr'>patrocinio</span> 
     </span>
     <span class='ocr_line' id='line_1_15' title="bbox 149 1641 1798 1725; baseline 0.002 -19"><span class='ocrx_word' id='word_1_149' title='bbox 149 1641 943 1719; x_wconf 76' lang='grc'><strong>3313113313333133133333133113131333131133</strong></span> <span class='ocrx_word' id='word_1_150' title='bbox 998 1648 1250 1709; x_wconf 88' lang='grc'><strong>3333331333.</strong></span> <span class='ocrx_word' id='word_1_151' title='bbox 1282 1649 1374 1710; x_wconf 92' lang='lat' dir='ltr'>Nulli</span> <span class='ocrx_word' id='word_1_152' title='bbox 1403 1665 1520 1725; x_wconf 86' lang='lat' dir='ltr'>ergo...</span> <span class='ocrx_word' id='word_1_153' title='bbox 1548 1652 1667 1710; x_wconf 85' lang='lat' dir='ltr'>batum</span> <span class='ocrx_word' id='word_1_154' title='bbox 1699 1650 1798 1711; x_wconf 87' lang='lat' dir='ltr'>Late-</span> 
     </span>
    </p>
   </div>
   <div class='ocr_carea' id='block_1_7' title="bbox 149 1738 1799 1824">
    <p class='ocr_par' dir='ltr' id='par_1_7' title="bbox 149 1738 1799 1824">
     <span class='ocr_line' id='line_1_16' title="bbox 149 1738 1799 1824; baseline 0.003 -22"><span class='ocrx_word' id='word_1_155' title='bbox 149 1740 390 1813; x_wconf 84' lang='lat' dir='ltr'>confirmamus,</span> <span class='ocrx_word' id='word_1_156' title='bbox 412 1739 447 1802; x_wconf 93' lang='grc'><strong>31</strong></span> <span class='ocrx_word' id='word_1_157' title='bbox 469 1738 681 1817; x_wconf 89' lang='lat' dir='ltr'>praecipimus</span> <span class='ocrx_word' id='word_1_158' title='bbox 704 1739 944 1803; x_wconf 87' lang='lat' dir='ltr'>inviolabiliter</span> <span class='ocrx_word' id='word_1_159' title='bbox 998 1745 1083 1817; x_wconf 93' lang='lat' dir='ltr'>rani,</span> <span class='ocrx_word' id='word_1_160' title='bbox 1098 1744 1141 1806; x_wconf 92' lang='lat' dir='ltr'><strong>v1</strong></span> <span class='ocrx_word' id='word_1_161' title='bbox 1156 1745 1231 1806; x_wconf 91' lang='lat' dir='ltr'>idus</span> <span class='ocrx_word' id='word_1_162' title='bbox 1249 1745 1450 1817; x_wconf 83' lang='lat' dir='ltr'>novembris,</span> <span class='ocrx_word' id='word_1_163' title='bbox 1467 1746 1799 1824; x_wconf 86' lang='grc'><strong>33311133133333131</strong></span> 
     </span>
    </p>
   </div>
   <div class='ocr_carea' id='block_1_8' title="bbox 151 1837 944 2307">
    <p class='ocr_par' dir='ltr' id='par_1_8' title="bbox 151 1837 943 2210">
     <span class='ocr_line' id='line_1_17' title="bbox 151 1837 943 1914; baseline -0.001 -12"><span class='ocrx_word' id='word_1_164' title='bbox 151 1838 326 1902; x_wconf 89' lang='lat' dir='ltr'>observari.</span> <span class='ocrx_word' id='word_1_165' title='bbox 348 1837 440 1899; x_wconf 90' lang='lat' dir='ltr'>Nulli</span> <span class='ocrx_word' id='word_1_166' title='bbox 455 1853 546 1913; x_wconf 87' lang='lat' dir='ltr'>ergo,</span> <span class='ocrx_word' id='word_1_167' title='bbox 560 1837 622 1899; x_wconf 89' lang='grc'><strong>313.</strong></span> <span class='ocrx_word' id='word_1_168' title='bbox 639 1837 795 1914; x_wconf 83' lang='lat' dir='ltr'>paginam</span> <span class='ocrx_word' id='word_1_169' title='bbox 819 1841 943 1902; x_wconf 85' lang='lat' dir='ltr'>nosirae</span> 
     </span>
     <span class='ocr_line' id='line_1_18' title="bbox 151 1934 943 2014; baseline -0.001 -16"><span class='ocrx_word' id='word_1_170' title='bbox 151 1935 408 1998; x_wconf 85' lang='lat' dir='ltr'>confirmationis</span> <span class='ocrx_word' id='word_1_171' title='bbox 426 1934 460 1997; x_wconf 89' lang='lat' dir='ltr'><strong>et</strong></span> <span class='ocrx_word' id='word_1_172' title='bbox 475 1934 718 2013; x_wconf 88' lang='lat' dir='ltr'>praeceptionis,</span> <span class='ocrx_word' id='word_1_173' title='bbox 739 1936 801 1998; x_wconf 88' lang='lat' dir='ltr'>etc.</span> <span class='ocrx_word' id='word_1_174' title='bbox 818 1936 853 1997; x_wconf 91' lang='lat' dir='ltr'>Si</span> <span class='ocrx_word' id='word_1_175' title='bbox 868 1938 943 2014; x_wconf 90' lang='lat' dir='ltr'>quis</span> 
     </span>
     <span class='ocr_line' id='line_1_19' title="bbox 151 2031 941 2105; baseline -0.003 -8"><span class='ocrx_word' id='word_1_176' title='bbox 151 2036 253 2097; x_wconf 83' lang='lat' dir='ltr'>autem</span> <span class='ocrx_word' id='word_1_177' title='bbox 269 2035 333 2096; x_wconf 85' lang='lat' dir='ltr'>eto.</span> <span class='ocrx_word' id='word_1_178' title='bbox 351 2034 470 2096; x_wconf 89' lang='lat' dir='ltr'>Datum</span> <span class='ocrx_word' id='word_1_179' title='bbox 485 2031 700 2105; x_wconf 89' lang='lat' dir='ltr'>Laterani,Vl</span> <span class='ocrx_word' id='word_1_180' title='bbox 712 2033 787 2094; x_wconf 89' lang='lat' dir='ltr'>idus</span> <span class='ocrx_word' id='word_1_181' title='bbox 801 2049 941 2095; x_wconf 90' lang='lat' dir='ltr'>novem-</span> 
     </span>
     <span class='ocr_line' id='line_1_20' title="bbox 151 2130 941 2210; baseline 0 -16"><span class='ocrx_word' id='word_1_182' title='bbox 151 2131 225 2205; x_wconf 88' lang='lat' dir='ltr'>bris,</span> <span class='ocrx_word' id='word_1_183' title='bbox 240 2130 454 2209; x_wconf 85' lang='lat' dir='ltr'>pontilicatus</span> <span class='ocrx_word' id='word_1_184' title='bbox 471 2133 582 2194; x_wconf 87' lang='lat' dir='ltr'>autem</span> <span class='ocrx_word' id='word_1_185' title='bbox 603 2131 708 2195; x_wconf 89' lang='lat' dir='ltr'>nostri</span> <span class='ocrx_word' id='word_1_186' title='bbox 722 2148 810 2195; x_wconf 90' lang='lat' dir='ltr'>anno</span> <span class='ocrx_word' id='word_1_187' title='bbox 823 2133 941 2210; x_wconf 91' lang='lat' dir='ltr'>primo.</span> 
     </span>
    </p>

    <p class='ocr_par' dir='ltr' id='par_1_9' title="bbox 187 2228 944 2307">
     <span class='ocr_line' id='line_1_21' title="bbox 187 2228 944 2307; baseline 0.001 -15"><span class='ocrx_word' id='word_1_188' title='bbox 187 2229 416 2307; x_wconf 84' lang='lat' dir='ltr'>scriptumest</span> <span class='ocrx_word' id='word_1_189' title='bbox 431 2244 533 2306; x_wconf 89' lang='lat' dir='ltr'>super</span> <span class='ocrx_word' id='word_1_190' title='bbox 552 2228 616 2291; x_wconf 91' lang='lat' dir='ltr'>hoc</span> <span class='ocrx_word' id='word_1_191' title='bbox 639 2231 677 2291; x_wconf 81' lang='grc'><strong>13</strong></span> <span class='ocrx_word' id='word_1_192' title='bbox 699 2233 944 2293; x_wconf 79' lang='grc'><strong>3331133313-</strong></span> 
     </span>
    </p>
   </div>
   <div class='ocr_carea' id='block_1_9' title="bbox 27 2326 941 2405">
    <p class='ocr_par' dir='ltr' id='par_1_10' title="bbox 27 2326 941 2405">
     <span class='ocr_line' id='line_1_22' title="bbox 27 2326 941 2405; baseline -0.011 -8"><span class='ocrx_word' id='word_1_193' title='bbox 27 2340 30 2397; x_wconf 61' lang='grc'><strong>1</strong></span> <span class='ocrx_word' id='word_1_194' title='bbox 154 2331 226 2390; x_wconf 71' lang='lat' dir='ltr'>darm</span> <span class='ocrx_word' id='word_1_195' title='bbox 247 2328 356 2405; x_wconf 82' lang='lat' dir='ltr'>priori</span> <span class='ocrx_word' id='word_1_196' title='bbox 376 2326 488 2389; x_wconf 88' lang='lat' dir='ltr'>Sancti</span> <span class='ocrx_word' id='word_1_197' title='bbox 503 2327 639 2388; x_wconf 90' lang='lat' dir='ltr'>Martini</span> <span class='ocrx_word' id='word_1_198' title='bbox 660 2326 700 2388; x_wconf 91' lang='lat' dir='ltr'><strong>de</strong></span> <span class='ocrx_word' id='word_1_199' title='bbox 722 2327 941 2404; x_wconf 73' lang='grc'><strong>113331333-</strong></span> 
     </span>
    </p>
   </div>
   <div class='ocr_carea' id='block_1_10' title="bbox 14 3326 41 4056">
    <p class='ocr_par' dir='ltr' id='par_1_11' title="bbox 14 3326 41 4056">
     <span class='ocr_line' id='line_1_23' title="bbox 14 3326 41 4056; textangle 90"><span class='ocrx_word' id='word_1_200' title='bbox 14 3326 41 4056; x_wconf 29' lang='lat' dir='ltr'><strong>&#39;W‘Wffi‘ffffi&#39;hz4ffl&#39;52</strong></span> 
     </span>
    </p>
   </div>
   <div class='ocr_carea' id='block_1_11' title="bbox 155 2423 944 3382">
    <p class='ocr_par' dir='ltr' id='par_1_12' title="bbox 155 2423 944 3382">
     <span class='ocr_line' id='line_1_24' title="bbox 155 2423 943 2501; baseline 0.001 -15"><span class='ocrx_word' id='word_1_201' title='bbox 155 2424 354 2498; x_wconf 86' lang='lat' dir='ltr'>chidiacono,</span> <span class='ocrx_word' id='word_1_202' title='bbox 365 2424 399 2486; x_wconf 90' lang='grc'><strong>31</strong></span> <span class='ocrx_word' id='word_1_203' title='bbox 409 2423 568 2501; x_wconf 86' lang='lat' dir='ltr'>magistro</span> <span class='ocrx_word' id='word_1_204' title='bbox 582 2426 619 2485; x_wconf 80' lang='lat' dir='ltr'><strong>G.</strong></span> <span class='ocrx_word' id='word_1_205' title='bbox 635 2425 761 2486; x_wconf 89' lang='lat' dir='ltr'>Canuto</span> <span class='ocrx_word' id='word_1_206' title='bbox 772 2424 943 2487; x_wconf 89' lang='lat' dir='ltr'>canonicis</span> 
     </span>
     <span class='ocr_line' id='line_1_25' title="bbox 155 2520 941 2597; baseline 0 -13"><span class='ocrx_word' id='word_1_207' title='bbox 155 2523 328 2595; x_wconf 88' lang='lat' dir='ltr'>Parisien.,</span> <span class='ocrx_word' id='word_1_208' title='bbox 357 2537 466 2597; x_wconf 78' lang='grc'><strong>113333</strong></span> <span class='ocrx_word' id='word_1_209' title='bbox 492 2520 731 2585; x_wconf 89' lang='lat' dir='ltr'>inviolabiliter</span> <span class='ocrx_word' id='word_1_210' title='bbox 757 2521 941 2585; x_wconf 90' lang='lat' dir='ltr'>observari.</span> 
     </span>
     <span class='ocr_line' id='line_1_26' title="bbox 157 2619 943 2699; baseline 0.003 -18"><span class='ocrx_word' id='word_1_211' title='bbox 157 2621 289 2699; x_wconf 77' lang='grc'><strong>1133333</strong></span> <span class='ocrx_word' id='word_1_212' title='bbox 311 2619 508 2682; x_wconf 85' lang='lat' dir='ltr'>discretioni</span> <span class='ocrx_word' id='word_1_213' title='bbox 528 2620 648 2683; x_wconf 87' lang='lat' dir='ltr'>vestrae</span> <span class='ocrx_word' id='word_1_214' title='bbox 671 2635 732 2697; x_wconf 92' lang='lat' dir='ltr'><strong>per</strong></span> <span class='ocrx_word' id='word_1_215' title='bbox 752 2621 943 2697; x_wconf 78' lang='lat' dir='ltr'>apostolica</span> 
     </span>
     <span class='ocr_line' id='line_1_27' title="bbox 157 2717 942 2796; baseline -0.001 -16"><span class='ocrx_word' id='word_1_216' title='bbox 157 2719 268 2796; x_wconf 82' lang='lat' dir='ltr'>scripta</span> <span class='ocrx_word' id='word_1_217' title='bbox 289 2717 498 2790; x_wconf 89' lang='lat' dir='ltr'>mandamus,</span> <span class='ocrx_word' id='word_1_218' title='bbox 515 2718 679 2796; x_wconf 90' lang='lat' dir='ltr'>quatenus</span> <span class='ocrx_word' id='word_1_219' title='bbox 693 2718 845 2780; x_wconf 84' lang='lat' dir='ltr'>eamdam</span> <span class='ocrx_word' id='word_1_220' title='bbox 861 2734 942 2780; x_wconf 90' lang='lat' dir='ltr'>sen-</span> 
     </span>
     <span class='ocr_line' id='line_1_28' title="bbox 157 2815 942 2893; baseline 0 -15"><span class='ocrx_word' id='word_1_221' title='bbox 157 2817 283 2878; x_wconf 87' lang='lat' dir='ltr'>tentiam</span> <span class='ocrx_word' id='word_1_222' title='bbox 308 2815 443 2878; x_wconf 78' lang='lat' dir='ltr'>faciatis</span> <span class='ocrx_word' id='word_1_223' title='bbox 461 2831 521 2893; x_wconf 91' lang='lat' dir='ltr'><strong>per</strong></span> <span class='ocrx_word' id='word_1_224' title='bbox 538 2831 721 2877; x_wconf 88' lang='lat' dir='ltr'>censuram·</span> <span class='ocrx_word' id='word_1_225' title='bbox 733 2816 942 2878; x_wconf 87' lang='lat' dir='ltr'>ecclesiasti-</span> 
     </span>
     <span class='ocr_line' id='line_1_29' title="bbox 158 2911 941 2992; baseline 0.001 -18"><span class='ocrx_word' id='word_1_226' title='bbox 158 2911 941 2992; x_wconf 87' lang='lat' dir='ltr'>cam,appellationeremota,firmiterobservari,</span> 
     </span>
     <span class='ocr_line' id='line_1_30' title="bbox 160 3011 941 3089; baseline 0.001 -17"><span class='ocrx_word' id='word_1_227' title='bbox 160 3011 407 3074; x_wconf 86' lang='lat' dir='ltr'>contradictores</span> <span class='ocrx_word' id='word_1_228' title='bbox 422 3026 564 3072; x_wconf 89' lang='lat' dir='ltr'>censura</span> <span class='ocrx_word' id='word_1_229' title='bbox 576 3011 679 3072; x_wconf 90' lang='lat' dir='ltr'>simili</span> <span class='ocrx_word' id='word_1_230' title='bbox 691 3011 941 3089; x_wconf 76' lang='lat' dir='ltr'>compescendo·</span> 
     </span>
     <span class='ocr_line' id='line_1_31' title="bbox 160 3108 941 3182; baseline 0.001 -13"><span class='ocrx_word' id='word_1_231' title='bbox 160 3108 284 3180; x_wconf 83' lang='lat' dir='ltr'>Quodsi</span> <span class='ocrx_word' id='word_1_232' title='bbox 303 3124 372 3171; x_wconf 92' lang='grc'><strong>333</strong></span> <span class='ocrx_word' id='word_1_233' title='bbox 392 3123 506 3170; x_wconf 89' lang='grc'><strong>33333</strong></span> <span class='ocrx_word' id='word_1_234' title='bbox 519 3109 598 3182; x_wconf 91' lang='grc'><strong>313.,</strong></span> <span class='ocrx_word' id='word_1_235' title='bbox 613 3108 678 3170; x_wconf 87' lang='grc'><strong>(133</strong></span> <span class='ocrx_word' id='word_1_236' title='bbox 699 3109 862 3178; x_wconf 84' lang='lat' dir='ltr'>vestrum,</span> <span class='ocrx_word' id='word_1_237' title='bbox 879 3111 941 3172; x_wconf 90' lang='lat' dir='ltr'>etc.</span> 
     </span>
     <span class='ocr_line' id='line_1_32' title="bbox 161 3205 944 3284; baseline 0 -18"><span class='ocrx_word' id='word_1_238' title='bbox 161 3206 264 3267; x_wconf 86' lang='lat' dir='ltr'>batum</span> <span class='ocrx_word' id='word_1_239' title='bbox 282 3205 452 3280; x_wconf 86' lang='lat' dir='ltr'>Laterani,</span> <span class='ocrx_word' id='word_1_240' title='bbox 469 3208 513 3269; x_wconf 81' lang='lat' dir='ltr'><strong>vl</strong></span> <span class='ocrx_word' id='word_1_241' title='bbox 531 3206 576 3267; x_wconf 88' lang='lat' dir='ltr'>id.</span> <span class='ocrx_word' id='word_1_242' title='bbox 592 3206 789 3269; x_wconf 90' lang='lat' dir='ltr'>Novembris</span> <span class='ocrx_word' id='word_1_243' title='bbox 808 3206 944 3284; x_wconf 86' lang='lat' dir='ltr'>pontid·</span> 
     </span>
     <span class='ocr_line' id='line_1_33' title="bbox 160 3304 598 3382; baseline 0 -17"><span class='ocrx_word' id='word_1_244' title='bbox 160 3305 241 3367; x_wconf 86' lang='lat' dir='ltr'>catus</span> <span class='ocrx_word' id='word_1_245' title='bbox 254 3305 361 3368; x_wconf 87' lang='lat' dir='ltr'>nostri</span> <span class='ocrx_word' id='word_1_246' title='bbox 376 3319 466 3366; x_wconf 90' lang='lat' dir='ltr'>anno</span> <span class='ocrx_word' id='word_1_247' title='bbox 480 3304 598 3382; x_wconf 88' lang='lat' dir='ltr'>primo.</span> 
     </span>
    </p>
   </div>
   <div class='ocr_carea' id='block_1_12' title="bbox 503 3562 592 3650">
    <p class='ocr_par' dir='ltr' id='par_1_13' title="bbox 503 3562 592 3650">
     <span class='ocr_line' id='line_1_34' title="bbox 503 3562 592 3650; baseline -0.011 0"><span class='ocrx_word' id='word_1_248' title='bbox 503 3562 592 3650; x_wconf 88' lang='lat' dir='ltr'><strong>LIV</strong></span> 
     </span>
    </p>
   </div>
   <div class='ocr_carea' id='block_1_13' title="bbox 160 3728 943 3965">
    <p class='ocr_par' dir='ltr' id='par_1_14' title="bbox 160 3728 943 3965">
     <span class='ocr_line' id='line_1_35' title="bbox 160 3728 943 3840; baseline 0.001 -15"><span class='ocrx_word' id='word_1_249' title='bbox 160 3728 203 3826; x_wconf 76' lang='grc'><strong>11</strong></span> <span class='ocrx_word' id='word_1_250' title='bbox 224 3767 443 3829; x_wconf 79' lang='grc'><strong>1333333131</strong></span> <span class='ocrx_word' id='word_1_251' title='bbox 461 3767 649 3840; x_wconf 74' lang='lat' dir='ltr'>capitulum</span> <span class='ocrx_word' id='word_1_252' title='bbox 667 3768 943 3829; x_wconf 72' lang='lat' dir='ltr'>ambianensem.</span> 
     </span>
     <span class='ocr_line' id='line_1_36' title="bbox 329 3906 647 3965; baseline -0.006 -1"><span class='ocrx_word' id='word_1_253' title='bbox 329 3913 331 3916; x_wconf 77' lang='grc'>’</span> <span class='ocrx_word' id='word_1_254' title='bbox 447 3906 647 3965; x_wconf 74' lang='grc'><strong>83331116.</strong></span> 
     </span>
    </p>
   </div>
   <div class='ocr_carea' id='block_1_14' title="bbox 186 4063 914 4129">
    <p class='ocr_par' dir='ltr' id='par_1_15' title="bbox 186 4063 914 4129">
     <span class='ocr_line' id='line_1_37' title="bbox 186 4063 914 4129; baseline -0.003 -14"><span class='ocrx_word' id='word_1_255' title='bbox 186 4064 380 4125; x_wconf 69' lang='lat' dir='ltr'>[Ercnrtnlario</span> <span class='ocrx_word' id='word_1_256' title='bbox 396 4066 454 4116; x_wconf 85' lang='grc'><strong>1133.</strong></span> <span class='ocrx_word' id='word_1_257' title='bbox 468 4063 575 4129; x_wconf 86' lang='lat' dir='ltr'>capituli</span> <span class='ocrx_word' id='word_1_258' title='bbox 590 4063 700 4115; x_wconf 79' lang='lat' dir='ltr'>ecclesia</span> <span class='ocrx_word' id='word_1_259' title='bbox 715 4063 914 4126; x_wconf 76' lang='grc'><strong>1311333333]</strong></span> 
     </span>
    </p>
   </div>
   <div class='ocr_carea' id='block_1_15' title="bbox 159 4217 947 4468">
    <p class='ocr_par' dir='ltr' id='par_1_16' title="bbox 159 4217 947 4468">
     <span class='ocr_line' id='line_1_38' title="bbox 159 4217 943 4291; baseline -0.003 -16"><span class='ocrx_word' id='word_1_260' title='bbox 159 4217 334 4276; x_wconf 78' lang='grc'><strong>1331333113</strong></span> <span class='ocrx_word' id='word_1_261' title='bbox 360 4217 578 4291; x_wconf 85' lang='lat' dir='ltr'>compositionis</span> <span class='ocrx_word' id='word_1_262' title='bbox 593 4219 674 4274; x_wconf 88' lang='lat' dir='ltr'>inter</span> <span class='ocrx_word' id='word_1_263' title='bbox 694 4217 850 4289; x_wconf 85' lang='lat' dir='ltr'>capitulum</span> <span class='ocrx_word' id='word_1_264' title='bbox 875 4218 943 4275; x_wconf 80' lang='lat' dir='ltr'><strong>Am·</strong></span> 
     </span>
     <span class='ocr_line' id='line_1_39' title="bbox 187 4304 947 4379; baseline -0.001 -16"><span class='ocrx_word' id='word_1_265' title='bbox 187 4305 321 4365; x_wconf 87' lang='lat' dir='ltr'>bianense</span> <span class='ocrx_word' id='word_1_266' title='bbox 349 4314 379 4364; x_wconf 83' lang='lat' dir='ltr'><strong>et</strong></span> <span class='ocrx_word' id='word_1_267' title='bbox 403 4306 569 4379; x_wconf 89' lang='lat' dir='ltr'>episcopum</span> <span class='ocrx_word' id='word_1_268' title='bbox 589 4322 676 4379; x_wconf 90' lang='lat' dir='ltr'>super</span> <span class='ocrx_word' id='word_1_269' title='bbox 700 4307 859 4364; x_wconf 81' lang='lat' dir='ltr'>Reversis</span> <span class='ocrx_word' id='word_1_270' title='bbox 878 4304 947 4363; x_wconf 92' lang='lat' dir='ltr'>rivis</span> 
     </span>
     <span class='ocr_line' id='line_1_40' title="bbox 192 4394 725 4468; baseline -0.008 -15"><span class='ocrx_word' id='word_1_271' title='bbox 192 4409 327 4468; x_wconf 80' lang='lat' dir='ltr'>equarum</span> <span class='ocrx_word' id='word_1_272' title='bbox 344 4394 381 4453; x_wconf 89' lang='grc'><strong>31</strong></span> <span class='ocrx_word' id='word_1_273' title='bbox 404 4394 568 4453; x_wconf 88' lang='grc'><strong>331331133</strong></span> <span class='ocrx_word' id='word_1_274' title='bbox 581 4394 725 4453; x_wconf 80' lang='lat' dir='ltr'>Ambiani.</span> 
     </span>
    </p>
   </div>
   <div class='ocr_carea' id='block_1_16' title="bbox 159 4563 951 5426">
    <p class='ocr_par' dir='ltr' id='par_1_17' title="bbox 159 4563 946 4838">
     <span class='ocr_line' id='line_1_41' title="bbox 193 4563 945 4643; baseline -0.001 -18"><span class='ocrx_word' id='word_1_275' title='bbox 193 4566 358 4628; x_wconf 86' lang='lat' dir='ltr'>Honorius</span> <span class='ocrx_word' id='word_1_276' title='bbox 369 4565 554 4643; x_wconf 90' lang='lat' dir='ltr'>episcopus,</span> <span class='ocrx_word' id='word_1_277' title='bbox 567 4581 683 4627; x_wconf 88' lang='lat' dir='ltr'>servus</span> <span class='ocrx_word' id='word_1_278' title='bbox 693 4580 865 4626; x_wconf 90' lang='lat' dir='ltr'>servorum</span> <span class='ocrx_word' id='word_1_279' title='bbox 873 4563 945 4636; x_wconf 87' lang='lat' dir='ltr'>Dei,</span> 
     </span>
     <span class='ocr_line' id='line_1_42' title="bbox 159 4660 946 4740; baseline 0 -18"><span class='ocrx_word' id='word_1_280' title='bbox 159 4660 279 4726; x_wconf 90' lang='lat' dir='ltr'>dilectis</span> <span class='ocrx_word' id='word_1_281' title='bbox 288 4663 369 4724; x_wconf 88' lang='grc'><strong>111113</strong></span> <span class='ocrx_word' id='word_1_282' title='bbox 381 4663 507 4724; x_wconf 87' lang='grc'><strong>133333</strong></span> <span class='ocrx_word' id='word_1_283' title='bbox 517 4663 705 4740; x_wconf 89' lang='grc'><strong>3133311313</strong></span> <span class='ocrx_word' id='word_1_284' title='bbox 720 4660 946 4735; x_wconf 70' lang='lat' dir='ltr'>ambianensi,</span> 
     </span>
     <span class='ocr_line' id='line_1_43' title="bbox 159 4760 861 4838; baseline -0.001 -17"><span class='ocrx_word' id='word_1_285' title='bbox 159 4760 291 4824; x_wconf 87' lang='lat' dir='ltr'>salutem</span> <span class='ocrx_word' id='word_1_286' title='bbox 306 4762 341 4824; x_wconf 89' lang='lat' dir='ltr'><strong>et</strong></span> <span class='ocrx_word' id='word_1_287' title='bbox 355 4760 572 4838; x_wconf 89' lang='lat' dir='ltr'>apostolicam</span> <span class='ocrx_word' id='word_1_288' title='bbox 586 4760 861 4822; x_wconf 89' lang='lat' dir='ltr'>benedictionem.</span> 
     </span>
    </p>

    <p class='ocr_par' dir='ltr' id='par_1_18' title="bbox 159 4857 951 5426">
     <span class='ocr_line' id='line_1_44' title="bbox 191 4857 950 4937; baseline -0.008 -14"><span class='ocrx_word' id='word_1_289' title='bbox 191 4861 237 4923; x_wconf 83' lang='lat' dir='ltr'><strong>Ea</strong></span> <span class='ocrx_word' id='word_1_290' title='bbox 250 4875 325 4937; x_wconf 82' lang='lat' dir='ltr'>quae</span> <span class='ocrx_word' id='word_1_291' title='bbox 334 4858 463 4937; x_wconf 86' lang='lat' dir='ltr'>jndicio</span> <span class='ocrx_word' id='word_1_292' title='bbox 469 4859 522 4920; x_wconf 88' lang='lat' dir='ltr'><strong>vel</strong></span> <span class='ocrx_word' id='word_1_293' title='bbox 536 4858 714 4921; x_wconf 88' lang='lat' dir='ltr'>concordia</span> <span class='ocrx_word' id='word_1_294' title='bbox 726 4857 950 4919; x_wconf 86' lang='lat' dir='ltr'>terminantur</span> 
     </span>
     <span class='ocr_line' id='line_1_45' title="bbox 159 4953 947 5032; baseline 0.001 -19"><span class='ocrx_word' id='word_1_295' title='bbox 159 4957 334 5031; x_wconf 87' lang='lat' dir='ltr'>apostolico</span> <span class='ocrx_word' id='word_1_296' title='bbox 363 4956 518 5018; x_wconf 90' lang='lat' dir='ltr'>convenit</span> <span class='ocrx_word' id='word_1_297' title='bbox 550 4955 708 5032; x_wconf 81' lang='lat' dir='ltr'>praesidio</span> <span class='ocrx_word' id='word_1_298' title='bbox 738 4953 947 5017; x_wconf 85' lang='lat' dir='ltr'>communiri.</span> 
     </span>
     <span class='ocr_line' id='line_1_46' title="bbox 160 5050 951 5131; baseline 0.003 -20"><span class='ocrx_word' id='word_1_299' title='bbox 160 5052 232 5115; x_wconf 85' lang='lat' dir='ltr'>Cum</span> <span class='ocrx_word' id='word_1_300' title='bbox 245 5054 353 5130; x_wconf 89' lang='lat' dir='ltr'>igitur</span> <span class='ocrx_word' id='word_1_301' title='bbox 365 5054 453 5115; x_wconf 90' lang='grc'><strong>31331</strong></span> <span class='ocrx_word' id='word_1_302' title='bbox 465 5068 509 5115; x_wconf 92' lang='grc'><strong>33</strong></span> <span class='ocrx_word' id='word_1_303' title='bbox 517 5053 611 5131; x_wconf 87' lang='grc'><strong>33313</strong></span> <span class='ocrx_word' id='word_1_304' title='bbox 625 5052 736 5114; x_wconf 90' lang='lat' dir='ltr'>vestra</span> <span class='ocrx_word' id='word_1_305' title='bbox 751 5050 951 5129; x_wconf 88' lang='grc'><strong>131133333-</strong></span> 
     </span>
     <span class='ocr_line' id='line_1_47' title="bbox 159 5148 951 5228; baseline 0.003 -21"><span class='ocrx_word' id='word_1_306' title='bbox 159 5148 251 5211; x_wconf 89' lang='lat' dir='ltr'>situm</span> <span class='ocrx_word' id='word_1_307' title='bbox 265 5167 381 5215; x_wconf 90' lang='lat' dir='ltr'>ceram</span> <span class='ocrx_word' id='word_1_308' title='bbox 401 5150 495 5212; x_wconf 91' lang='lat' dir='ltr'>nobis</span> <span class='ocrx_word' id='word_1_309' title='bbox 517 5149 655 5228; x_wconf 86' lang='lat' dir='ltr'>quaestio</span> <span class='ocrx_word' id='word_1_310' title='bbox 671 5166 744 5227; x_wconf 87' lang='lat' dir='ltr'>quae</span> <span class='ocrx_word' id='word_1_311' title='bbox 763 5148 842 5210; x_wconf 93' lang='lat' dir='ltr'>olim</span> <span class='ocrx_word' id='word_1_312' title='bbox 862 5148 951 5211; x_wconf 89' lang='lat' dir='ltr'>inter</span> 
     </span>
     <span class='ocr_line' id='line_1_48' title="bbox 159 5246 949 5325; baseline 0.001 -19"><span class='ocrx_word' id='word_1_313' title='bbox 159 5260 222 5320; x_wconf 88' lang='lat' dir='ltr'>vos,</span> <span class='ocrx_word' id='word_1_314' title='bbox 236 5264 278 5310; x_wconf 82' lang='lat' dir='ltr'><strong>ex</strong></span> <span class='ocrx_word' id='word_1_315' title='bbox 292 5264 362 5309; x_wconf 91' lang='grc'><strong>333</strong></span> <span class='ocrx_word' id='word_1_316' title='bbox 375 5247 479 5325; x_wconf 90' lang='lat' dir='ltr'>parte,</span> <span class='ocrx_word' id='word_1_317' title='bbox 497 5248 529 5309; x_wconf 92' lang='lat' dir='ltr'><strong>et</strong></span> <span class='ocrx_word' id='word_1_318' title='bbox 542 5247 637 5309; x_wconf 86' lang='lat' dir='ltr'>bonae</span> <span class='ocrx_word' id='word_1_319' title='bbox 653 5247 825 5308; x_wconf 85' lang='lat' dir='ltr'>memoriae</span> <span class='ocrx_word' id='word_1_320' title='bbox 838 5246 949 5307; x_wconf 88' lang='lat' dir='ltr'>Theo-</span> 
     </span>
     <span class='ocr_line' id='line_1_49' title="bbox 159 5340 951 5426; baseline 0.001 -23"><span class='ocrx_word' id='word_1_321' title='bbox 159 5340 285 5407; x_wconf 89' lang='lat' dir='ltr'>baldum</span> <span class='ocrx_word' id='word_1_322' title='bbox 304 5342 366 5426; x_wconf 82' lang='lat'><strong>(1),</strong></span> <span class='ocrx_word' id='word_1_323' title='bbox 397 5343 651 5406; x_wconf 73' lang='lat' dir='ltr'>ambianensem</span> <span class='ocrx_word' id='word_1_324' title='bbox 679 5343 880 5422; x_wconf 89' lang='lat' dir='ltr'>episcopum,</span> <span class='ocrx_word' id='word_1_325' title='bbox 907 5359 951 5405; x_wconf 87' lang='grc'><strong>33</strong></span> 
     </span>
    </p>
   </div>
   <div class='ocr_carea' id='block_1_17' title="bbox 161 5497 950 5646">
    <p class='ocr_par' dir='ltr' id='par_1_19' title="bbox 161 5497 950 5646">
     <span class='ocr_line' id='line_1_50' title="bbox 192 5497 950 5575; baseline -0.003 -16"><span class='ocrx_word' id='word_1_326' title='bbox 192 5500 391 5573; x_wconf 78' lang='grc'><strong>(1111333311</strong></span> <span class='ocrx_word' id='word_1_327' title='bbox 418 5499 556 5575; x_wconf 82' lang='lat' dir='ltr'>d’lleilly,</span> <span class='ocrx_word' id='word_1_328' title='bbox 582 5499 633 5558; x_wconf 67' lang='lat'><strong>430</strong></span> <span class='ocrx_word' id='word_1_329' title='bbox 658 5497 768 5572; x_wconf 80' lang='lat' dir='ltr'>evdque</span> <span class='ocrx_word' id='word_1_330' title='bbox 793 5498 950 5557; x_wconf 87' lang='lat' dir='ltr'>d&#39;llmiens.</span> 
     </span>
     <span class='ocr_line' id='line_1_51' title="bbox 161 5569 949 5646; baseline -0.003 -16"><span class='ocrx_word' id='word_1_331' title='bbox 161 5570 289 5635; x_wconf 82' lang='lat' dir='ltr'>l&#39;aceord</span> <span class='ocrx_word' id='word_1_332' title='bbox 296 5572 466 5636; x_wconf 78' lang='lat' dir='ltr'>mendosae</span> <span class='ocrx_word' id='word_1_333' title='bbox 473 5586 525 5646; x_wconf 87' lang='lat' dir='ltr'>por</span> <span class='ocrx_word' id='word_1_334' title='bbox 535 5573 562 5631; x_wconf 91' lang='lat' dir='ltr'><strong>le</strong></span> <span class='ocrx_word' id='word_1_335' title='bbox 569 5573 645 5645; x_wconf 86' lang='lat' dir='ltr'>Pnpe</span> <span class='ocrx_word' id='word_1_336' title='bbox 651 5578 693 5631; x_wconf 89' lang='grc'><strong>331</strong></span> <span class='ocrx_word' id='word_1_337' title='bbox 705 5569 949 5632; x_wconf 80' lang='grc'><strong>1313331311111.</strong></span> 
     </span>
    </p>
   </div>
   <div class='ocr_carea' id='block_1_18' title="bbox 998 1842 1224 1920">
    <p class='ocr_par' dir='ltr' id='par_1_20' title="bbox 998 1842 1224 1920">
     <span class='ocr_line' id='line_1_52' title="bbox 998 1842 1224 1920; baseline 0 -17"><span class='ocrx_word' id='word_1_338' title='bbox 998 1857 1086 1903; x_wconf 91' lang='grc'><strong>3333</strong></span> <span class='ocrx_word' id='word_1_339' title='bbox 1106 1842 1224 1920; x_wconf 89' lang='grc'><strong>33133.</strong></span> 
     </span>
    </p>
   </div>
   <div class='ocr_carea' id='block_1_19' title="bbox 1362 2084 1430 2171">
    <p class='ocr_par' dir='ltr' id='par_1_21' title="bbox 1362 2084 1430 2171">
     <span class='ocr_line' id='line_1_53' title="bbox 1362 2084 1430 2171; baseline 0.015 -1"><span class='ocrx_word' id='word_1_340' title='bbox 1362 2084 1430 2171; x_wconf 88' lang='lat' dir='ltr'><strong>LV</strong></span> 
     </span>
    </p>
   </div>
   <div class='ocr_carea' id='block_1_20' title="bbox 998 2289 1791 2462">
    <p class='ocr_par' dir='ltr' id='par_1_22' title="bbox 998 2289 1791 2462">
     <span class='ocr_line' id='line_1_54' title="bbox 998 2289 1791 2366; baseline 0.003 -19"><span class='ocrx_word' id='word_1_341' title='bbox 998 2289 1050 2348; x_wconf 80' lang='lat' dir='ltr'><strong>Ad</strong></span> <span class='ocrx_word' id='word_1_342' title='bbox 1067 2290 1288 2351; x_wconf 81' lang='grc'><strong>1333333131</strong></span> <span class='ocrx_word' id='word_1_343' title='bbox 1306 2290 1495 2366; x_wconf 75' lang='lat' dir='ltr'>ceptionem</span> <span class='ocrx_word' id='word_1_344' title='bbox 1516 2292 1791 2353; x_wconf 70' lang='lat' dir='ltr'>evactunensem.</span> 
     </span>
     <span class='ocr_line' id='line_1_55' title="bbox 1297 2401 1495 2462; baseline 0.005 -2"><span class='ocrx_word' id='word_1_345' title='bbox 1297 2401 1395 2460; x_wconf 84' lang='lat' dir='ltr'>3nov.</span> <span class='ocrx_word' id='word_1_346' title='bbox 1417 2403 1495 2462; x_wconf 80' lang='grc'><strong>1116.</strong></span> 
     </span>
    </p>
   </div>
   <div class='ocr_carea' id='block_1_21' title="bbox 1061 2525 1730 2668">
    <p class='ocr_par' dir='ltr' id='par_1_23' title="bbox 1061 2525 1730 2668">
     <span class='ocr_line' id='line_1_56' title="bbox 1061 2525 1730 2590; baseline 0 -14"><span class='ocrx_word' id='word_1_347' title='bbox 1061 2525 1109 2587; x_wconf 78' lang='lat' dir='ltr'><strong>[Ex</strong></span> <span class='ocrx_word' id='word_1_348' title='bbox 1119 2525 1255 2577; x_wconf 78' lang='lat' dir='ltr'>cartulario</span> <span class='ocrx_word' id='word_1_349' title='bbox 1265 2527 1310 2577; x_wconf 90' lang='grc'><strong>113.</strong></span> <span class='ocrx_word' id='word_1_350' title='bbox 1320 2526 1427 2590; x_wconf 86' lang='lat' dir='ltr'>capituli</span> <span class='ocrx_word' id='word_1_351' title='bbox 1441 2525 1554 2576; x_wconf 78' lang='grc'><strong>33313313</strong></span> <span class='ocrx_word' id='word_1_352' title='bbox 1576 2525 1730 2578; x_wconf 78' lang='lat' dir='ltr'>cathedralis</span> 
     </span>
     <span class='ocr_line' id='line_1_57' title="bbox 1292 2604 1494 2668; baseline -0.005 -12"><span class='ocrx_word' id='word_1_353' title='bbox 1292 2604 1494 2668; x_wconf 69' lang='grc'><strong>1311333333]</strong></span> 
     </span>
    </p>
   </div>
   <div class='ocr_carea' id='block_1_22' title="bbox 1033 2745 1759 2929">
    <p class='ocr_par' dir='ltr' id='par_1_24' title="bbox 1033 2745 1759 2929">
     <span class='ocr_line' id='line_1_58' title="bbox 1033 2745 1759 2825; baseline 0 0"><span class='ocrx_word' id='word_1_354' title='bbox 1033 2765 1217 2825; x_wconf 81' lang='grc'><strong>1131333333</strong></span> <span class='ocrx_word' id='word_1_355' title='bbox 1237 2745 1355 2825; x_wconf 85' lang='lat' dir='ltr'>Honorii</span> <span class='ocrx_word' id='word_1_356' title='bbox 1372 2766 1408 2824; x_wconf 91' lang='lat' dir='ltr'><strong>de</strong></span> <span class='ocrx_word' id='word_1_357' title='bbox 1426 2766 1575 2825; x_wconf 89' lang='lat' dir='ltr'>canonicis</span> <span class='ocrx_word' id='word_1_358' title='bbox 1593 2767 1623 2824; x_wconf 92' lang='lat' dir='ltr'>in</span> <span class='ocrx_word' id='word_1_359' title='bbox 1642 2767 1759 2825; x_wconf 87' lang='lat' dir='ltr'>servitio</span> 
     </span>
     <span class='ocr_line' id='line_1_59' title="bbox 1331 2870 1469 2929; baseline 0 -16"><span class='ocrx_word' id='word_1_360' title='bbox 1331 2870 1469 2929; x_wconf 78' lang='grc'><strong>33133331.</strong></span> 
     </span>
    </p>
   </div>
   <div class='ocr_carea' id='block_1_23' title="bbox 999 3008 1803 5624">
    <p class='ocr_par' dir='ltr' id='par_1_25' title="bbox 999 3008 1794 3282">
     <span class='ocr_line' id='line_1_60' title="bbox 1038 3008 1793 3087; baseline -0.003 -16"><span class='ocrx_word' id='word_1_361' title='bbox 1038 3009 1206 3071; x_wconf 89' lang='lat' dir='ltr'>Honorius</span> <span class='ocrx_word' id='word_1_362' title='bbox 1218 3008 1709 3087; x_wconf 88' lang='lat' dir='ltr'>episcopus,servusservorum</span> <span class='ocrx_word' id='word_1_363' title='bbox 1721 3008 1793 3078; x_wconf 85' lang='lat' dir='ltr'>bei,</span> 
     </span>
     <span class='ocr_line' id='line_1_61' title="bbox 999 3106 1794 3185; baseline 0 -18"><span class='ocrx_word' id='word_1_364' title='bbox 999 3106 1128 3185; x_wconf 73' lang='lat' dir='ltr'>dilectis</span> <span class='ocrx_word' id='word_1_365' title='bbox 1137 3107 1216 3169; x_wconf 86' lang='lat' dir='ltr'>liliis</span> <span class='ocrx_word' id='word_1_366' title='bbox 1229 3107 1354 3169; x_wconf 90' lang='grc'><strong>133333</strong></span> <span class='ocrx_word' id='word_1_367' title='bbox 1367 3108 1400 3170; x_wconf 88' lang='grc'><strong>31</strong></span> <span class='ocrx_word' id='word_1_368' title='bbox 1414 3107 1559 3184; x_wconf 91' lang='lat' dir='ltr'>capitulo</span> <span class='ocrx_word' id='word_1_369' title='bbox 1565 3107 1794 3179; x_wconf 71' lang='lat' dir='ltr'>ambianensi,</span> 
     </span>
     <span class='ocr_line' id='line_1_62' title="bbox 999 3204 1736 3282; baseline 0 -16"><span class='ocrx_word' id='word_1_370' title='bbox 999 3204 1140 3267; x_wconf 90' lang='lat' dir='ltr'>salutem</span> <span class='ocrx_word' id='word_1_371' title='bbox 1152 3207 1185 3268; x_wconf 93' lang='grc'><strong>31</strong></span> <span class='ocrx_word' id='word_1_372' title='bbox 1197 3204 1413 3282; x_wconf 88' lang='lat' dir='ltr'>apostolicam</span> <span class='ocrx_word' id='word_1_373' title='bbox 1427 3204 1704 3267; x_wconf 87' lang='lat' dir='ltr'>benedictionem.</span> <span class='ocrx_word' id='word_1_374' title='bbox 1735 3215 1736 3218; x_wconf 73' lang='grc'>’</span> 
     </span>
    </p>

    <p class='ocr_par' dir='ltr' id='par_1_26' title="bbox 999 3301 1803 5624">
     <span class='ocr_line' id='line_1_63' title="bbox 1039 3301 1794 3380; baseline 0.001 -17"><span class='ocrx_word' id='word_1_375' title='bbox 1039 3304 1088 3363; x_wconf 83' lang='lat' dir='ltr'><strong>Ex</strong></span> <span class='ocrx_word' id='word_1_376' title='bbox 1113 3302 1206 3380; x_wconf 91' lang='lat' dir='ltr'>parte</span> <span class='ocrx_word' id='word_1_377' title='bbox 1232 3301 1429 3364; x_wconf 83' lang='lat' dir='ltr'>vestraluit</span> <span class='ocrx_word' id='word_1_378' title='bbox 1452 3303 1656 3380; x_wconf 88' lang='grc'><strong>3333331133</strong></span> <span class='ocrx_word' id='word_1_379' title='bbox 1682 3317 1794 3364; x_wconf 88' lang='lat' dir='ltr'>coram</span> 
     </span>
     <span class='ocr_line' id='line_1_64' title="bbox 1000 3392 1797 3478; baseline 0 -18"><span class='ocrx_word' id='word_1_380' title='bbox 1000 3398 1094 3460; x_wconf 91' lang='lat' dir='ltr'>nobis</span> <span class='ocrx_word' id='word_1_381' title='bbox 1109 3398 1195 3476; x_wconf 90' lang='lat' dir='ltr'>quod</span> <span class='ocrx_word' id='word_1_382' title='bbox 1211 3392 1344 3478; x_wconf 86' lang='lat' dir='ltr'>quidam</span> <span class='ocrx_word' id='word_1_383' title='bbox 1359 3401 1513 3461; x_wconf 91' lang='lat' dir='ltr'>canonici</span> <span class='ocrx_word' id='word_1_384' title='bbox 1530 3400 1633 3461; x_wconf 91' lang='lat' dir='ltr'>vestri</span> <span class='ocrx_word' id='word_1_385' title='bbox 1646 3399 1797 3461; x_wconf 88' lang='lat' dir='ltr'>occasio-</span> 
     </span>
     <span class='ocr_line' id='line_1_65' title="bbox 999 3496 1795 3574; baseline 0 -16"><span class='ocrx_word' id='word_1_386' title='bbox 999 3512 1075 3558; x_wconf 89' lang='lat' dir='ltr'><strong>nem</strong></span> <span class='ocrx_word' id='word_1_387' title='bbox 1087 3498 1257 3559; x_wconf 89' lang='lat' dir='ltr'>sumentes</span> <span class='ocrx_word' id='word_1_388' title='bbox 1269 3513 1312 3558; x_wconf 85' lang='lat' dir='ltr'><strong>ex</strong></span> <span class='ocrx_word' id='word_1_389' title='bbox 1323 3497 1463 3574; x_wconf 85' lang='lat' dir='ltr'>quadam</span> <span class='ocrx_word' id='word_1_390' title='bbox 1477 3496 1683 3574; x_wconf 86' lang='lat' dir='ltr'>indulgentia</span> <span class='ocrx_word' id='word_1_391' title='bbox 1692 3513 1795 3558; x_wconf 91' lang='lat' dir='ltr'>vene-</span> 
     </span>
     <span class='ocr_line' id='line_1_66' title="bbox 1000 3593 1795 3672; baseline -0.001 -17"><span class='ocrx_word' id='word_1_392' title='bbox 1000 3594 1097 3655; x_wconf 90' lang='lat' dir='ltr'>rabili</span> <span class='ocrx_word' id='word_1_393' title='bbox 1111 3593 1205 3656; x_wconf 86' lang='grc'><strong>133131</strong></span> <span class='ocrx_word' id='word_1_394' title='bbox 1218 3596 1331 3657; x_wconf 90' lang='grc'><strong>333133</strong></span> <span class='ocrx_word' id='word_1_395' title='bbox 1344 3595 1498 3672; x_wconf 89' lang='grc'><strong>33133333</strong></span> <span class='ocrx_word' id='word_1_396' title='bbox 1517 3598 1628 3656; x_wconf 90' lang='lat' dir='ltr'>vestro</span> <span class='ocrx_word' id='word_1_397' title='bbox 1643 3611 1663 3655; x_wconf 90' lang='grc'><strong>3</strong></span> <span class='ocrx_word' id='word_1_398' title='bbox 1686 3593 1795 3655; x_wconf 88' lang='grc'><strong>1311313</strong></span> 
     </span>
     <span class='ocr_line' id='line_1_67' title="bbox 1000 3691 1796 3768; baseline -0.003 -15"><span class='ocrx_word' id='word_1_399' title='bbox 1000 3691 1168 3753; x_wconf 88' lang='lat' dir='ltr'>memoriae</span> <span class='ocrx_word' id='word_1_400' title='bbox 1178 3695 1202 3753; x_wconf 93' lang='grc' dir='ltr'><strong>Ι.</strong></span> <span class='ocrx_word' id='word_1_401' title='bbox 1212 3695 1314 3768; x_wconf 89' lang='grc' dir='ltr'><strong>Ρ333,</strong></span> <span class='ocrx_word' id='word_1_402' title='bbox 1327 3691 1573 3768; x_wconf 89' lang='lat' dir='ltr'>proedecessore</span> <span class='ocrx_word' id='word_1_403' title='bbox 1584 3691 1709 3762; x_wconf 87' lang='lat' dir='ltr'>nostro,</span> <span class='ocrx_word' id='word_1_404' title='bbox 1721 3707 1796 3752; x_wconf 88' lang='lat' dir='ltr'>con·</span> 
     </span>
     <span class='ocr_line' id='line_1_68' title="bbox 1000 3787 1795 3866; baseline -0.004 -15"><span class='ocrx_word' id='word_1_405' title='bbox 1000 3805 1105 3862; x_wconf 92' lang='lat' dir='ltr'>cessa,</span> <span class='ocrx_word' id='word_1_406' title='bbox 1119 3805 1193 3866; x_wconf 84' lang='lat' dir='ltr'>quae</span> <span class='ocrx_word' id='word_1_407' title='bbox 1209 3789 1348 3850; x_wconf 86' lang='lat' dir='ltr'>indulsit</span> <span class='ocrx_word' id='word_1_408' title='bbox 1361 3788 1468 3849; x_wconf 91' lang='grc'><strong>31133</strong></span> <span class='ocrx_word' id='word_1_409' title='bbox 1484 3789 1520 3849; x_wconf 91' lang='grc'><strong>31</strong></span> <span class='ocrx_word' id='word_1_410' title='bbox 1537 3787 1691 3849; x_wconf 90' lang='grc'><strong>33333131</strong></span> <span class='ocrx_word' id='word_1_411' title='bbox 1703 3787 1795 3848; x_wconf 88' lang='grc'><strong>3313-</strong></span> 
     </span>
     <span class='ocr_line' id='line_1_69' title="bbox 999 3886 1792 3963; baseline -0.003 -15"><span class='ocrx_word' id='word_1_412' title='bbox 999 3887 1107 3948; x_wconf 91' lang='grc'><strong>133133</strong></span> <span class='ocrx_word' id='word_1_413' title='bbox 1125 3887 1160 3947; x_wconf 90' lang='grc'><strong>13</strong></span> <span class='ocrx_word' id='word_1_414' title='bbox 1175 3886 1311 3947; x_wconf 88' lang='lat' dir='ltr'>servitio</span> <span class='ocrx_word' id='word_1_415' title='bbox 1330 3888 1413 3963; x_wconf 90' lang='lat' dir='ltr'>ejus,</span> <span class='ocrx_word' id='word_1_416' title='bbox 1435 3886 1621 3962; x_wconf 84' lang='lat' dir='ltr'>equitantes</span> <span class='ocrx_word' id='word_1_417' title='bbox 1644 3900 1720 3946; x_wconf 91' lang='lat' dir='ltr'><strong>cum</strong></span> <span class='ocrx_word' id='word_1_418' title='bbox 1741 3900 1792 3957; x_wconf 92' lang='grc'><strong>33,</strong></span> 
     </span>
     <span class='ocr_line' id='line_1_70' title="bbox 1000 3981 1797 4061; baseline -0.003 -16"><span class='ocrx_word' id='word_1_419' title='bbox 1000 3983 1195 4061; x_wconf 87' lang='lat' dir='ltr'>praebendas</span> <span class='ocrx_word' id='word_1_420' title='bbox 1235 3984 1268 4046; x_wconf 92' lang='lat' dir='ltr'><strong>et</strong></span> <span class='ocrx_word' id='word_1_421' title='bbox 1302 3981 1551 4045; x_wconf 89' lang='lat' dir='ltr'>distributiones</span> <span class='ocrx_word' id='word_1_422' title='bbox 1584 3981 1797 4060; x_wconf 86' lang='lat' dir='ltr'>quotidianas</span> 
     </span>
     <span class='ocr_line' id='line_1_71' title="bbox 1001 4079 1798 4160; baseline -0.004 -16"><span class='ocrx_word' id='word_1_423' title='bbox 1001 4081 1186 4160; x_wconf 88' lang='lat' dir='ltr'>percipiant</span> <span class='ocrx_word' id='word_1_424' title='bbox 1206 4097 1246 4143; x_wconf 89' lang='lat' dir='ltr'><strong>ac</strong></span> <span class='ocrx_word' id='word_1_425' title='bbox 1273 4082 1303 4141; x_wconf 91' lang='lat' dir='ltr'><strong>si</strong></span> <span class='ocrx_word' id='word_1_426' title='bbox 1331 4082 1442 4142; x_wconf 89' lang='lat' dir='ltr'>essent</span> <span class='ocrx_word' id='word_1_427' title='bbox 1458 4081 1494 4141; x_wconf 92' lang='grc'><strong>13</strong></span> <span class='ocrx_word' id='word_1_428' title='bbox 1516 4082 1629 4142; x_wconf 86' lang='lat' dir='ltr'>vestra</span> <span class='ocrx_word' id='word_1_429' title='bbox 1654 4079 1798 4142; x_wconf 89' lang='lat' dir='ltr'>ecclesia</span> 
     </span>
     <span class='ocr_line' id='line_1_72' title="bbox 1000 4177 1796 4250; baseline -0.003 -9"><span class='ocrx_word' id='word_1_430' title='bbox 1000 4179 1195 4249; x_wconf 88' lang='lat' dir='ltr'>residentes,</span> <span class='ocrx_word' id='word_1_431' title='bbox 1211 4178 1253 4240; x_wconf 89' lang='lat' dir='ltr'><strong>ab</strong></span> <span class='ocrx_word' id='word_1_432' title='bbox 1269 4178 1384 4240; x_wconf 91' lang='lat' dir='ltr'>eadem</span> <span class='ocrx_word' id='word_1_433' title='bbox 1405 4177 1547 4239; x_wconf 89' lang='lat' dir='ltr'>ecclesia</span> <span class='ocrx_word' id='word_1_434' title='bbox 1560 4193 1596 4240; x_wconf 91' lang='grc'><strong>33</strong></span> <span class='ocrx_word' id='word_1_435' title='bbox 1608 4177 1796 4250; x_wconf 86' lang='lat' dir='ltr'>absentant,</span> 
     </span>
     <span class='ocr_line' id='line_1_73' title="bbox 1001 4275 1797 4356; baseline -0.005 -17"><span class='ocrx_word' id='word_1_436' title='bbox 1001 4276 1231 4356; x_wconf 87' lang='lat' dir='ltr'>propterquod</span> <span class='ocrx_word' id='word_1_437' title='bbox 1241 4275 1395 4339; x_wconf 90' lang='lat' dir='ltr'>intervos</span> <span class='ocrx_word' id='word_1_438' title='bbox 1406 4275 1797 4352; x_wconf 89' lang='lat' dir='ltr'>scandalumgeneratur,</span> 
     </span>
     <span class='ocr_line' id='line_1_74' title="bbox 1002 4372 1797 4451; baseline -0.005 -15"><span class='ocrx_word' id='word_1_439' title='bbox 1002 4375 1035 4436; x_wconf 92' lang='lat' dir='ltr'><strong>et</strong></span> <span class='ocrx_word' id='word_1_440' title='bbox 1045 4375 1185 4436; x_wconf 91' lang='lat' dir='ltr'>ecclesia</span> <span class='ocrx_word' id='word_1_441' title='bbox 1196 4375 1317 4447; x_wconf 90' lang='lat' dir='ltr'>vestra,</span> <span class='ocrx_word' id='word_1_442' title='bbox 1332 4374 1441 4435; x_wconf 90' lang='lat' dir='ltr'>tamin</span> <span class='ocrx_word' id='word_1_443' title='bbox 1451 4372 1690 4451; x_wconf 88' lang='lat' dir='ltr'>temporalibus</span> <span class='ocrx_word' id='word_1_444' title='bbox 1699 4388 1797 4450; x_wconf 87' lang='lat' dir='ltr'>quam</span> 
     </span>
     <span class='ocr_line' id='line_1_75' title="bbox 1002 4468 1799 4549; baseline -0.006 -16"><span class='ocrx_word' id='word_1_445' title='bbox 1002 4471 1242 4549; x_wconf 86' lang='lat' dir='ltr'>spiritualibus,</span> <span class='ocrx_word' id='word_1_446' title='bbox 1259 4487 1361 4547; x_wconf 88' lang='lat' dir='ltr'>grave</span> <span class='ocrx_word' id='word_1_447' title='bbox 1380 4472 1487 4548; x_wconf 89' lang='lat' dir='ltr'>potest</span> <span class='ocrx_word' id='word_1_448' title='bbox 1503 4471 1675 4533; x_wconf 86' lang='lat' dir='ltr'>incurrere</span> <span class='ocrx_word' id='word_1_449' title='bbox 1694 4468 1799 4529; x_wconf 91' lang='lat' dir='ltr'>detri-</span> 
     </span>
     <span class='ocr_line' id='line_1_76' title="bbox 1002 4565 1801 4644; baseline -0.008 -13"><span class='ocrx_word' id='word_1_450' title='bbox 1002 4568 1622 4644; x_wconf 78' lang='lat' dir='ltr'>mentum2volentessicindulgentiam</span> <span class='ocrx_word' id='word_1_451' title='bbox 1631 4565 1801 4627; x_wconf 89' lang='lat' dir='ltr'>moderari</span> 
     </span>
     <span class='ocr_line' id='line_1_77' title="bbox 1003 4662 1798 4744; baseline -0.004 -17"><span class='ocrx_word' id='word_1_452' title='bbox 1003 4667 1194 4744; x_wconf 83' lang='lat' dir='ltr'>praedictam</span> <span class='ocrx_word' id='word_1_453' title='bbox 1210 4665 1296 4743; x_wconf 83' lang='lat' dir='ltr'>quod</span> <span class='ocrx_word' id='word_1_454' title='bbox 1319 4665 1494 4743; x_wconf 90' lang='lat' dir='ltr'>episcopus</span> <span class='ocrx_word' id='word_1_455' title='bbox 1513 4662 1656 4725; x_wconf 83' lang='lat' dir='ltr'>fructum</span> <span class='ocrx_word' id='word_1_456' title='bbox 1675 4662 1798 4724; x_wconf 92' lang='lat' dir='ltr'>sentiat</span> 
     </span>
     <span class='ocr_line' id='line_1_78' title="bbox 1003 4758 1796 4838; baseline -0.01 -11"><span class='ocrx_word' id='word_1_457' title='bbox 1003 4781 1046 4827; x_wconf 86' lang='grc'><strong>33</strong></span> <span class='ocrx_word' id='word_1_458' title='bbox 1061 4762 1176 4825; x_wconf 89' lang='grc'><strong>33133</strong></span> <span class='ocrx_word' id='word_1_459' title='bbox 1188 4764 1221 4825; x_wconf 90' lang='grc'><strong>31</strong></span> <span class='ocrx_word' id='word_1_460' title='bbox 1232 4762 1374 4824; x_wconf 87' lang='grc'><strong>33313313</strong></span> <span class='ocrx_word' id='word_1_461' title='bbox 1389 4761 1559 4838; x_wconf 89' lang='lat' dir='ltr'>praedicta,</span> <span class='ocrx_word' id='word_1_462' title='bbox 1572 4776 1632 4838; x_wconf 91' lang='lat' dir='ltr'><strong>per</strong></span> <span class='ocrx_word' id='word_1_463' title='bbox 1643 4758 1796 4832; x_wconf 92' lang='lat' dir='ltr'>abusum,</span> 
     </span>
     <span class='ocr_line' id='line_1_79' title="bbox 1003 4857 1797 4939; baseline -0.005 -16"><span class='ocrx_word' id='word_1_464' title='bbox 1003 4876 1104 4939; x_wconf 90' lang='lat' dir='ltr'>grave</span> <span class='ocrx_word' id='word_1_465' title='bbox 1113 4859 1320 4938; x_wconf 90' lang='lat' dir='ltr'>dispendium</span> <span class='ocrx_word' id='word_1_466' title='bbox 1331 4874 1397 4921; x_wconf 91' lang='lat' dir='ltr'><strong>non</strong></span> <span class='ocrx_word' id='word_1_467' title='bbox 1408 4859 1567 4931; x_wconf 89' lang='lat' dir='ltr'>incurrat,</span> <span class='ocrx_word' id='word_1_468' title='bbox 1582 4857 1797 4935; x_wconf 88' lang='lat' dir='ltr'>praesentium</span> 
     </span>
     <span class='ocr_line' id='line_1_80' title="bbox 1004 4956 1802 5034; baseline -0.008 -12"><span class='ocrx_word' id='word_1_469' title='bbox 1004 4959 1201 5022; x_wconf 88' lang='lat' dir='ltr'>auctoritate</span> <span class='ocrx_word' id='word_1_470' title='bbox 1219 4957 1428 5019; x_wconf 86' lang='lat' dir='ltr'>decrevimus</span> <span class='ocrx_word' id='word_1_471' title='bbox 1445 4957 1482 5019; x_wconf 90' lang='lat' dir='ltr'><strong>ut</strong></span> <span class='ocrx_word' id='word_1_472' title='bbox 1501 4956 1702 5034; x_wconf 87' lang='lat' dir='ltr'>ultraquam</span> <span class='ocrx_word' id='word_1_473' title='bbox 1718 4956 1802 5017; x_wconf 90' lang='lat' dir='ltr'>duo-</span> 
     </span>
     <span class='ocr_line' id='line_1_81' title="bbox 1004 5053 1799 5132; baseline -0.008 -13"><span class='ocrx_word' id='word_1_474' title='bbox 1004 5057 1065 5120; x_wconf 91' lang='lat' dir='ltr'><strong>bus</strong></span> <span class='ocrx_word' id='word_1_475' title='bbox 1093 5055 1263 5118; x_wconf 87' lang='lat' dir='ltr'>canonicis</span> <span class='ocrx_word' id='word_1_476' title='bbox 1286 5054 1423 5127; x_wconf 89' lang='lat' dir='ltr'>vestris,</span> <span class='ocrx_word' id='word_1_477' title='bbox 1448 5054 1484 5116; x_wconf 93' lang='lat' dir='ltr'>in</span> <span class='ocrx_word' id='word_1_478' title='bbox 1509 5053 1672 5132; x_wconf 83' lang='lat' dir='ltr'>obsequio.</span> <span class='ocrx_word' id='word_1_479' title='bbox 1693 5053 1799 5129; x_wconf 86' lang='lat' dir='ltr'>ipsius</span> 
     </span>
     <span class='ocr_line' id='line_1_82' title="bbox 1005 5150 1796 5232; baseline -0.008 -16"><span class='ocrx_word' id='word_1_480' title='bbox 1005 5153 1163 5232; x_wconf 90' lang='lat' dir='ltr'>episcopi,</span> <span class='ocrx_word' id='word_1_481' title='bbox 1179 5169 1222 5215; x_wconf 88' lang='grc'><strong>33</strong></span> <span class='ocrx_word' id='word_1_482' title='bbox 1241 5168 1343 5215; x_wconf 86' lang='grc'><strong>33333</strong></span> <span class='ocrx_word' id='word_1_483' title='bbox 1359 5152 1549 5214; x_wconf 88' lang='grc'><strong>3333333313</strong></span> <span class='ocrx_word' id='word_1_484' title='bbox 1566 5150 1796 5221; x_wconf 84' lang='lat' dir='ltr'>existentibus,</span> 
     </span>
     <span class='ocr_line' id='line_1_83' title="bbox 1005 5249 1801 5331; baseline -0.009 -17"><span class='ocrx_word' id='word_1_485' title='bbox 1005 5252 1200 5331; x_wconf 81' lang='lat' dir='ltr'>praebendas</span> <span class='ocrx_word' id='word_1_486' title='bbox 1214 5251 1248 5314; x_wconf 90' lang='lat' dir='ltr'><strong>et</strong></span> <span class='ocrx_word' id='word_1_487' title='bbox 1270 5250 1519 5313; x_wconf 89' lang='lat' dir='ltr'>distributiones</span> <span class='ocrx_word' id='word_1_488' title='bbox 1538 5249 1801 5329; x_wconf 74' lang='lat' dir='ltr'>praedicasses</span> 
     </span>
     <span class='ocr_line' id='line_1_84' title="bbox 1005 5345 1801 5422; baseline -0.009 -10"><span class='ocrx_word' id='word_1_489' title='bbox 1005 5349 1186 5413; x_wconf 90' lang='lat' dir='ltr'>teneamini</span> <span class='ocrx_word' id='word_1_490' title='bbox 1210 5349 1411 5413; x_wconf 88' lang='lat' dir='ltr'>ministrare.</span> <span class='ocrx_word' id='word_1_491' title='bbox 1432 5348 1525 5409; x_wconf 92' lang='lat' dir='ltr'>Nulli</span> <span class='ocrx_word' id='word_1_492' title='bbox 1546 5363 1664 5422; x_wconf 87' lang='lat' dir='ltr'>ergo...</span> <span class='ocrx_word' id='word_1_493' title='bbox 1681 5345 1801 5408; x_wconf 91' lang='lat' dir='ltr'>Datum</span> 
     </span>
     <span class='ocr_line' id='line_1_85' title="bbox 1006 5443 1803 5522; baseline -0.009 -11"><span class='ocrx_word' id='word_1_494' title='bbox 1006 5448 1174 5521; x_wconf 87' lang='lat' dir='ltr'>Laterani,</span> <span class='ocrx_word' id='word_1_495' title='bbox 1194 5449 1240 5509; x_wconf 93' lang='lat' dir='ltr'><strong>lll</strong></span> <span class='ocrx_word' id='word_1_496' title='bbox 1259 5463 1365 5509; x_wconf 90' lang='lat' dir='ltr'>nonas</span> <span class='ocrx_word' id='word_1_497' title='bbox 1377 5445 1577 5519; x_wconf 90' lang='lat' dir='ltr'>novembris,</span> <span class='ocrx_word' id='word_1_498' title='bbox 1591 5443 1803 5522; x_wconf 82' lang='lat' dir='ltr'>pontificatus</span> 
     </span>
     <span class='ocr_line' id='line_1_86' title="bbox 1007 5546 1348 5624; baseline -0.006 -17"><span class='ocrx_word' id='word_1_499' title='bbox 1007 5547 1212 5609; x_wconf 90' lang='lat' dir='ltr'>nostrianno</span> <span class='ocrx_word' id='word_1_500' title='bbox 1230 5546 1348 5624; x_wconf 89' lang='lat' dir='ltr'>primo.</span> 
     </span>
    </p>
   </div>
   <div class='ocr_carea' id='block_1_24' title="bbox 0 0 1982 6196">
    <p class='ocr_par' dir='ltr' id='par_1_27' title="bbox 0 0 1982 6196">
     <span class='ocr_line' id='line_1_87' title="bbox 0 0 1982 6196; baseline 0 0"><span class='ocrx_word' id='word_1_501' title='bbox 0 0 1982 6196; x_wconf 95' lang='lat' dir='ltr'><strong> </strong></span> 
     </span>
    </p>
   </div>
  </div>
 </body>
</html>
