3980 6206
214 377 274 447 719

214 539 347 615 opponi.
373 538 442 603 Nos
458 538 567 615 itaque
584 552 622 601 ea
647 555 719 615 quae
739 536 780 598 ad
805 552 918 615 pacem
936 537 1011 600 sunt

213 636 395 713 cupientes,
405 635 483 696 huic
496 635 735 712 compromisso
745 651 918 697 assensum
929 649 1011 712 prae·

211 732 337 806 bentes,
364 734 443 794 iilud
468 733 529 794 sub
551 734 724 810 praesentis
748 734 878 811 paginae
905 735 938 794 et
962 732 1010 791 si-

210 833 283 909 gilli
304 832 408 895 nostri
433 832 621 893 testimonio
648 832 802 895 duximus
836 829 1006 901 roborare,

211 934 320 994 ratum
339 932 371 992 et
391 931 625 992 inconcussum
638 930 673 990 in
694 931 888 1008 perpetuum
908 927 1008 990 habi-

210 1030 281 1090 tum
297 1028 456 1107 quidquid
476 1045 520 1090 ex
536 1044 575 1090 eo
599 1028 661 1090 fuit
676 1029 873 1090 ordinatum.
891 1026 1007 1088 Actum

209 1141 323 1187 mense
345 1125 541 1203 septembris
569 1142 657 1190 anno
677 1125 922 1190 incarnationis
937 1125 1006 1185 Do-

211 1224 342 1285 minicas
359 1225 500 1286 Mddxl.

249 1322 1004 1397 nectereeepartenctrssaouoren.episcopi.

211 1420 400 1482 willelmus
414 1421 474 1482 Dei
492 1420 602 1497 gratia
623 1418 886 1485 Autissiodoren.
913 1416 1006 1494 epis-

210 1534 324 1595 copus,
339 1517 491 1580 omnibus
505 1518 687 1595 praesentes
703 1517 831 1578 litteras
843 1517 1007 1592 inspectu·

209 1617 257 1678 ris
272 1618 307 1677 in
329 1616 468 1678 Domino
493 1615 644 1681 salutem.
672 1614 835 1677 Noverint
858 1612 1004 1675 universi

210 1715 296 1791 quod
312 1729 387 1777 cum
401 1715 488 1776 inter
502 1730 562 1775 nos
578 1729 621 1779 ex
636 1730 701 1774 una
712 1713 857 1791 parte,et
870 1727 1005 1773 venera·

208 1812 308 1873 bilem
323 1813 450 1890 patrem
464 1812 655 1877 Gualternm
673 1811 795 1871 Eduen.
813 1810 1004 1889 episcopum

208 1911 379 1981 exaltare,
394 1909 636 1986 supercapella
659 1909 699 1969 de
720 1907 889 1969 Bethleem
917 1906 1003 1984 apud

209 2005 444 2069 Clametiacum
470 2011 502 2069 et
531 2010 607 2084 jure
638 2005 824 2084 parochiali
855 2005 1003 2083 ejusdem

209 2104 306 2180 burgi
328 2120 477 2165 coram...
495 2104 641 2175 cantore,
665 2102 953 2179 archipresbitero
971 2104 1004 2163 et

209 2202 370 2278 magistro
401 2201 602 2265 Bonoamico
631 2216 792 2264 canonrco
821 2200 1001 2261 Bituricae.

209 2300 406 2362 auctoritate
427 2298 615 2376 apostolica
638 2298 777 2375 quaestio
802 2298 1000 2371 verteretur,

207 2397 341 2461 tandem
363 2396 584 2458 mediantibus
607 2395 689 2457 viris
710 2395 817 2467 bonis,
835 2395 867 2457 et
881 2395 922 2457 ad
938 2412 1001 2474 pa·

208 2513 279 2558 cem
303 2494 590 2572 interponentibus
610 2496 722 2572 partes
746 2510 824 2555 suas
848 2493 881 2555 in
900 2510 1004 2555 vene-

206 2593 346 2655 rabilem
369 2595 413 2655 M.
432 2592 644 2655 Aurelianen.
664 2592 865 2671 episcopum,
884 2591 1003 2668 magis·

206 2697 294 2755 trum
320 2694 360 2755 H.
388 2690 650 2757 antissiodoren.
678 2691 886 2762 canonicum,
904 2704 1003 2767 super

207 2791 265 2854 illa
281 2789 507 2855 controversia
532 2788 594 2849 sub
612 2805 709 2867 poena
727 2790 858 2850 centum
878 2804 1003 2850 marca·

206 2906 279 2951 rum
291 2888 362 2967 pari
382 2888 460 2953 hinc
479 2887 556 2953 inde
573 2886 860 2964 compromisimus
883 2886 1004 2947 voiun-

207 2989 286 3059 tate,
303 2985 363 3051 suh
392 2985 455 3049 hac
484 2984 589 3046 torma
614 2985 700 3062 quod
729 2983 846 3046 arbitri
873 2984 936 3061 ipsi
962 2983 1002 3045 de

208 3085 307 3162 plano
318 3088 376 3162 jus
388 3084 559 3159 utriusque
577 3082 680 3159 partis
696 3082 876 3165 inquirent,
895 3083 927 3143 et
942 3098 1001 3143 nos

207 3182 405 3244 inconcusse
434 3178 641 3243 servabimus
669 3179 827 3256 quidquid
853 3180 928 3256 ipsi,
950 3180 1002 3240 vel

208 3278 383 3355 episcopus
397 3293 470 3340 cnm
486 3274 591 3336 altero
611 3274 850 3336 cuarbitrorum
866 3291 1001 3337 suorum

208 3374 342 3437 duxerit
378 3372 620 3445 arbitrandum,
649 3374 684 3435 et
720 3373 907 3439 condictum
935 3377 1000 3448 est,

208 3474 294 3551 quod
310 3472 444 3550 propter
458 3471 547 3533 tertii
564 3470 746 3533 absentiam
761 3488 826 3532 non
842 3472 1004 3551 impedio-

208 3574 273 3644 tur,
289 3571 370 3649 quin
385 3569 560 3647 episcopus
584 3586 657 3631 cum
673 3562 927 3643 coarbilro'suo,
946 3571 1002 3649 qui

208 3686 356 3751 praesens
368 3668 476 3739 luerit,
492 3666 658 3744 procedat.
670 3669 776 3743 Super
785 3684 882 3744 poena
893 3668 1003 3733 autem

210 3769 340 3830 centum
357 3781 543 3831 marcarum
556 3764 746 3845 repetenda,
764 3766 793 3825 si
806 3781 952 3832 essemus
967 3766 1002 3829 in

211 3866 352 3937 deiectu,
383 3862 480 3942 plene
502 3863 736 3941 supposuimus
763 3879 823 3923 nos
841 3863 1004 3941 jurisdic-

208 3964 293 4030 tioni
305 3962 451 4040 episcopi
467 3960 659 4039 supradicti,
676 3960 708 4022 et
724 3961 760 4021 ut
772 3963 878 4037 maJus
901 3960 1004 4027 robur

210 4062 357 4125 obtineat
371 4060 656 4136 compromissum,
672 4058 752 4119 iliud
768 4060 835 4119 tam
851 4075 910 4136 per
925 4076 1004 4123 nos-

208 4163 386 4237 trasquam
407 4156 545 4234 capituli
568 4156 674 4217 nostri
701 4155 829 4219 litteras
848 4156 1003 4218 duximus

209 4257 378 4325 roborare.
417 4253 556 4316 Durabit
586 4254 696 4331 autem
729 4254 1002 4331 compromissum

209 4356 297 4418 istud
319 4351 479 4431 usquead
495 4351 613 4412 testum
629 4351 777 4411 omniurn
794 4353 1001 4422 Sanctorum,

208 4453 274 4519 nisi
294 4453 334 4515 do
354 4447 520 4512 communi
540 4463 704 4508 consensu
733 4447 876 4524 partium
905 4447 1004 4510 suerit

208 4548 421 4635 prorogatum
441 4548 473 4609 et
491 4547 637 4617 extunc,
652 4544 681 4606 si
703 4562 769 4606 non
793 4562 828 4607 es
848 4546 880 4608 et
903 4562 1003 4608 causa

207 4651 349 4713 arbitros
361 4645 585 4714 terminatum,
601 4659 661 4705 nos
676 4643 717 4704 ad
728 4642 860 4721 iudices
873 4644 1004 4706 nostros

208 4748 362 4826 superius
386 4744 574 4811 nominatos
597 4741 795 4809 haberemus
818 4758 1001 4814 recursum,

208 4849 240 4911 et
254 4848 341 4907 esset
352 4842 521 4920 nogotium
536 4839 643 4921 quoad
654 4839 783 4907 litteras
796 4839 1004 4919 apostolicas

207 4958 347 5024 quarum
362 4939 559 5005 alletoritate
574 4937 852 5003 conveniebamus
857 4941 928 5015 jam
939 4938 1004 4999 dic·

208 5044 279 5104 tum
293 5039 418 5105 Eduen.
435 5036 626 5113 episcopum
642 5037 674 5096 et
687 5034 794 5112 quoad
808 5035 919 5096 omnia
935 5036 1003 5099 tam

208 5136 315 5219 quoad
327 5152 398 5206 nos,
413 5150 511 5211 quam
526 5132 633 5214 quoad
646 5134 755 5214 ipsum
768 5133 803 5194 in
816 5149 855 5195 eo
871 5135 958 5195 statu
967 5134 1004 5194 in

208 5254 273 5317 quo
288 5236 362 5297 erat
373 5235 522 5309 ternpore
535 5230 928 5311 compromissi‘itaquod
937 5248 1003 5297 non

207 5335 319 5417 posset
329 5332 428 5409 buJus
440 5327 669 5407 compromissi
678 5327 841 5404 praetextu
852 5328 1002 5405 exceptio

207 5432 320 5508 aliqua
336 5428 486 5506 exparte
501 5426 607 5502 ipsius
630 5424 746 5486 contra
763 5440 825 5486 nos
848 5441 888 5487 ac
909 5425 1001 5488 litte-

205 5544 262 5592 ras
278 5523 555 5603 uostrasopponi.
582 5522 699 5587 Actum
725 5537 839 5583 mense
867 5522 1002 5599 augusti

206 5624 393 5778 Mictfflroe
410 5716 551 5790 capituti
568 5717 838 5777 Arcttsstodoren.
861 5717 1004 5794 Rayual-

838 375 1013 436 HONORli
1037 375 1081 434 Ill
1102 373 1249 435 OPERA.

1804 384 1865 440 720

1065 533 1125 596 dus
1147 532 1302 606 decanus,
1318 533 1351 595 et
1377 534 1569 597 universum
1596 538 1861 603 antissiodoren.

1064 630 1213 694 ecclesiae
1229 633 1411 709 capitulum
1425 632 1578 695 omnibus
1603 639 1787 713 praesentes
1801 639 1862 701 lit-

1062 731 1151 791 teras
1167 729 1366 806 inspecturis
1382 730 1416 790 in
1432 731 1571 792 Domino
1582 734 1735 795 salutem.
1752 738 1860 798 Nove

1063 828 1131 888 rint
1143 828 1290 888 universi
1301 826 1386 905 quod
1400 844 1474 889 cum
1485 829 1573 891 inter
1585 832 1797 895 venerabiles
1809 852 1864 912 pa·

1062 926 1130 986 tres
1143 926 1313 987 dominum
1322 927 1527 988 willelmum
1540 930 1862 994 Autissiodorensis

1063 1026 1284 1103 unaparte,et
1299 1024 1468 1086 Gallorum
1484 1026 1608 1088 Eduen.
1619 1030 1796 1106 episcopos
1820 1048 1863 1092 er

1062 1121 1178 1196 altera,
1195 1122 1323 1200 capella
1339 1123 1379 1184 de
1392 1124 1561 1186 Bethleem
1574 1126 1660 1202 apud
1678 1128 1861 1190 Clametia-

1062 1232 1136 1282 cum
1150 1221 1182 1283 ot
1199 1223 1276 1298 jure
1302 1221 1486 1298 parochiali
1507 1223 1655 1300 ejusdem
1677 1224 1778 1301 burgi
1801 1243 1861 1287 co-

1060 1333 1169 1379 ram...
1186 1318 1358 1391 cantore„
1375 1319 1674 1397 archipresbytero
1682 1324 1716 1385 et
1731 1324 1861 1399 magis-

1060 1415 1112 1476 tro
1125 1415 1325 1478 Bonoamico
1342 1418 1502 1479 canonico
1517 1418 1699 1479 Bituricen.
1716 1421 1860 1482 auctori·

1060 1514 1128 1575 tate
1143 1513 1331 1590 apostolica
1347 1515 1485 1592 quaestio
1504 1518 1703 1590 verteretur,
1724 1518 1859 1580 tandem

1061 1610 1282 1673 mediantibus
1294 1613 1377 1673 viris
1390 1612 1496 1686 bonis,
1514 1614 1600 1675 etad
1615 1631 1733 1692 pacem
1760 1617 1860 1678 inter·

1060 1709 1270 1785 ponentibus,
1306 1711 1416 1787 partes
1445 1726 1522 1787 suas
1558 1710 1591 1773 in
1630 1713 1857 1776 venerabilem

1061 1808 1187 1882 patrem
1212 1810 1389 1869 Manassen
1413 1810 1629 1870 aurelianen.
1664 1811 1858 1890 episcopum

1059 1906 1091 1967 et
1113 1906 1307 1981 magistrum
1327 1906 1507 1968 Bituricen.
1525 1908 1800 1970 archidiaconum
1825 1914 1857 1973 et

1058 2003 1287 2065 Humbaudum
1302 2005 1565 2067 Autissiodoreu.
1581 2008 1781 2069 canonicum
1794 2026 1857 2069 su-

1059 2117 1117 2177 per
1131 2101 1189 2162 illa
1204 2103 1431 2163 controversia
1447 2102 1507 2164 sub
1519 2119 1617 2181 poena
1628 2106 1763 2167 centum
1775 2122 1859 2167 mar·

1058 2216 1171 2260 carum
1184 2200 1257 2277 pari
1270 2200 1439 2262 voluntate
1454 2203 1755 2279 compromiserunt
1780 2204 1858 2265 hinc

1040 2297 1134 2375 ‚inde
1157 2297 1216 2359 sub
1238 2297 1298 2359 tali
1320 2297 1437 2370 forma,
1464 2298 1551 2377 quod
1576 2300 1694 2361 arbitri
1720 2301 1787 2377 ipsi
1817 2303 1858 2364 de

1058 2395 1157 2473 plano
1181 2399 1238 2474 tus
1267 2396 1440 2475 utriusque
1473 2398 1576 2474 partis
1604 2399 1788 2477 inquirent,
1827 2404 1859 2462 et

1057 2510 1134 2571 pars
1151 2495 1289 2573 utraque
1309 2495 1506 2557 inconcusse
1527 2496 1673 2558 servabit
1696 2498 1855 2576 quidquid

1057 2591 1175 2653 arbitri
1189 2592 1265 2670 ipsi,
1282 2592 1334 2653 vel
1350 2593 1524 2672 episcopus
1539 2610 1613 2655 curn
1626 2596 1733 2657 altero
1754 2613 1855 2658 coar-

1057 2689 1218 2753 bitrorum
1234 2707 1370 2752 suorum
1391 2690 1524 2753 duxerit
1547 2692 1795 2770 arbitrandum
1823 2698 1855 2757 et

1058 2789 1244 2850 condictum
1265 2778 1428 2866 estquod
1458 2792 1592 2867 propter
1615 2792 1703 2852 tertii
1728 2792 1856 2854 absen-

1057 2886 1137 2947 tiam
1162 2903 1228 2947 non
1257 2886 1456 2964 impedietur
1477 2889 1555 2965 quin
1581 2889 1758 2967 episcopus
1780 2908 1854 2951 cum

1057 2982 1223 3045 coarbitro
1237 2999 1308 3052 suo,
1326 2984 1382 3063 qui
1396 2984 1496 3047 luerit
1508 3003 1665 3063 praesens,
1683 2988 1856 3065 procedat.

1059 3085 1164 3159 Super
1183 3098 1280 3159 poena
1300 3086 1411 3144 autem
1432 3084 1563 3147 centum
1586 3100 1777 3146 marearum
1802 3102 1858 3147 ar-

1056 3179 1146 3255 genti
1158 3178 1348 3257 repetenda,
1364 3181 1391 3242 si
1405 3181 1579 3258 episcopus
1593 3184 1709 3243 noster
1721 3188 1814 3246 esset
1824 3185 1857 3245 in

1057 3277 1196 3348 delectu,
1212 3277 1384 3354 supposuit
1405 3295 1440 3339 se
1457 3279 1544 3338 idern
1558 3280 1735 3357 episcopus
1760 3282 1856 3359 plene

1054 3374 1283 3451 jurisdictioni
1297 3374 1376 3437 dicti
1385 3375 1598 3437 aurelianen.
1611 3376 1761 3456 episcopi
1772 3396 1860 3441 coer

1057 3472 1209 3544 cendum,
1223 3477 1256 3534 et
1267 3474 1301 3533 ut
1314 3475 1421 3550 majus
1436 3473 1537 3534 robur
1550 3474 1699 3538 obtineat
1708 3493 1857 3555 compro

1057 3570 1858 3649 missum,dominusnosterepiscopusilluddurit

1058 3684 1116 3744 per
1127 3670 1245 3728 suaset
1255 3668 1386 3728 nostras
1400 3666 1528 3730 litteras
1538 3668 1708 3732 roborare.
1719 3673 1857 3735 Durabit

1057 3768 1167 3829 autem
1179 3765 1451 3842 compromissum
1459 3766 1547 3828 istud
1559 3783 1663 3845 usque
1676 3769 1719 3828 ad
1738 3769 1857 3832 festum

1058 3863 1204 3924 omniurn
1220 3863 1426 3935 Sanctorum,
1445 3865 1510 3924 nisi
1525 3864 1566 3925 de
1585 3868 1756 3927 communi
1778 3885 1858 3929 con-

1058 3977 1159 4025 sensu
1174 3960 1315 4037 partium
1339 3960 1438 4022 suerit
1460 3961 1599 4023 ulterius
1622 3969 1855 4041 prorogatum3

1058 4076 1101 4121 ex
1113 4058 1191 4121 tunc
1212 4058 1240 4118 si
1252 4074 1317 4119 non
1333 4063 1421 4119 esset
1433 4075 1534 4119 causa
1550 4075 1610 4136 per
1621 4060 1770 4124 arbitros
1784 4066 1854 4126 ter-

1059 4156 1194 4227 minata,
1212 4155 1364 4216 dominus
1377 4156 1637 4219 antissiodoren.
1663 4159 1853 4237 adjudices

1058 4270 1135 4314 suos
1146 4253 1299 4333 superius
1314 4254 1500 4315 nominatos
1516 4254 1654 4316 haberet
1669 4271 1856 4330 recursum,

1059 4353 1091 4412 et
1110 4352 1199 4412 esset
1222 4350 1390 4425 negotium
1412 4351 1519 4431 quoad
1540 4351 1669 4414 litteras
1684 4356 1857 4431 Apostoli-

1059 4465 1126 4521 cas,
1137 4451 1276 4526 quarum
1288 4447 1485 4509 auctoritate
1498 4451 1695 4513 convenitur
1703 4451 1858 4514 dominus

1060 4546 1181 4606 liduen.
1216 4545 1407 4622 epIscopus,
1438 4546 1470 4607 et
1498 4547 1606 4623 quoad
1640 4550 1755 4611 omnia
1792 4554 1857 4613 tam

1059 4642 1166 4721 quoad
1190 4642 1384 4720 praedictum
1410 4642 1580 4704 dominum
1601 4644 1741 4719 neuen,
1761 4665 1857 4725 qnam

1059 4740 1165 4819 quoad
1181 4740 1350 4801 domiuum
1366 4741 1629 4802 antissiodoren.
1643 4743 1679 4803 in
1693 4759 1735 4806 eo
1757 4747 1855 4817 statu,

1059 4840 1093 4899 in
1108 4855 1172 4921 qno
1185 4838 1257 4899 erat
1270 4839 1417 4915 tempore
1432 4840 1673 4915 compromissi,
1691 4841 1740 4903 ita
1770 4843 1856 4921 quod

1058 4953 1124 5001 non
1153 4936 1273 5013 poterit
1304 4935 1405 5012 hujus
1435 4937 1665 5013 compromissi
1693 4942 1857 5016 praetextu

1058 5033 1209 5111 exceptio
1234 5031 1345 5110 aliqua
1362 5033 1476 5093 contra
1493 5033 1663 5095 dominum
1689 5039 1856 5100 Autissio-

1058 5131 1184 5203 doren„
1207 5131 1260 5192 vel
1287 5129 1415 5192 litteras
1442 5130 1618 5209 praedictas
1643 5133 1685 5194 ab
1714 5135 1855 5196 adversa

1057 5230 1151 5307 parte
1167 5227 1382 5311 opponi.'Nos
1395 5228 1506 5304 itaque
1519 5244 1558 5289 ea
1574 5245 1649 5307 quae
1672 5231 1714 5292 ad
1740 5250 1855 5310 pacem

1058 5327 1133 5388 suni
1160 5326 1341 5410 cupientes,
1366 5325 1442 5386 huic
1464 5327 1703 5404 compromisso
1736 5347 1855 5393 assen-

1058 5441 1129 5483 sum
1141 5420 1336 5499 praebentes,
1352 5422 1434 5483 illud
1448 5423 1509 5484 sub
1529 5426 1705 5500 praesentis
1721 5430 1855 5504 paginae

1057 5508 1090 5582 e't
1109 5520 1211 5597 sigilli
1235 5521 1341 5581 nostri
1364 5521 1556 5582 testimonio
1579 5522 1737 5584 duximus
1758 5526 1858 5587 mbo·

964 5650 973 5663 ·
1058 5635 1144 5691 rare,
1161 5618 1269 5680 ratum
1289 5620 1321 5680 et
1339 5619 1570 5679 inconcussum
1594 5620 1630 5681 in
1654 5627 1853 5699 perpetuum

1058 5716 1203 5779 habituri
1218 5715 1374 5797 quidquid
1390 5731 1432 5778 ex
1448 5717 1497 5777 eis
1524 5714 1623 5783 luent
1652 5718 1852 5783 ordinatum.
