3958 6204
176 307 240 371 eso
636 309 820 372 uouomr
842 311 887 371 ιιι
909 310 1058 371 orsas.
1074 339 1115 355 -
1129 285 1364 409 sssuouss.
1771 316 1834 377 alo

175 480 316 529 sessum
330 469 481 539 Domui,
497 468 558 530 cult
575 472 652 543 quis
664 471 884 532 consiliarius
902 472 978 543 ejus
1031 471 1247 548 Evangelium
1264 495 1272 536 z
1288 472 1501 551 «Postquam
1514 474 1734 537 consummati
1754 477 1845 543 sunt.

176 565 244 640 licit
259 562 368 643 (Rom.
391 582 438 637 ιιι,
454 565 530 645 33))
551 567 719 645 Disposuit
733 568 822 629 enim
836 567 976 630 altitudo
1031 568 1102 631 dies
1126 570 1210 643 octo,
1231 572 1267 634 ut
1286 570 1581 634 circumcideretur
1600 587 1694 648 puer,
1723 589 1832 635 voca-

177 663 323 725 coelestis
353 664 502 736 consilii,
533 666 569 725 ut
596 664 683 727 sicut
709 681 770 743 per
803 666 976 727 mulierem
1029 665 1099 727 tum
1113 670 1165 730 est
1180 685 1300 731 nomen
1316 672 1388 747 eJus
1402 672 1572 732 lesus...»
1595 672 1641 731 De
1657 671 1830 732 secunda:

178 776 267 821 mors
287 760 425 822 intravit
449 762 482 822 in
505 762 629 835 orbem,
655 763 701 825 ita
721 779 781 840 per
801 765 975 826 mulierem
1030 766 1184 828 «Factus
1197 769 1248 828 est
1267 767 1369 828 sudor
1383 770 1456 845 ejus
1475 768 1562 830 sicut
1575 769 1676 844 guttae
1691 771 1833 845 sangui-

176 858 246 922 vita
266 858 392 923 rediret
412 858 453 919 ad
470 859 594 933 orbem,
613 863 649 924 ut
671 861 860 923 undemors
882 862 974 924 orie-
1030 863 1083 923 nis
1118 863 1325 926 decurrentis
1357 866 1395 926 in
1423 866 1559 927 terram.
1580 883 1599 927 a
1620 868 1667 929 De
1698 867 1830 929 tertia:

175 954 283 1028 hatur,
298 956 376 1018 inde
388 957 456 1018 vita
469 960 669 1035 resurgeret.
687 959 813 1021 Idcirco
825 960 975 1023 Christus
1030 978 1048 1020 «
1062 963 1176 1023 lesum
1186 977 1266 1024 vero
1279 962 1482 1039 flagellatum
1493 963 1631 1025 tradidit
1640 964 1690 1025 eis
1703 966 1740 1027 ut
1750 981 1833 1027 cru-

175 1055 506 1131 assumpsitcarnem
526 1056 566 1118 de
588 1058 737 1134 Virgine,
763 1058 800 1122 ut
822 1074 882 1135 per
900 1073 977 1119 car-
1030 1058 1231 1134 ciilgeretur.
1248 1063 1455 1139 ›Dequarta
1471 1083 1479 1121 :
1493 1063 1698 1139 «Postquam
1713 1063 1831 1125 cruci-

175 1152 228 1212 nis
243 1153 547 1231 concupiscentiam
564 1155 735 1231 peccatum
751 1155 973 1228 contraheret,
1030 1155 1174 1219 fixerunt
1201 1175 1293 1231 eum,
1321 1159 1508 1221 diviserunt
1537 1158 1601 1220 sibi
1628 1160 1830 1223 vestimenta

175 1249 261 1326 quod
272 1265 332 1327 per
344 1251 455 1312 carnis
468 1252 664 1317 munditiam
679 1252 818 1317 debehat
830 1252 973 1314 auterre.
1030 1269 1101 1315 sua.
1122 1271 1141 1315 a
1160 1257 1207 1316 De
1225 1256 1368 1333 quinta:
1393 1274 1412 1317 ‹
1432 1260 1525 1319 Unus
1545 1257 1687 1319 militum
1710 1257 1829 1320 lancea

176 1347 292 1409 Unde:
309 1352 394 1411 Cum
416 1351 506 1412 esset
528 1351 734 1426 despumato
754 1352 871 1413 Mater
892 1354 977 1413 lesu
1029 1350 1117 1412 latus
1149 1354 1221 1430 ejus
1254 1354 1396 1430 aperuit,
1428 1355 1462 1417 et
1490 1354 1596 1416 exivit
1625 1354 1762 1431 sanguis
1794 1358 1831 1418 et

174 1448 293 1507 Morio
327 1448 468 1523 Josepli,
503 1450 690 1522 autequam
728 1449 972 1520 convenirent,
1029 1465 1127 1526 aqua.
1140 1466 1159 1510 s
1172 1450 1312 1527 Aperuit
1327 1451 1441 1530 utique
1455 1453 1493 1514 ut
1514 1452 1708 1514 thesaurum
1723 1452 1832 1514 effun-

175 1545 318 1607 tnoeotc
343 1546 396 1609 ost
422 1549 459 1611 io
492 1547 593 1609 atero
620 1549 747 1609 ueiens
769 1549 811 1608 de
840 1548 976 1621 Spiritu
1029 1546 1123 1609 deret
1134 1549 1327 1625 pretiosum.
1343 1552 1437 1628 Aqua
1449 1550 1484 1611 in
1499 1549 1598 1628 hujus
1611 1565 1699 1612 arcae
1719 1551 1831 1612 latere

175 1644 301 1705 Sancto
328 1642 459 1722 (Matth.
486 1659 514 1716 1,
543 1642 608 1722 18).
643 1645 778 1705 caeteras
810 1644 973 1722 siquidem
1028 1644 1129 1706 totius
1148 1645 1262 1707 mundi
1274 1647 1416 1723 pretium
1432 1648 1506 1709 erat
1519 1640 1699 1711 inclusum}
1712 1649 1851 1733 Prima,

173 1739 332 1805 mulieres
355 1740 561 1818 concipiunt,
591 1757 658 1807 non
686 1741 894 1819 desponsatae
915 1742 973 1804 sed
1029 1742 1147 1805 effusio
1169 1743 1232 1805 luit
1256 1744 1497 1821 completionis,
1525 1744 1671 1807 secunda
1699 1746 1829 1822 latiga-

172 1838 347 1910 traductae¹
364 1855 430 1905 non
454 1838 489 1899 in
503 1838 629 1915 pudore
644 1839 847 1915 virginitatis
862 1840 919 1902 sed
939 1840 974 1901 in
1027 1840 1141 1914 tionis,
1160 1842 1260 1903 tertia
1279 1842 1458 1917 irrisionis,
1481 1845 1600 1921 quarta
1623 1842 1833 1921 redemptio-

175 1935 306 1998 fervore
320 1935 481 2009 lihidinis,
498 1951 565 1997 non
575 1937 611 1997 in
624 1937 765 2013 gratiam
778 1937 835 1998 sed
849 1937 886 1998 in
900 1938 975 2000 cul·
1029 1939 1091 2011 nis,
1106 1940 1222 2016 quinta
1237 1940 1429 2002 ablutionis.

171 2050 260 2111 pam.
278 2032 341 2096 Sed
372 2034 436 2096 ista
458 2035 610 2113 concepit
637 2050 703 2095 non
727 2034 890 2107 traducta,
916 2035 973 2096 sed
1069 2038 1830 2114 commiseronem..Augustinuszfflnris-

174 2131 385 2208 desponsata.
420 2131 528 2205 Unde,
554 2147 629 2193 cum
657 2133 746 2193 esset
776 2132 974 2211 desponsata
1028 2135 1081 2196 tus
1093 2134 1223 2199 dicebat
1237 2135 1389 2212 seipsum
1404 2151 1544 2212 manum
1557 2135 1827 2199 mortificandum

174 2231 281 2290 Mater
298 2231 378 2291 lesu
401 2230 510 2296 Maria
533 2229 669 2306 ioseph,
687 2245 755 2298 non
779 2231 841 2292 hoc
861 2231 973 2299 luitis
1028 2233 1063 2293 in
1087 2232 1284 2297 infidelitate
1306 2234 1508 2306 iudaeorum,
1530 2234 1609 2312 quia
1631 2234 1740 2316 Judaei
1765 2250 1830 2313 per

174 2423 269 2489 Unde
285 2427 462 2502 antequam
477 2417 705 2498 convenirent,
721 2425 858 2488 inventa
873 2426 973 2490 estin
1028 2427 1226 2490 vincendum
1253 2429 1288 2490 in
1317 2428 1381 2491 tide
1409 2428 1556 2495 omnium
1584 2430 1782 2506 populorum
1806 2448 1829 2491 s

173 2523 269 2585 utero
293 2520 434 2594 habens,
452 2537 519 2584 non
540 2523 576 2583 in
598 2522 812 2600 culpam,sed
835 2524 870 2587 in
894 2539 975 2600 gra-
1027 2525 1157 2603 (Trcct.
1180 2526 1217 2587 51
1247 2530 1286 2588 io
1310 2525 1437 2607 loom),
1457 2527 1536 2604 quia
1563 2542 1678 2589 omnes
1710 2528 1828 2605 populi

172 2620 265 2692 tiam,
282 2620 360 2697 quia
374 2619 416 2683 de
430 2620 557 2697 Spiritu
570 2622 693 2689 Sancto
708 2621 871 2699 concepit.
1028 2623 1180 2689 conversi
1199 2625 1332 2686 suntad
1346 2624 1443 2686 tidem
1457 2625 1580 2686 Christi
1594 2641 1655 2702 per
1666 2625 1830 2702 praediea-

213 2717 276 2779 Sed
294 2732 428 2785 rursum
444 2720 531 2780 sicut
548 2733 689 2794 granum
709 2717 865 2783 frumenti
879 2718 972 2781 reci-
1027 2721 1152 2783 tionem
1162 2722 1435 2784 ressurrectionis
1443 2725 1515 2800 ejus
1526 2722 1559 2784 et
1568 2723 1827 2799 promissionem

173 2815 222 2893 pit
248 2830 369 2882 novam
397 2815 537 2877 sormam
564 2817 598 2878 et
624 2831 744 2879 novam
773 2816 918 2894 speciem
940 2818 974 2880 et
1028 2815 1148 2879 lutura
1163 2816 1417 2877 resurrectionis
1437 2816 1570 2878 nostrae.
1587 2815 1827 2881 Christusita-

173 2913 319 2990 resurgit
333 2914 368 2979 in
381 2914 505 2987 multis,
525 2914 573 2977 ita
585 2912 737 2977 Christus
751 2913 787 2975 in
801 2929 974 2976 resurrec-
1028 2929 1091 2991 que
1113 2914 1179 2975 nisi
1198 2929 1257 2991 per
1282 2913 1471 2991 passionem
1499 2914 1609 2975 crucis
1635 2913 1825 2987 cecidisset,

173 3011 265 3077 tione
276 3011 404 3088 recepit
418 3027 540 3077 novum
555 3011 764 3088 splendorem
779 3012 813 3074 et
826 3012 974 3075 surrexit
1028 3012 1139 3074 taliter
1152 3013 1302 3073 mortuus
1323 3027 1390 3073 non
1405 3011 1533 3074 luisset.
1551 3015 1624 3088 lpse
1639 3011 1730 3073 solus
1745 3011 1829 3072 alis-

174 3125 248 3177 cum
268 3109 392 3172 multis.
419 3109 516 3173 Solus
540 3109 630 3175 enim
653 3110 689 3169 in
710 3112 818 3177 morte
841 3110 971 3182 cecidit,
1028 3126 1091 3188 que
1114 3125 1237 3188 genere
1250 3109 1397 3171 humano
1411 3110 1447 3171 in
1462 3126 1532 3171 suas
1552 3110 1737 3188 majestatis
1760 3126 1827 3186 po-

174 3222 240 3267 non
257 3207 348 3269 solus
367 3207 478 3269 tamen
500 3207 657 3280 surrexit,
674 3207 752 3285 quia
766 3209 849 3270 teste
863 3210 974 3269 stan-
1026 3207 1129 3273 tentia
1151 3207 1368 3269 remansisset
1392 3223 1467 3269 cum
1493 3207 1633 3284 angelis,
1650 3207 1683 3269 et
1706 3207 1829 3271 fuisset

173 3303 274 3381 gello,
299 3304 403 3369 multa
424 3319 564 3382 corpora
587 3305 778 3366 sanctorum
799 3320 873 3382 quae
894 3304 974 3366 dor·
1027 3305 1123 3384 quasi
1144 3321 1286 3383 granum
1311 3305 1504 3383 repositum.
1528 3305 1612 3378 Quia
1626 3321 1706 3367 vero
1727 3321 1826 3367 mor-

173 3401 327 3473 mierant,
340 3402 769 3468 surrexeruntetvenerunt
778 3403 813 3465 in
824 3401 972 3470 sanctam
1026 3403 1181 3477 tuusfuit,
1191 3403 1330 3469 multum
1344 3403 1488 3469 fructum
1496 3403 1617 3466 attulit.
1630 3404 1713 3476 Quia
1728 3419 1829 3481 prop-

173 3499 352 3571 civitatem,
378 3499 508 3563 scilicet
529 3500 726 3573 Jerusalem,
749 3502 783 3564 et
807 3515 974 3579 appame-
1027 3502 1079 3564 ter
1092 3502 1156 3569 hoc
1177 3501 1348 3564 muscus
1370 3504 1465 3566 mom
1482 3505 1586 3574 Deus,
1605 3502 1640 3564 ct
1663 3501 1756 3563 dedit
1775 3504 1828 3565 illi

172 3596 252 3658 runt
274 3596 387 3662 multis
411 3595 543 3675 (Matth.
572 3613 678 3670 xxvu,
703 3595 770 3677 52).
795 3599 835 3660 Et
857 3612 972 3663 omnes
1027 3614 1152 3664 ammes
1166 3601 1254 3673 cuod
1272 3599 1448 3673 estsuper
1461 3613 1561 3663 omna
1578 3613 1713 3671 musco,
1732 3599 1771 3659 ut
1785 3602 1828 3659 ln

173 3694 288 3759 fideles
298 3693 354 3773 qui
367 3695 444 3760 ante
454 3695 633 3758 adrentum
644 3695 873 3774 Redemptoris
885 3698 969 3773 ejus,
1026 3696 1826 3773 omminoJcsumnnegeuultectaturcoeoestium

172 3791 208 3860 iu
224 3792 334 3870 ipsum
358 3793 579 3866 crediderant,
611 3793 652 3856 de
677 3793 801 3858 interni
823 3792 971 3859 tenebris
1026 3795 1060 3857 et
1080 3794 1603 3870 tcseowmim,etomnsuoouc
1616 3793 1828 3866 corsflteotur

171 3889 338 3963 liberavit,
366 3892 542 3968 sicutipse
565 3890 652 3955 dixit
669 3907 729 3968 per
752 3891 969 3953 Zachariam:
1026 3894 1108 3966 onio
1119 3895 1287 3953 omnious
1300 3892 1419 3952 noster
1428 3892 1531 3953 lesos
1540 3891 1827 3967 corutustnulo-

170 3991 392 4066 insanguine
405 3990 665 4053 testumcotttui
676 3990 829 4052 eunomii
840 3991 972 4055 cinctos
1025 3993 1083 4051 rto
1096 3991 1150 4053 cst
1163 3993 1227 4052 Dei
1247 3990 1371 4051 Patris
1384 3987 1520 4067 (Philip.
1540 4004 1577 4062 ιι,
1601 3986 1666 4067 10).
1681 3990 1722 4050 Et
1745 3987 1827 4051 ideo

171 4089 213 4147 dc
227 4091 304 4151 locu
318 4090 355 4151 io
368 4100 434 4160 quo
446 4100 516 4147 oon
525 4088 604 4148 erat
613 4102 703 4160 aquo
716 4085 828 4165 (zach.
844 4102 891 4159 11,
905 4086 970 4165 11).
1026 4087 1166 4152 multum
1180 4088 1323 4149 fructum
1335 4086 1455 4159 attulit,
1470 4086 1673 4164 quandoper
1687 4086 1826 4163 passio-

172 4184 275 4255 Quasi
298 4183 388 4246 dicat
403 4204 411 4245 z
428 4184 454 4243 0
469 4182 610 4251 Christe,
632 4184 698 4247 Fili
719 4183 789 4255 Dei,
806 4185 842 4246 tu
864 4184 970 4250 edisse
1026 4201 1101 4247 nem
1116 4186 1149 4248 et
1168 4186 1308 4247 mortem
1323 4185 1432 4248 crucis
1449 4185 1554 4247 totum
1576 4200 1681 4261 genus
1702 4184 1831 4247 huma-

171 4280 336 4356 sanguine
349 4280 407 4341 tuo
422 4281 458 4342 in
472 4280 733 4359 redemptionem
745 4282 968 4358 peccatorum,
1026 4300 1105 4345 num
1119 4282 1268 4353 redemit,
1283 4282 1316 4343 et
1329 4281 1522 4345 redimendo
1536 4282 1578 4343 ad
1592 4297 1629 4343 se
1640 4282 1755 4355 traxit,
1771 4283 1827 4344 si·

171 4378 228 4455 qui
243 4377 365 4440 dicitur
380 4379 518 4455 sanguis
533 4380 734 4451 testamenti,
751 4395 810 4457 pro
824 4395 864 4444 ec
883 4379 969 4457 quod
1025 4382 1080 4443 cut
1093 4381 1165 4457 ipse
1178 4379 1258 4443 dicit
1271 4380 1306 4441 in
1322 4380 1503 4456 Evangelio
1520 4401 1527 4442 ι
1545 4383 1630 4441 Cum
1647 4381 1828 4443 ecoltatus

169 4477 206 4539 in
234 4476 307 4554 ipso
335 4492 456 4538 norum
481 4477 727 4539 Testamentum
753 4478 969 4546 consecrasti,
1023 4481 1125 4552 fecero
1138 4479 1557 4550 otcrro‚omntntroltcm
1570 4481 1681 4540 adme
1694 4480 1825 4553 ipsum.

169 4574 314 4637 eduxisti
327 4574 457 4637 vinctos
471 4574 512 4635 de
527 4574 614 4647 lacu,
630 4574 717 4637 idest
730 4590 788 4637 ecs
803 4574 859 4652 qui
874 4580 969 4639 erant
1026 4575 1135 4654 (ioan.
1146 4593 1208 4647 ιιι,
1224 4573 1291 4654 32).
1307 4578 1399 4637 Tunc
1417 4574 1480 4639 suit
1494 4575 1660 4637 exaltatus
1678 4590 1698 4635 a
1718 4576 1824 4649 terra,

169 4674 204 4733 in
225 4673 373 4736 tenebris
394 4673 528 4746 interni,
549 4672 686 4735 obnoxii
710 4677 845 4749 peccato
860 4673 968 4750 origi·
1024 4674 1157 4752 quando
1182 4673 1244 4738 iuit
1270 4674 1396 4750 positus
1418 4674 1452 4735 et
1474 4673 1623 4736 elevatus
1646 4674 1682 4734 in
1710 4688 1824 4747 cruce,

170 4772 252 4835 nali.
276 4774 322 4833 De
337 4772 423 4845 lucu,
441 4771 538 4845 idest,
565 4771 606 4833 de
623 4770 753 4836 inferno
765 4771 801 4832 in
815 4787 881 4850 quo
902 4787 968 4835 non
1024 4773 1110 4834 sicut
1123 4772 1195 4849 ipsa
1208 4772 1340 4835 Veritas
1355 4771 1436 4834 dicit
1452 4792 1459 4831 ε
1477 4772 1628 4833 wollent
1644 4786 1725 4832 eum
1736 4786 1826 4849 cerie

169 4871 243 4931 erat
263 4885 360 4947 aqua,
390 4870 479 4932 idest
499 4869 721 4947 refrigerium,
756 4870 843 4933 sicut
864 4870 968 4933 isaias
1024 4871 1112 4933 tibus
1126 4872 1389 4932 comedendum
1401 4870 1826 4946 ctttcgettoodumctcru·

168 4968 366 5029 testaturza
387 4968 534 5044 Populus
560 4969 618 5045 qui
643 4967 779 5031 sedebat
807 4968 841 5030 in
869 4970 967 5030 tene-
1022 4970 1227 5046 elligendum
1241 4966 1372 5046 (Matth.
1386 4983 1444 5037 xx,
1462 4964 1526 5046 19).

166 5063 248 5135 liris,
271 5062 357 5125 idest
371 5064 406 5124 in
427 5064 570 5137 interno,
587 5066 671 5128 vidit
685 5067 793 5131 lucam
812 5081 966 5143 magnam
1063 5068 1185 5129 Omnia
1199 5066 1337 5128 troiam
1353 5066 1598 5139 aomeipscm.
1614 5063 1731 5126 Omnia
1747 5065 1825 5126 ete·-

169 5160 224 5239 (ls.
249 5176 297 5233 rx,
322 5159 368 5237 2),
394 5160 479 5223 idest
499 5163 678 5227 Christum.
699 5180 718 5224 o
741 5166 779 5227 In
804 5164 966 5241 sanguine
1023 5163 1091 5224 nim
1105 5163 1219 5234 traxit,
1236 5162 1313 5240 quia
1328 5162 1369 5223 de
1379 5162 1496 5224 electis
1510 5161 1579 5223 suis
1593 5161 1680 5238 apud
1690 5160 1821 5224 inferos

166 5258 357 5321 testamenti
381 5257 444 5328 sui,
473 5261 569 5336 quus
593 5260 766 5337 sanguinis
792 5261 967 5339 multiplex
1021 5261 1148 5322 nullum
1160 5261 1305 5338 reliquit.
1321 5261 1506 5335 Antequam
1518 5259 1582 5321 hoc
1594 5274 1736 5335 granum
1749 5259 1826 5320 sru-

167 5355 230 5417 fuit
247 5354 378 5418 effusio.
396 5357 541 5428 Quarum
557 5357 757 5424 effusionum
776 5360 884 5436 prima
905 5359 920 5420 l
943 5360 967 5422 't
1021 5359 1124 5423 menti
1157 5360 1323 5421 mortuum
1352 5356 1479 5430 luisset,
1505 5356 1671 5418 modicum
1709 5356 1824 5419 attulit

164 5454 200 5522 in
216 5454 481 5527 circumcisione,
498 5455 644 5518 secunda
657 5456 693 5516 in
709 5455 841 5529 sudore,
866 5459 965 5520 tertia
1020 5457 1163 5519 fructum
1185 5455 1368 5532 sicutipse
1391 5455 1473 5522 dicit
1500 5470 1560 5532 per
1583 5454 1785 5531 Prophetum
1813 5475 1823 5517 s

165 5551 201 5618 in
235 5551 476 5629 flagellatione,
515 5554 633 5633 quarta
664 5554 700 5619 in
735 5555 964 5622 crucifixione.
1019 5554 1253 5632 Singularitas
1282 5568 1362 5616 som
1398 5566 1471 5629 coo,
1504 5554 1611 5615 dcccc
1640 5552 1825 5614 transeam

165 5649 279 5735 quinta
302 5652 335 5713 et
356 5651 472 5716 ultima
492 5650 527 5715 in
547 5653 767 5717 lanceatione.
784 5655 840 5717 De
857 5653 964 5732 prima
1021 5650 1090 5731 (Pr.
1106 5649 1254 5731 140,10).
1273 5648 1496 5727 Singularitas
1517 5648 1589 5722 luit,
1605 5646 1712 5711 donec
1726 5649 1824 5715 iran-
