3946 6196
232 284 292 346 499
852 282 1027 344 HONORII
1049 283 1093 344 111
1114 284 1260 346 OPERA.

1822 294 1885 354 500

270 441 481 505 Venerabilis
495 440 598 503 frater
612 444 725 502 noster
735 442 931 503 oxomensis
945 442 1029 519 epis·
1083 442 1222 515 ceditur,
1239 457 1299 519 per
1312 442 1398 519 quod
1420 444 1468 505 sic
1484 446 1683 521 procuratur
1695 447 1803 509 divini
1820 466 1886 513 no-

232 558 335 620 copus
346 541 382 601 in
397 542 510 602 nostra
525 538 696 616 proposuit
709 540 886 616 praesentia
899 541 1027 603 consti·
1083 540 1183 601 minis
1203 540 1322 613 cultus,
1339 541 1373 603 et
1384 540 1549 618 profectus
1571 544 1733 621 quaeritur
1752 547 1887 608 anima-

231 642 334 712 tutus,
360 639 446 717 quod
468 654 569 715 quum
593 638 693 700 clarae
720 640 888 701 memoriae
911 642 949 701 Α.
968 655 1030 701 rex
1083 653 1168 710 rum,
1182 638 1438 700 utexbocnulli
1451 640 1680 717 praejudicium
1691 646 1884 718 generetur.

233 738 383 800 Castaliae
396 736 472 807 sibi,
490 736 522 797 et
536 736 686 797 ecclesiae
699 752 768 797 suaa
783 735 897 798 villam
913 753 1031 813 quam·
1083 735 1321 812 Hincestquod
1331 737 1451 798 vestris
1461 738 1527 815 piis
1537 739 1691 815 precibus
1701 739 1885 816 benignum

232 836 394 912 damquae
416 833 538 895 dicitur
561 836 698 906 Oxoma,
720 850 794 895 cum
820 833 1029 912 pertinentiis
1083 833 1309 910 impertientes
1337 850 1529 907 assensum,
1561 837 1764 899 auctoritate
1787 839 1884 900 vobis

234 933 314 1003 suis,
329 931 364 992 in
380 931 496 993 ultima
509 931 678 993 voluntate
692 931 847 1007 legasset,
862 932 940 1009 quia
955 947 1031 992 exe·
1084 931 1296 1008 praesentium
1312 932 1534 1008 indulgemus,
1551 935 1588 995 nt
1605 950 1707 1011 quum
1721 936 1883 1011 generale

234 1032 365 1091 cutores
389 1030 578 1092 testamenti
601 1030 692 1106 regis
716 1031 863 1107 ejusdem
891 1030 1030 1106 signate
1084 1029 1183 1090 terrae
1211 1028 1311 1091 fuerit
1336 1030 1565 1103 interdictum,
1592 1031 1693 1093 liceat
1721 1031 1884 1094 fratribus

235 1128 298 1189 sibi
313 1127 512 1189 differebant
523 1128 685 1197 eamdem,
702 1128 774 1205 ipse
789 1129 904 1189 contra
916 1143 974 1189 eos
989 1127 1029 1188 ad
1085 1125 1277 1187 monasterii
1289 1126 1437 1188 vestriin
1452 1126 1655 1203 prioratibus
1668 1128 1814 1189 subditis
1833 1129 1887 1190 ei-

236 1226 380 1303 priorem
394 1225 559 1299 Tutelani,
578 1227 611 1289 et
629 1226 820 1304 conjudices
839 1241 917 1289 snos
936 1225 1029 1287 litte-
1085 1223 1159 1283 dem
1183 1223 1385 1285 monasterio
1399 1224 1668 1297 consistentibus,
1684 1225 1814 1287 clausis
1828 1229 1885 1303 ja-

234 1339 291 1385 ras
306 1323 505 1401 apostolicas
526 1324 728 1400 impetravit,
748 1326 782 1386 et
803 1325 959 1403 quoniam
980 1323 1032 1383 illi
1086 1320 1885 1398 nuis,nonpulsatiscampanis,excommunicatis

236 1421 329 1483 citati
362 1422 583 1499 peremptorie
609 1421 650 1483 ab
681 1422 807 1483 eisdem
840 1435 1032 1499 comparere
1086 1418 1320 1478 oinominatim
1334 1418 1521 1480 interdictis
1530 1419 1689 1491 exclusis,
1701 1435 1885 1496 suppressa

236 1535 346 1580 coram
363 1519 468 1595 priori
487 1519 599 1580 Sancti
617 1519 792 1591 Dominici,
814 1519 846 1580 et
861 1517 1032 1595 conjudice
1086 1529 1167 1575 voce
1175 1513 1288 1576 divina
1299 1514 1594 1577 officiacelebrare.
1603 1515 1696 1577 Nulli
1704 1532 1801 1592 ergo,
1809 1518 1881 1590 eto.;

238 1633 298 1677 suo
314 1615 535 1691 subdelegatis
551 1616 591 1679 ab
607 1617 687 1693 ipsis
704 1616 918 1693 pertinaciter
931 1631 1032 1677 recu·
1087 1612 1209 1673 nostrae
1224 1612 1459 1685 concessionis,
1472 1614 1534 1674 etc.
1549 1614 1584 1674 Si
1596 1614 1671 1690 quis
1682 1616 1810 1685 autem,
1821 1616 1881 1677 eto.

237 1713 355 1775 sabant
374 1735 381 1773 :
406 1714 508 1775 iidem
534 1713 739 1789 subdelegati
758 1713 798 1774 de
827 1712 978 1784 consilio,
1000 1712 1033 1773 et
1087 1712 1206 1770 Datum
1222 1709 1338 1783 Xlatri,
1354 1711 1469 1789 quinto
1486 1710 1560 1773 idus
1572 1710 1784 1791 septembris,
1799 1726 1883 1775 annu

236 1811 391 1872 mandato
407 1810 639 1887 praedlctorum
653 1810 889 1886 delegatorum,
906 1825 981 1872 eum
997 1809 1032 1870 in
1081 1802 1242 1869 Secundo.

237 1907 482 1985 possessionem
500 1908 589 1968 vlllaa
609 1907 775 1985 praediotae
796 1923 897 1968 causa
922 1908 1034 1967 custo-

237 2005 301 2065 diae
316 2004 526 2066 induxerunt.
543 2005 606 2065 Sed
629 2005 763 2082 propter
777 2004 958 2083 potentiam
971 2020 1033 2065 cu·

233 2103 367 2179 jnsdam
377 2102 509 2173 nobilis,
522 2103 579 2179 qui
590 2118 663 2163 eam
678 2102 835 2174 detentat,
850 2118 915 2164 non
928 2101 1035 2178 potuit

237 2200 393 2260 retinere.
411 2201 453 2261 Ut
467 2200 570 2275 igitur
587 2199 719 2276 justitia
733 2198 844 2260 vincat
858 2197 1030 2269 malitiam,

238 2294 431 2356 discretioni
460 2295 581 2356 vestrae
612 2310 671 2372 per
695 2294 884 2372 apostolica
910 2293 1032 2369 scripta

238 2391 445 2460 mandamus,
469 2392 642 2469 quatenus
667 2391 696 2452 si
722 2392 773 2453 est
790 2392 849 2459 ita,
870 2390 936 2451 nisi
956 2405 1033 2468 pars

238 2489 343 2549 altera
359 2488 445 2549 infra
462 2503 585 2549 annum
600 2488 750 2559 veniens,
774 2487 860 2565 quod
875 2488 954 2549 tunc
968 2503 1032 2562 pa-

238 2584 324 2647 rebit
342 2585 496 2647 idoneam
524 2585 681 2663 praestata
701 2586 865 2658 cautione,
887 2600 930 2646 ex
954 2585 1033 2646 tunc

238 2683 347 2760 ipsum
365 2699 444 2745 vere
465 2699 690 2761 possessorem
709 2682 889 2744 secundum
911 2682 1033 2743 statuta

238 2780 406 2855 generalis
419 2781 558 2842 concilii
569 2781 769 2857 judicantes,
782 2796 857 2840 eum
876 2780 912 2839 in
927 2779 1033 2855 ipsam

239 2893 312 2939 cum
336 2878 545 2955 pertinentiis
562 2878 630 2938 suis
650 2878 869 2954 corporaliter
889 2875 1032 2937 induca-

237 2974 292 3047 tis,
316 2976 349 3036 et
366 2974 550 3036 defendatis
566 2974 755 3047 inductum,
774 2973 1033 3041 contradictores

239 3087 496 3148 percensuram
519 3071 784 3132 Ecclesiasticam
811 3069 1033 3147 appellatione

240 3168 424 3244 postposita
450 3167 699 3244 compescendo.
722 3168 836 3228 Testes
861 3182 952 3238 vero,
977 3167 1033 3243 qui

238 3263 373 3326 fuerunt
385 3264 546 3326 nominati
559 3263 588 3325 si
601 3280 638 3325 se
650 3263 758 3339 gratia
771 3263 841 3335 Dei,
854 3263 906 3324 rel
915 3263 1034 3325 timore

239 3359 474 3435 subtraxerint,
498 3376 752 3439 percensuram
774 3360 934 3432 eamdem,
956 3376 1033 3422 ces-

239 3459 333 3520 sante
346 3459 579 3537 appellatione,
596 3459 721 3535 cogatis
736 3458 869 3521 veritati
885 3458 1035 3520 testimo·

239 3556 331 3616 nium
346 3556 532 3633 perhibere,
547 3573 613 3617 non
628 3555 779 3618 obstante
798 3554 1035 3616 constitutione

239 3653 379 3716 concilii
389 3654 566 3729 generalis,
579 3669 643 3731 qua
659 3653 795 3715 cavetur
805 3669 847 3714 ne
860 3652 934 3730 quis
947 3652 1034 3713 ultra

239 3750 322 3812 duas
336 3751 452 3813 diaetas
467 3752 562 3813 extra
577 3767 670 3812 suam
686 3749 855 3811 dioecesim
871 3765 931 3827 per
944 3749 1036 3811 litte-

239 3864 295 3909 ras
309 3849 516 3927 Apostolicas
531 3849 572 3915 ad
588 3849 752 3926 iudicium
767 3847 856 3910 trabi
869 3847 985 3925 possit,
1002 3847 1035 3908 et

240 3946 268 4006 si
282 3963 348 4008 non
363 3963 477 4009 omnes
491 3946 544 4008 bis
557 3946 778 4023 exsequendis
796 3945 969 4023 potueritis
981 3945 1035 4005 in-

240 4045 378 4116 teresse,
399 4046 435 4105 tu
458 4043 563 4105 frater
577 4044 742 4120 episcope,
762 4059 837 4104 cum
853 4058 968 4104 eorum
983 4040 1036 4102 al-

1400 1963 1569 2051 XXVIII

1171 2134 1392 2197 adornatam
1412 2134 1618 2195 monasterti
1631 2137 1807 2196 Dotarrsis.

1381 2264 1399 2322 9
1417 2271 1490 2337 sept.
1508 2265 1586 2323 1217.

1119 2387 1238 2453 [οοςωὶἿ
1251 2387 1296 2438 lib.
1309 2388 1341 2451 11,
1350 2389 1424 2453 epist.
1435 2388 1492 2439 ool.
1505 2390 1563 2440 btss.
1574 2389 1611 2439 La
1624 2389 1701 2439 Porte
1711 2388 1747 2439 dn
1761 2388 1855 2450 rutil]

1088 2505 1262 2563 facultatem
1276 2502 1407 2563 concedit
1419 2520 1487 2562 suos
1498 2504 1656 2562 monachos
1671 2503 1843 2561 absolvendi
1851 2503 1887 2559 ab

1184 2593 1481 2651 excommunicatione
1495 2594 1525 2651 S.
1541 2592 1607 2650 Sedi
1622 2600 1791 2669 reservata.¹

1128 2720 1306 2791 Honorius,
1332 2720 1408 2792 etc,
1438 2719 1558 2780 dilecto
1578 2718 1647 2783 tilio
1671 2716 1788 2779 abbati
1816 2734 1888 2779 mo·

1088 2816 1352 2878 nasteriiDolen.

1128 2917 1234 2987 Quum
1246 2913 1416 2989 contingat
1428 2912 1595 2974 interdum
1610 2913 1646 2973 ut
1659 2911 1819 2972 monachi
1836 2912 1885 2973 tui

1088 3012 1272 3074 incidentes
1293 3011 1329 3072 in
1354 3026 1515 3073 canonem
1538 3009 1712 3071 sententiae
1733 3008 1886 3086 promul-

1088 3111 1173 3185 gatae
1208 3125 1267 3186 pro
1302 3106 1520 3170 absolutionis
1548 3106 1710 3168 beneficio
1750 3121 1773 3167 a
1804 3105 1887 3167 Sede

1087 3206 1277 3284 apostolica
1292 3204 1470 3266 obtinendo
1485 3205 1521 3265 in
1543 3219 1679 3265 suarum
1703 3204 1887 3279 evagentur

1088 3303 1271 3380 pertculum
1293 3303 1491 3373 animarum,
1516 3301 1550 3362 et
1568 3299 1702 3361 onerosi
1728 3300 1797 3361 sint
1816 3316 1888 3360 mo-

1088 3401 1235 3463 nasterio
1261 3400 1385 3463 eisdem
1409 3399 1558 3477 sumptus
1586 3398 1661 3470 riae,
1688 3413 1790 3474 quum
1821 3413 1887 3458 non

1089 3497 1233 3560 habeant
1247 3497 1393 3576 propria,
1415 3495 1629 3567 ministranti,
1647 3511 1708 3556 nos
1723 3496 1757 3557 et
1772 3510 1888 3556 eorum

1089 3595 1200 3667 saluti,
1221 3594 1255 3655 et
1276 3593 1413 3655 utilitati
1437 3591 1585 3670 eiusdem
1608 3592 1805 3652 monasterii
1828 3607 1889 3667 pa·

1088 3695 1184 3754 terna
1198 3690 1347 3753 volentes
1362 3689 1585 3751 sollicitudine
1597 3687 1786 3765 providere,
1801 3703 1889 3764 prae-

1089 3789 1233 3851 sentium
1246 3788 1306 3850 tibi
1319 3787 1516 3891 auotoriqate
1531 3778 1756 3853 concedimus,
1774 3786 1813 3846 ut
1827 3786 1886 3855 eis,

1089 3889 1262 3965 postquam
1277 3885 1384 3963 passis
1394 3884 1552 3962 injuriam
1563 3881 1789 3944 satisfecerint
1799 3898 1890 3943 com-

1089 3984 1251 4062 petenter,
1263 3981 1359 4060 juxta
1378 3980 1518 4043 formam
1533 3980 1691 4042 Ecclesiae
1709 3979 1886 4056 impendas

1090 4079 1309 4142 absolutionis
1333 4078 1532 4139 beneficium
1558 4076 1631 4138 vice
1663 4077 1792 4147 nostra,
1824 4074 1889 4134 nisi

1089 4177 1203 4240 forsan
1236 4177 1423 4253 aliquorum
1460 4189 1618 4236 excessus
1653 4172 1739 4234 adeo
1775 4173 1889 4248 gravis

1091 4272 1260 4345 existeret,
1287 4273 1322 4334 et
1348 4272 1504 4344 enormis,
1530 4269 1616 4348 quod
1638 4267 1758 4330 merito
1779 4270 1890 4329 esseut

1091 4370 1130 4432 ad
1148 4370 1266 4432 sedem
1278 4368 1501 4447 Apostolicam
1514 4366 1714 4437 destinandi,
1731 4366 1848 4443 utpote
1861 4365 1888 4425 si

1090 4468 1178 4530 esset
1191 4467 1231 4528 ad
1247 4465 1472 4528 membrorum
1491 4464 1733 4527 mutilationem
1748 4479 1888 4540 proces-

1091 4582 1175 4638 sum,
1196 4580 1256 4626 seu
1276 4580 1394 4626 manus
1416 4564 1539 4642 injecta
1562 4562 1598 4623 iu
1623 4562 1819 4639 episcopum
1838 4559 1889 4622 rel

1091 4662 1254 4735 abbatem,
1269 4662 1426 4739 praesenti
1440 4661 1561 4739 pagina
1576 4673 1789 4736 nequaquam
1803 4657 1890 4718 ultra

1091 4760 1271 4824 triennium
1288 4758 1444 4822 valitura.
1460 4756 1677 4821 concedimus
1692 4756 1796 4816 etiam
1814 4756 1851 4816 ut
1862 4755 1890 4814 si

1092 4873 1206 4920 eorum
1221 4857 1325 4934 aliqui
1341 4855 1618 4918 excommunicati
1632 4853 1777 4916 forsitan
1798 4852 1889 4914 cele-

1092 4954 1231 5027 brarint,
1249 4971 1322 5017 cnm
1337 4954 1420 5031 ipsis
1436 4955 1548 5015 nostra
1564 4951 1668 5013 fultus
1689 4951 1889 5012 auctoritate

1093 5053 1278 5133 dispenses,
1294 5052 1444 5129 injuncta
1467 5052 1516 5112 eis
1538 5049 1734 5129 poenitentia
1753 5062 1888 5124 compe-

1093 5151 1185 5215 tenti.
1210 5150 1303 5212 Nulli
1327 5165 1424 5227 ergo,
1450 5153 1525 5223 etc,
1551 5148 1675 5210 nostrae
1700 5145 1890 5207 concessio-

281 5255 459 5326 Honorius,
491 5256 567 5324 etc,
598 5254 727 5315 dilectis
759 5252 838 5317 tiliis
867 5251 979 5315 abbati
1007 5256 1040 5315 et
1093 5250 1156 5322 nis,
1173 5249 1235 5310 etc.
1255 5247 1290 5310 Si
1307 5248 1382 5324 quis
1401 5250 1522 5319 autem,
1540 5247 1602 5308 etc.

243 5352 421 5417 conventui
436 5351 631 5415 monasterii
641 5349 754 5412 Dolen.
1133 5348 1252 5409 Datum
1284 5347 1406 5419 Alatri,
1434 5346 1549 5424 quinto
1577 5343 1652 5404 idus
1679 5338 1885 5418 septembris,

283 5452 319 5513 ld
337 5467 397 5513 nec
412 5450 536 5529 petitur
553 5448 713 5527 improbe,
731 5464 791 5510 nec
806 5448 942 5526 indigue
959 5463 1041 5510 oon·
1094 5461 1181 5508 anno
1192 5445 1348 5508 secundo.
1379 5529 1383 5535 ᾗ

239 4141 323 4210 tero,
339 4157 412 4217 quae
427 4139 632 4201 inchoamini
644 4139 849 4217 exsequaris.

281 4239 398 4298 Datum
414 4237 584 4298 Ferentini
599 4236 716 4300 octavo
730 4237 806 4297 idus
826 4235 1034 4313 septembris,

241 4333 451 4410 pontificatus
467 4334 571 4396 nostri
586 4349 674 4395 anno
690 4334 845 4395 secundo.

563 4566 711 4654 XXVII

299 4742 352 4800 Ad
364 4738 519 4801 abbatem
533 4738 568 4799 et
583 4737 788 4799 conventum
801 4739 975 4798 Dotenses.

532 4860 550 4918 9
568 4867 641 4934 sept.
664 4860 743 4917 lili.

276 4986 386 5051 [Rogant.
398 4984 446 5036 lib.
462 4985 491 5044 ll,
506 4984 578 5055 epist.
594 4984 648 5035 030.
660 4985 717 5035 lisa.
730 4984 850 5035 baPorte
860 4983 895 5034 du
905 4981 1002 5046 rnen]

276 5114 334 5170 Eos
348 5109 446 5166 eximit
461 5108 496 5167 ab
506 5109 657 5167 interdicto
671 5107 799 5182 generali
810 5122 1001 5180 quocumque.
