3928 6200
137 286 193 348 ecl
315 283 432 343 xxxi.
448 282 549 345 -IN
572 283 699 345 FESTO
722 283 1029 346 GONFESSORUM
1052 283 1297 345 SUMMORUM
1319 284 1590 347 PONTIFICUM.
1718 286 1779 347 362

137 446 195 515 est.
211 442 266 506 cut
280 441 390 504 claves
403 441 560 505 Ecclesiae
573 443 832 515 committuntur,
849 442 927 521 quta
981 442 1049 504 vita
1059 442 1132 504 sine
1147 444 1263 516 morte,
1280 442 1352 505 dies
1378 443 1451 504 sine
1464 442 1572 516 nocte,
1586 443 1680 506 certe
1704 443 1778 506 stne

135 544 198 605 tam
212 557 272 618 pro
287 556 324 601 se
339 556 437 618 quam
460 556 520 618 pro
535 540 655 619 populo
670 540 812 618 vigilare
828 541 926 603 tene-
980 540 1081 613 forte,
1099 540 1156 603 ubi
1171 540 1408 603 eritsecuritas
1419 540 1491 602 sine
1507 541 1637 614 timore,
1654 544 1780 618 jucun-

135 640 184 700 tur
198 661 206 699 :
218 639 273 700 cui
292 638 447 699 dicitura
462 638 605 700 Domino
623 653 685 715 per
703 638 924 715 Prophetam:
982 636 1068 697 ditas
1081 637 1153 698 sine
1166 637 1291 709 dolore,
1312 639 1536 715 tranquillitas
1556 640 1628 700 sine
1652 639 1777 700 labore.

131 739 256 798 Sinon
278 737 548 797 annuntiaveris
576 739 692 811 iniquo
709 737 928 811 iniquitatem
982 733 1045 795 Ubi
1060 734 1124 796 erit
1136 735 1346 811 pulchritudo
1362 736 1436 796 sine
1460 736 1679 809 deformitate,
1706 736 1779 798 ior·

130 837 457 910 suarnaanoninem
468 836 599 906 ansae
613 848 721 895 manu
734 834 926 908 tnarepnt·
981 830 1086 892 titudo
1099 831 1171 893 sine
1186 832 1366 906 debilitate,
1382 834 1544 896 rectitudo
1560 835 1781 913 sineperver·
1867 858 1884 883 ν

131 928 350 1008 νιιιιιΕιιοιι.
366 946 417 1002 ιιι,
434 928 498 1009 18).
981 929 1089 1001 sitate,
1107 929 1163 990 uhi
1177 930 1242 992 erit
1255 930 1387 993 bonitas
1412 932 1484 992 sine
1498 931 1639 1005 malitia,
1655 933 1779 995 veritas

166 1029 440 1090 Pastoresentm
452 1029 689 1091 custodiebant
702 1029 928 1105 oiptitasnoc·
981 1027 1054 1087 sine
1088 1025 1239 1100 fallacia,
1270 1027 1412 1090 felicitas
1439 1030 1512 1091 sine
1538 1030 1686 1091 miseria.
1717 1030 1781 1092 Ubi

131 1125 295 1200 insuper
314 1140 460 1203 gregem
475 1141 579 1187 snam
597 1124 691 1203 (Luc.
708 1142 745 1194 11,
765 1123 812 1206 8).
832 1124 927 1202 Vigi-
981 1123 1045 1185 erit
1067 1125 1225 1199 gaudium
1253 1127 1340 1202 quod
1366 1142 1428 1188 nec
1457 1128 1573 1188 oculus
1598 1126 1692 1200 vidit,
1717 1143 1780 1189 nec

129 1221 191 1283 late
200 1238 294 1298 ergo,
305 1224 383 1300 quia
399 1222 488 1284 beati
501 1224 578 1285 sunt
590 1223 679 1284 servi
688 1223 841 1301 illi,quos
851 1240 926 1285 cum
980 1221 1073 1282 auris
1088 1220 1226 1294 audivit,
1243 1238 1304 1284 nec
1328 1223 1363 1284 in
1387 1240 1445 1285 cor
1457 1224 1602 1285 hominis
1616 1224 1777 1287 ascendit.

129 1318 256 1381 venerit
278 1319 442 1381 Dominus
467 1321 634 1383 invenerit
658 1320 846 1397 vigilantes.
858 1324 926 1382 Has
1020 1318 1153 1381 Debetis
1166 1320 1267 1383 etiam
1292 1337 1352 1398 per
1375 1323 1559 1408 custodiam
1572 1323 1779 1399 vestririgi-

130 1420 268 1494 quatuor
282 1417 419 1494 vigilias
432 1418 599 1481 custodire
610 1417 731 1480 debent
744 1418 873 1496 praelati
884 1435 927 1481 ne
980 1416 1061 1477 lare.
1088 1419 1192 1489 Quam
1215 1419 1399 1482 custodiam
1425 1419 1601 1489 habebitis,
1619 1421 1647 1481 si
1676 1420 1781 1483 sobrii

129 1513 161 1574 in
172 1529 276 1590 grege
298 1514 477 1577 commisso
489 1515 564 1588 sibi,
583 1532 625 1578 ne
644 1516 752 1593 pueri,
771 1518 924 1594 juvenes,
981 1513 1121 1576 fueritis.
1139 1515 1232 1578 Unde
1241 1517 1359 1579 Petrus
1373 1520 1504 1580 :Sirbrii
1519 1519 1626 1581 estote
1640 1520 1675 1580 et
1690 1523 1780 1596 nipt-

129 1627 232 1683 senas,
250 1611 415 1689 decrepiti
430 1615 532 1673 Deum
550 1613 729 1675 offendant.
749 1617 827 1686 Quae
842 1630 928 1691 qua·
981 1612 1049 1673 tate
1060 1614 1098 1674 tn
1109 1615 1358 1677 orationihus...
1377 1614 1406 1695 (l
1417 1618 1486 1679 Pet.
1501 1634 1533 1690 v,
1547 1614 1580 1697 8)
1596 1639 1604 1692 3
1623 1633 1682 1693 per
1696 1616 1776 1679 vin-

128 1709 198 1769 tuor
218 1709 298 1770 ideo
324 1709 586 1786 distinguuntur,
604 1711 640 1774 ιι
660 1712 690 1772 si
702 1711 777 1788 quis
795 1712 924 1773 dormi·
981 1708 1104 1771 dictam
1118 1711 1311 1787 castigando
1327 1727 1447 1789 corpus
1466 1717 1624 1783 vestrum,
1638 1714 1724 1776 unde
1740 1715 1775 1776 in

127 1805 246 1867 taverit
262 1806 300 1866 in
324 1807 444 1883 prima,
465 1808 581 1883 vigilet
598 1808 634 1868 in
654 1808 821 1883 secunda3
838 1811 868 1869 si
890 1809 925 1870 in
982 1807 1236 1870 Ecclesiastico:
1259 1813 1379 1886 Vipttia
1392 1813 1582 1874 trottestatis
1598 1813 1778 1887 tabefaciet

127 1903 282 1976 ιιιιιιιιι,
299 1904 466 1980 vigilatio
480 1905 591 1977 tertia,
606 1905 640 1967 et
651 1905 740 1967 dicat
752 1928 759 1966 :
771 1906 925 1968 «Delicta
979 1919 1115 1977 carnes,
1131 1906 1164 1966 ιι
1180 1908 1349 1982 copitotns
1363 1912 1454 1970 itlius
1469 1909 1605 1982 auferet
1619 1924 1780 1971 semitam

123 2002 324 2076 juventutis,
348 2002 402 2062 vel
431 2003 626 2075 senectutis,
656 2003 690 2065 et
717 2004 925 2080 ignorantias
981 1998 1204 2079 (scoliam,
1223 2001 1266 2081 1).
1292 2003 1387 2064 Nihil
1410 2004 1584 2066 honestius
1603 2006 1653 2066 est
1679 2021 1779 2082 quam

126 2114 213 2159 meas
227 2114 272 2160 ne
285 2099 489 2172 memineris,
504 2101 655 2161 Domine.
672 2118 691 2161 a
707 2101 742 2162 Si
757 2101 792 2161 in
807 2102 925 2178 quarta
980 2113 1114 2159 carnem
1125 2099 1301 2175 castigare.
1319 2103 1384 2161 Per
1405 2102 1516 2162 carnis
1527 2102 1780 2178 castigationem

126 2194 211 2257 dicat
217 2212 256 2257 se
267 2196 537 2274 quatriduanum,
546 2199 654 2274 etjam
665 2198 791 2260 ioetere.
799 2199 926 2262 Debent
980 2197 1150 2258 evanescit
1161 2198 1292 2259 vanitas
1305 2199 1430 2260 mundi.
1442 2201 1482 2261 nt
1496 2200 1544 2261 sic
1558 2203 1646 2261 Deus
1661 2200 1779 2276 vigilat

125 2293 223 2354 etiam
255 2293 388 2370 praelati
414 2295 556 2370 vigilare
584 2311 644 2372 per
668 2295 861 2367 vindictam,
890 2296 926 2359 ut
978 2292 1086 2356 tribus
1102 2294 1222 2367 modis,
1239 2296 1272 2357 et
1286 2295 1503 2358 homotribus
1518 2296 1636 2358 modis.
1650 2298 1777 2375 Vigilat
1821 2312 1826 2321 ’

124 2390 296 2453 vindicent
308 2407 369 2469 per
381 2392 544 2469 iustitiam
558 2392 678 2455 delicta
693 2394 728 2455 in
742 2409 779 2455 se
793 2394 827 2456 et
840 2394 924 2454 sub-
979 2391 1118 2467 angelus
1137 2392 1265 2454 duobus
1296 2392 1403 2454 modis
1428 2394 1653 2456 ministerium
1679 2411 1776 2457 suum

124 2487 201 2549 ditis
214 2511 223 2563 3
245 2489 326 2567 quia
342 2491 379 2550 ut
392 2490 440 2551 ιιι
454 2490 631 2552 Psalmista
647 2512 655 2551 ε
677 2492 798 2554 instas
811 2495 925 2553 Domi·
979 2489 1203 2566 exsequendo,
1211 2489 1310 2552 etnos
1318 2490 1775 2555 contrabostesdetendendo.

125 2601 203 2658 nus,
217 2587 400 2658 justitiam
413 2588 572 2650 ditescit...
587 2587 657 2667 (Ps.
675 2591 724 2661 10,
740 2586 789 2668 8.)
803 2589 924 2650 Melius
978 2584 1104 2661 Vigilat
1125 2587 1236 2648 autem
1271 2589 1411 2664 angelus
1439 2590 1473 2650 et
1504 2604 1601 2649 snum
1627 2590 1775 2651 osticium

123 2682 213 2744 enim
239 2683 297 2745 bic
324 2684 444 2761 punire
470 2701 568 2762 quam
593 2685 741 2748 futurum
760 2686 924 2762 judicium
979 2683 1183 2760 ιιιιοιιιιι,
1194 2685 1230 2745 ιι
1239 2684 1281 2745 ad
1291 2700 1352 2747 nos
1363 2684 1541 2748 descendat
1551 2686 1778 2763 etdispositio·

124 2780 319 2857 expectare,
332 2781 422 2858 quia,
434 2783 604 2845 utPaulus
616 2783 664 2845 ait
678 2787 924 2846 :Horrendum
978 2795 1054 2841 nem
1067 2780 1214 2842 divinam
1229 2782 1326 2843 nobis
1344 2783 1512 2859 suggerat
1539 2783 1633 2846 Unde
1659 2784 1777 2849 Daniel

123 2876 193 2956 esti,
213 2881 368 2941 incidere
389 2882 426 2940 in
443 2895 570 2942 neonus
601 2884 741 2943 Domini
772 2882 924 2944 viventis
978 2878 1026 2939 ιιι
1040 2877 1081 2939 da
1096 2879 1216 2955 angelo
1228 2901 1236 2939 ι
1248 2883 1334 2942 Ecce
1349 2884 1431 2957 nteit
1440 2881 1474 2942 et
1487 2882 1629 2943 suiectus
1638 2885 1680 2944 de
1694 2887 1777 2944 coeto

123 2973 238 3053 (Hebr.
257 2993 293 3048 x,
320 2975 385 3055 31).
403 2978 470 3039 Vos
497 2977 596 3039 etiam
620 2977 755 3048 subditi,
780 2978 923 3054 vigilare
977 2977 1150 3039 descendit
1164 2976 1262 3056 (Dan.
1279 2993 1323 3050 lv,
1340 2976 1405 3057 10).
1419 2978 1545 3055 Vigilat
1556 2979 1657 3042 etiam
1672 2995 1777 3055 ange-

9 3082 10 3123 l
123 3071 252 3135 debehs
267 3089 328 3151 per
342 3075 606 3136 misericordiam
616 3076 778 3152 proximis
792 3077 924 3154 impen-
979 3073 1042 3145 lus,
1066 3075 1099 3136 et
1126 3090 1188 3136 nos
1212 3076 1328 3137 contra
1355 3075 1468 3138 hostes
1494 3076 1652 3138 defendit.
1684 3076 1776 3139 Unde

9 3178 11 3217 t
122 3170 278 3244 dandam,
295 3172 386 3248 quia,
403 3174 439 3234 ιι
450 3173 572 3234 dicitur
585 3174 621 3234 in
644 3173 790 3251 Epistola
816 3190 922 3236 cano-
978 3172 1056 3248 quia
1068 3187 1131 3233 nos
1139 3171 1296 3246 defendit,
1308 3173 1444 3235 etnohis
1454 3174 1672 3253 principatur,
1685 3174 1776 3251 prin-

121 3268 200 3330 nica
220 3290 228 3329 ι
255 3285 274 3328 ‹
294 3270 357 3341 Qui
385 3268 541 3332 habuerit
572 3270 788 3333 substantiam
823 3271 923 3350 hrrjus
978 3285 1055 3347 ceps
1081 3271 1195 3332 noster
1212 3271 1345 3333 dicitur.
1361 3272 1455 3334 Unde
1469 3273 1505 3333 in
1517 3273 1658 3334 Daniele
1674 3294 1682 3333 ι
1696 3277 1772 3335 Αι-

122 3382 144 3425 ‹
165 3366 290 3439 mundi,
306 3368 339 3428 et
351 3367 473 3429 viderit
486 3367 623 3430 tratrem
636 3384 732 3430 suum
745 3369 924 3431 necessita·
976 3372 1072 3445 aetas
1096 3371 1158 3430 snb
1182 3372 1315 3431 υιιιοιι
1338 3373 1488 3432 hominis
1501 3371 1553 3432 ait
1565 3387 1576 3431 :
1588 3374 1700 3434 Nemo
1720 3373 1773 3433 est

124 3479 144 3521 ι
164 3464 228 3524 tem
251 3463 389 3538 habere,
410 3465 444 3527 et
464 3465 624 3528 clauserit
644 3466 775 3528 viscera
794 3482 855 3528 sua
881 3466 922 3528 ab
976 3466 1118 3538 adiutor
1130 3481 1239 3538 mens,
1267 3470 1337 3529 nisi
1355 3470 1511 3539 Michaet,
1523 3472 1777 3543 princepsoes-

9 3546 11 3569 ¹
123 3578 145 3621 ‹
163 3577 212 3635 ιο,
226 3562 393 3639 quomodo
412 3563 560 3625 charitas
575 3564 635 3625 Dei
650 3566 763 3627 manet
781 3565 817 3625 ιι
838 3581 878 3626 ιο
891 3582 921 3627 ι.
978 3564 1034 3622 ter
1049 3561 1146 3642 (Dan.
1163 3581 1197 3637 ι,
1212 3562 1278 3644 21).
1293 3565 1448 3641 Pugnant
1459 3565 1562 3628 etiam
1574 3566 1685 3642 angeli
1695 3566 1775 3628 boni

9 3696 11 3709 ·
126 3656 263 3738 (licen.
285 3676 336 3732 111,
356 3659 422 3739 17.)
449 3661 550 3733 Quasi
578 3660 690 3724 dicat:
707 3678 775 3724 non
798 3663 920 3724 manet.
977 3660 1094 3722 contra
1122 3660 1238 3734 malos,
1264 3662 1343 3739 quia
1378 3655 1519 3739 quilibet
1550 3664 1650 3726 homo
1676 3663 1777 3726 habet

124 3756 241 3819 Nonne
255 3757 329 3835 ipse
344 3757 425 3821 dicit
434 3759 470 3819 in
480 3759 660 3835 Evangelio
675 3782 683 3820 ι
698 3762 792 3826 Quod
802 3763 864 3822 ant
875 3775 923 3821 en
978 3773 1080 3817 unum
1093 3758 1249 3834 angelum
1258 3758 1301 3819 ad
1314 3774 1409 3820 suam
1428 3759 1666 3832 detonsionem,
1678 3762 1711 3821 ιι
1722 3760 1776 3820 al-

124 3858 279 3917 ntnimts
289 3858 379 3916 meis
391 3857 535 3929 fecistis,
547 3859 634 3919 anthi
643 3858 773 3931 fecistis
788 3856 919 3936 (Matth.
977 3854 1084 3915 terum
1109 3854 1152 3915 ad
1178 3870 1273 3915 suam
1296 3854 1568 3931 impugationem.
1585 3858 1665 3916 Cum
1694 3871 1774 3932 ergo

124 3952 282 4031 naid).
311 3953 430 4014 Nonne
452 3953 524 4030 ipse
552 3953 657 4016 multa
681 3954 840 4017 sustinuit
862 3971 922 4032 pro
976 3951 1641 4028 nmquampigridormitemus,rogemus
1656 3955 1771 4026 Deum,

124 4048 227 4122 robis,
243 4052 278 4111 et
291 4049 450 4113 vosnibil
464 4050 566 4113 vulda
589 4051 756 4113 sustinere
778 4067 838 4130 pro
864 4054 923 4114 eot
976 4064 1131 4124 rogemus
1152 4048 1301 4124 angelos,
1322 4049 1359 4111 ut
1377 4049 1442 4128 ipsi
1465 4049 1607 4125 vigilare
1632 4067 1693 4113 nos
1716 4050 1772 4113 ta·

125 4147 246 4220 Noli,o
268 4147 380 4220 home,
405 4148 525 4209 timere
549 4147 665 4225 frigus,
682 4149 716 4210 et
740 4149 922 4212 nuditatem
977 4147 1078 4220 ciant,
1099 4147 1177 4225 quia
1200 4147 1328 4224 angelis
1352 4148 1422 4209 suis
1441 4150 1529 4209 Deus
1545 4149 1716 4211 mandavit
1732 4149 1774 4212 de

126 4245 292 4307 susdnere
302 4261 364 4322 pro
374 4245 517 4318 Christe,
526 4247 682 4323 quoniam
702 4247 842 4309 mortale
859 4247 922 4309 hoc
976 4245 1084 4318 nohis,
1099 4245 1128 4307 si
1150 4261 1284 4323 pernes
1298 4262 1365 4308 non
1378 4245 1517 4318 steterit,
1535 4248 1572 4308 ιι
1585 4247 1775 4310 custodiant

125 4342 237 4406 induet
258 4342 554 4407 immortalitatem.
575 4344 653 4406 Noli
681 4346 781 4407 etiam
804 4345 922 4407 timere
977 4357 1039 4403 nos
1058 4343 1094 4404 in
1108 4343 1264 4405 omnihus
1283 4343 1347 4405 viis
1367 4344 1502 4406 nostris.
1517 4345 1643 4421 Vigilat
1658 4345 1776 4407 diabo-

125 4456 181 4515 pro
195 4441 329 4504 Christo
342 4440 508 4504 statinere
519 4439 642 4503 tamem
656 4443 715 4505 aut
727 4442 827 4515 sitim,
844 4442 922 4519 quia
976 4439 1029 4500 lus
1043 4456 1104 4517 per
1128 4457 1164 4502 se
1179 4441 1212 4502 et
1232 4440 1380 4503 membra
1405 4458 1466 4504 sua
1485 4441 1527 4503 ad
1542 4442 1774 4519 decipiendum

126 4552 197 4598 eum
226 4537 398 4603 transiens
431 4538 645 4612 ministrabit,
671 4538 921 4601 inaestimabiles
977 4539 1010 4600 et
1031 4539 1217 4601 nocendum
1241 4540 1347 4600 nobis.
1372 4540 1466 4601 Unde
1484 4539 1532 4601 alt
1551 4541 1669 4601 Petrus
1685 4561 1693 4599 :
1709 4543 1774 4602 So-

126 4633 259 4697 dalicias
272 4635 345 4697 suis
361 4634 513 4699 fidelibus
526 4635 706 4709 exhibebit,
717 4637 922 4713 quaequanto
977 4639 1043 4697 brit
1066 4637 1173 4699 estote
1200 4637 1235 4698 ιι
1250 4637 1390 4712 ιιιιιιιιι
1401 4640 1439 4697 in
1453 4637 1680 4708 orationihus,
1690 4641 1773 4710 puto

126 4733 265 4811 amplius
288 4731 523 4809 gustabuntur,
549 4733 641 4795 tanto
669 4734 800 4795 avidius
815 4748 921 4811 appe·
975 4735 1202 4795 adversarias
1224 4734 1506 4794 cesterdiabotns
1526 4733 1775 4808 circumqua-

126 4832 245 4903 tantur,
260 4846 303 4893 eo
315 4831 402 4907 quod
415 4831 557 4906 gustata
572 4846 638 4892 non
653 4830 812 4906 ingerunt
821 4829 921 4892 tasti-
977 4843 1059 4891 reris
1072 4844 1175 4902 onem
1188 4829 1339 4900 ιιιοονιι,
1360 4831 1417 4890 ent
1438 4829 1591 4891 resistite
1612 4831 1721 4903 sortes
1735 4835 1797 4893 in-

127 4926 224 5000 dium,
241 4926 300 4990 sad
317 4926 675 5005 pariuntdesiderium.
975 4928 1042 5000 tide
1067 4928 1096 5005 tl
1127 4926 1197 4988 Pet.
1225 4942 1256 4998 v,
1283 4923 1329 5002 8).
1362 4925 1402 4986 nt
1423 4924 1541 4987 beatus
1563 4929 1770 5005 Gregorius:

162 5026 255 5087 h'ihil
296 5024 427 5086 dulcius
464 5041 562 5101 quam
586 5040 788 5102 cognoscere
819 5026 921 5088 Deum
975 5023 1140 5088 «Nullus
1150 5023 1185 5083 in
1200 5022 1265 5084 hac
1276 5022 1519 5100 vitajustorum
1531 5025 1633 5098 venit,
1642 5027 1697 5103 qui
1706 5042 1775 5088 non

127 5122 233 5185 rivum
252 5124 288 5185 et
310 5138 437 5184 verum.
461 5122 555 5183 Nihil
575 5121 809 5185 delectabilius
822 5139 921 5200 quam
976 5120 1224 5198 antiquibostis
1238 5120 1380 5183 insidias
1402 5137 1521 5199 passus
1536 5122 1621 5184 sit.»
1644 5125 1684 5185 Et
1697 5124 1773 5187 ideo

129 5212 263 5282 laudare
287 5222 391 5281 Deum
417 5221 606 5282 Creatorem
634 5220 667 5282 et
702 5219 919 5282 salvatorem.
976 5234 1185 5296 summopere
1195 5218 1337 5296 vigilare
1349 5218 1507 5282 debemus
1522 5236 1565 5282 ne
1577 5236 1651 5282 cum
1665 5221 1774 5285 eoaut

129 5319 263 5395 Propter
275 5318 339 5380 hoc
358 5316 528 5380 ineffabile
539 5316 670 5381 honum
681 5317 762 5381 dicit
775 5319 920 5396 Aposto-
976 5315 1193 5393 complicibus
1227 5319 1299 5395 ejus
1334 5317 1537 5381 consortium
1570 5315 1772 5392 habeamus,

130 5413 196 5474 lus:
211 5419 291 5479 Non
317 5416 401 5476 sant
423 5418 601 5491 candiana
617 5418 797 5490 passiones
819 5418 922 5489 hians
976 5414 1054 5491 quia
1069 5415 1129 5475 alii
1144 5415 1201 5493 qui
1225 5416 1304 5477 sunt
1321 5415 1469 5479 membra
1488 5412 1612 5475 diaboli
1626 5413 1726 5476 honis
1737 5432 1774 5478 se

133 5510 290 5588 temporis
303 5516 350 5574 ad
368 5513 526 5589 {tctzuam
539 5516 688 5590 ριοιιιιιιι
701 5518 923 5587 conuenere
976 5512 1155 5584 associant,
1172 5515 1209 5575 ut
1226 5529 1284 5575 eos
1298 5527 1439 5590 peccare
1452 5511 1577 5573 iaciant
1591 5513 1658 5574 eta
1682 5515 1775 5577 recta

133 5610 220 5673 ιιιιιι·
242 5615 281 5674 tn
301 5613 399 5673 rtodts
415 5608 524 5687 (Rom.
554 5626 625 5682 vin,
643 5610 707 5690 18),
725 5612 758 5673 in
774 5626 838 5689 qua
858 5610 922 5673 erit
976 5611 1031 5674 ιιι
1042 5611 1268 5689 supplantent.
1285 5612 1379 5674 Unde
1392 5612 1428 5675 in
1445 5609 1637 5673 Proverbiis
1653 5611 1775 5676 dicitur
