3982 6196
89 342 144 403 ool

92 524 135 594 to,
148 524 182 583 et
192 520 448 583 successoribus
460 524 545 599 eJus,
558 522 644 585 sicut
655 523 798 601 propriis
810 526 895 602 epis-

93 620 196 697 copis,
209 620 251 680 de
262 620 430 681 communi
439 619 579 681 fratrum
588 621 730 683 consilio
738 624 896 684 condem-

59 798 63 807 ι
93 718 197 789 navit,
237 718 436 779 auctoritate
471 719 660 795 Apostolica
697 721 894 782 sententiam

93 816 295 878 antedictam
309 816 520 888 confirmans,
530 817 616 878 sicut
626 817 661 877 in
670 820 743 895 ejus
753 818 896 880 authen-

93 916 157 977 tico
174 912 351 975 manifeste
367 914 597 991 perspeximus
610 916 785 977 contineri.
802 919 895 977 Prae-

92 1014 185 1074 terea
209 1012 368 1089 quoniam
392 1012 567 1090 privilegia
592 1012 699 1073 felicis
725 1014 894 1075 memoriae

93 1110 894 1186 anastasii,etddrianipontificumRomanorum

95 1208 247 1271 eeclesiae
267 1206 423 1268 Bobieusi
442 1208 575 1281 collata,
588 1209 715 1286 partim
730 1208 896 1271 malitiose

94 1306 217 1385 abrasa
232 1305 366 1368 fuerant
376 1306 412 1367 in
427 1306 533 1383 ipsius
548 1306 699 1383 ecclesiae
714 1307 896 1369 detrimen-

94 1406 176 1477 tum,
191 1403 280 1465 idem
303 1406 394 1481 Papa
413 1404 536 1466 Lucius
550 1405 665 1467 volens
684 1405 895 1468 indemnitati

95 1504 167 1580 eius
197 1502 233 1563 in
258 1501 428 1579 posterum
457 1502 648 1579 providere,
672 1503 832 1572 decrerit,
860 1505 897 1565 ut

95 1601 234 1678 propter
242 1601 320 1661 illas
333 1615 469 1661 rasuras
480 1601 572 1662 nullo
588 1618 734 1678 unquam
748 1602 896 1679 tempore

96 1698 186 1759 dicta
214 1697 391 1774 privilegia
418 1697 655 1774 reprobentur,
684 1714 758 1777 quae
784 1700 895 1769 omnia

95 1796 308 1873 postmodum
335 1812 396 1873 per
422 1796 485 1872 piae
521 1797 690 1859 memoriae
727 1797 896 1859 Urbanum

96 1897 223 1971 Papam
236 1894 517 1970 ‚praedecessorem
532 1899 683 1956 nostrum
700 1895 896 1957 auctoritate

95 1991 235 2054 fuerunt
245 1991 435 2069 apostolica
446 1993 651 2065 confirmata,
663 1994 761 2070 prout
775 1993 809 2053 in
825 1995 897 2070 eJus

96 2089 275 2166 privilegio
295 2089 426 2165 plenius
443 2090 641 2152 continetur.
662 2092 768 2162 Quum
785 2093 897 2152 autem

97 2187 167 2248 iere
192 2188 228 2248 in
252 2189 374 2248 nostrae
401 2188 619 2264 promotionis
646 2188 827 2266 primordio
856 2187 896 2249 ad

97 2287 248 2346 nostram
259 2285 464 2346 audientiam
476 2286 692 2363 pervenisset,
710 2285 794 2363 quod
811 2301 899 2364 prae-

98 2382 202 2444 latum
217 2385 250 2442 S.
266 2381 461 2444 columbani
474 2383 711 2445 monasterium
722 2383 762 2445 ad
775 2386 900 2446 Roma-

97 2497 177 2542 nam
192 2480 376 2542 Ecclesiam
392 2480 485 2542 nullo
497 2481 663 2543 mediante
678 2482 896 2559 spectaverat,

97 2595 137 2641 ac
152 2578 233 2640 licet
251 2580 368 2640 contra
387 2579 495 2656 ipsum
514 2578 616 2641 suerit
635 2580 798 2641 sententia
816 2594 898 2657 pro-

99 2676 261 2753 mulgata,
288 2675 415 2736 nullum
441 2677 552 2738 tamen
577 2677 774 2754 apostolicae
804 2676 898 2737 Sedis

101 2773 255 2835 debuerit
278 2774 508 2851 praejudicium
531 2775 698 2849 generari,
722 2790 823 2851 quum
844 2790 898 2834 res

98 2870 285 2932 interalios
296 2873 381 2941 acta,
391 2870 468 2931 aliis
478 2870 697 2948 praejudicare
709 2871 897 2948 nonpossit,

102 2968 290 3029 venerabili
310 2968 405 3029 fratri
430 2969 544 3030 nostro
566 2969 817 3045 archiepiscopo
835 2971 897 3031 Ja-

102 3065 232 3138 nueosi,
249 3067 330 3127 tunc
344 3065 499 3127 Bobiensi
512 3066 678 3142 episcopo,
694 3065 844 3127 dedimus
864 3066 899 3126 in

102 3164 281 3237 mandatis,
296 3164 332 3226 ut
344 3165 372 3224 si
388 3163 549 3225 haberent
561 3164 695 3241 aliquod
711 3164 900 3225 munimen-

99 3265 179 3336 tum,
198 3278 259 3339 per
273 3262 359 3339 quod
376 3261 498 3322 dictum
511 3260 749 3323 monasterium
764 3278 807 3323 ex
820 3278 901 3323 con·

103 3359 257 3420 cessione
290 3357 386 3419 Sedis
414 3358 611 3434 Apostolicae
646 3374 705 3418 suo
733 3358 901 3420 diceretur

98 3457 272 3534 episcopio
285 3455 388 3517 luisse
405 3455 601 3533 subjectum,
620 3455 703 3516 illud
716 3455 758 3517 ad
774 3456 901 3517 certum

100 3555 282 3615 terminum
295 3554 391 3615 nobis
402 3569 462 3631 per
471 3553 641 3631 proprium
656 3554 814 3614 nuncium
823 3552 902 3614 mit-

100 3655 173 3713 tere
188 3668 256 3713 non
269 3651 429 3722 differret,
443 3667 483 3712 ac
494 3667 593 3729 quum
606 3653 742 3728 propter
755 3651 818 3712 boc
827 3656 900 3727 ipse

100 3749 141 3809 ad
156 3750 305 3809 nostram
321 3747 534 3825 praesentiam
549 3747 769 3824 personaliter
781 3762 899 3808 acces-

101 3848 204 3907 sisset
215 3861 328 3907 coram
343 3844 451 3917 nobis,
467 3846 500 3906 et
512 3845 670 3906 iratribus
684 3844 806 3906 nostris
823 3861 901 3905 suas

99 3943 232 4005 curavit
243 3958 428 4019 proponere
443 3943 601 4014 rationes,
619 3943 652 4003 et
666 3958 739 4018 quae
757 3957 902 4018 unquam

100 4056 204 4118 super
219 4040 294 4117 ipso
314 4040 448 4116 negotio
468 4038 612 4102 habebat
632 4038 806 4101 ostendere
821 4055 899 4099 mu-

100 4140 264 4200 nimenta.
750 4137 754 4146 '

140 4238 213 4298 Nos
227 4235 331 4310 igitur
343 4235 550 4296 attendentes
559 4232 769 4295 devotionem
784 4233 899 4310 ipsius,

100 4335 134 4396 et
159 4334 390 4411 paupertatem
411 4332 512 4392 etiam
537 4331 689 4392 ecelesiae
715 4329 900 4403 Bobiensis,

102 4446 177 4509 quae
192 4430 271 4492 licet
286 4429 469 4507 pontificali
483 4430 526 4490 sit
535 4428 673 4505 praedita
683 4428 855 4504 dignitate,
868 4427 903 4488 io

719 347 948 407 EPISTOLAE.
973 351 1052 410 LIB.
1077 353 1117 411 ΙΙ.

1686 356 1746 415 662

949 512 1096 571 nostram
1117 512 1330 587 praesentiam
1352 514 1559 586 accedentes,
1583 513 1678 575 nobis
1702 529 1745 575 ex

949 608 1042 683 parte
1060 607 1200 681 abbatie,
1222 611 1256 671 et
1274 613 1455 672 conventus
1474 611 1647 673 humiliter
1666 628 1746 688 sup-

949 705 1127 781 plicarunt,
1138 707 1175 767 ut
1185 723 1286 783 quum
1297 707 1404 769 dictus
1417 709 1592 786 episcopus
1603 710 1657 770 cui
1667 725 1747 784 gra-

948 803 1131 864 tiamillam
1142 805 1363 881 personaliter
1375 805 1530 867 duximus
1545 806 1743 878 faciendam,

949 903 1037 963 esset
1052 901 1092 962 ad
1106 903 1281 963 ecclesiam
1294 905 1496 965 laudensem
1508 904 1701 976 translatus,
1714 904 1747 965 et

948 998 1053 1061 tucos
1068 1000 1296 1077 multipliciter
1310 1017 1522 1077 aggravares,
1536 1006 1591 1078 jus
1605 1003 1747 1078 Aposto-

950 1096 1024 1158 licae
1038 1097 1133 1158 Sedis
1149 1114 1250 1175 supra
1274 1099 1348 1175 ipso
1367 1099 1500 1175 negotio
1519 1099 1675 1176 prosequi
1690 1099 1746 1158 di-

949 1210 1139 1269 gnaremur,
1174 1211 1274 1272 quum
1305 1196 1470 1258 sententia
1505 1196 1677 1274 praelibata
1710 1197 1747 1256 in

951 1292 1042 1354 nullo
1055 1292 1205 1355 debuerit
1214 1293 1293 1355 Sedi
1306 1293 1504 1370 Apostolicae
1517 1294 1747 1371 praejudicium

949 1404 1122 1466 generare,
1159 1391 1346 1467 praesertim
1382 1408 1483 1469 quum
1524 1391 1748 1469 promulgavit

950 1487 1100 1549 eamdem
1115 1503 1159 1550 ex
1173 1488 1275 1550 cilicii
1290 1488 1411 1561 debito,
1436 1491 1470 1550 et
1483 1489 1571 1566 juris
1595 1489 1747 1550 necessi-

950 1586 1018 1647 tate
1046 1602 1148 1664 supra
1174 1586 1357 1662 quaestione
1384 1585 1424 1647 de
1450 1602 1516 1664 qua
1546 1586 1749 1663 cognoverat

951 1685 1136 1759 oportuerit
1158 1684 1322 1762 judicare,
1344 1699 1406 1746 nec
1434 1699 1488 1745 res
1504 1684 1654 1762 iudicata
1680 1683 1748 1744 illis

951 1780 1068 1843 obesse
1079 1782 1207 1858 poterat
1219 1782 1307 1843 inter
1319 1797 1401 1860 quos
1414 1797 1480 1842 non
1495 1781 1610 1842 existit
1619 1781 1749 1859 judica·

951 1879 1031 1939 tum.
1058 1881 1164 1951 Quum
1181 1879 1285 1955 igitur
1304 1878 1399 1940 Sedis
1420 1878 1618 1961 Apostolioae
1636 1877 1748 1940 habita

952 1976 1130 2048 custodire,
1143 1992 1182 2037 ac
1192 1977 1309 2038 invasa
1319 1991 1519 2054 recuperare
1530 1975 1750 2053 spiritualiter

951 2075 1134 2146 teneamus,
1148 2073 1333 2135 venerabili
1347 2073 1444 2134 fratri
1455 2074 1569 2136 nostro
1580 2074 1747 2150 episcopo,

953 2174 986 2233 et
1011 2170 1131 2232 dilecto
1158 2171 1227 2231 illio
1249 2170 1360 2232 abbati
1387 2170 1534 2232 omnium
1550 2171 1747 2232 Sanctorum

953 2270 1146 2330 Cremonen.
1156 2268 1306 2330 dedimus
1319 2268 1355 2329 in
1370 2268 1546 2341 mandatis,
1560 2267 1596 2329 ut
1605 2267 1635 2328 si
1649 2282 1751 2328 cons·

952 2367 1038 2429 taret
1051 2366 1187 2439 eisdem,
1197 2367 1229 2428 te
1239 2366 1347 2443 ipsum
1356 2363 1750 2429 monasteriumindebita

953 2480 1148 2541 aggravare,
1176 2464 1321 2542 aliquem
1348 2480 1449 2541 supra
1473 2463 1589 2524 eodem
1615 2462 1748 2538 negotio

953 2564 1202 2641 procuratorem
1237 2562 1392 2623 idoneum
1426 2561 1625 2638 Apostolicae
1653 2559 1749 2621 Sedis

954 2661 1149 2732 statuerent,
1167 2661 1199 2722 et
1210 2659 1358 2736 partibus
1369 2658 1615 2726 convocatis‚et
1626 2656 1750 2718 auditis

954 2757 1032 2818 hinc
1059 2758 1137 2819 inde
1167 2756 1345 2835 propositis
1374 2772 1478 2833 usque
1502 2756 1543 2817 ad
1566 2754 1751 2816 diffinitivae

954 2855 1126 2917 sententiae
1161 2855 1327 2916 calculum
1365 2853 1555 2931 apostolica
1588 2854 1751 2931 potestate

954 2952 1183 3030 procedentes,
1194 2968 1329 3013 causam
1340 2951 1545 3013 sufficienter
1554 2951 1752 3012 instructam

954 3051 995 3112 ad
1019 3051 1231 3128 praesentiam
1253 3051 1400 3111 nostram
1423 3049 1641 3121 remitterent,
1662 3064 1751 3126 prae-

955 3149 1022 3210 tiro
1033 3149 1175 3210 termino
1188 3146 1338 3226 partibus
1349 3147 1558 3225 competenti,
1571 3145 1702 3223 quando
1713 3161 1749 3206 se

955 3250 1069 3309 nostro
1084 3246 1275 3324 conspectui
1288 3246 1539 3323 praesentarent,
1555 3243 1752 3305 senteutiam

955 3346 1055 3407 dante
1083 3344 1234 3417 Domino,
1256 3346 1452 3421 recepturae.
1474 3342 1650 3404 Memorati
1674 3356 1754 3417 ergo

955 3443 1141 3519 episcopus,
1158 3441 1192 3503 et
1214 3440 1353 3516 collega,
1371 3440 1457 3501 sicut
1477 3455 1538 3516 per
1558 3455 1637 3500 suas
1657 3438 1753 3499 uobis

955 3541 1085 3602 litteras
1098 3539 1304 3608 intimarunt,
1317 3537 1503 3598 evidentius
1514 3538 1752 3611 cognoscentes

955 3638 1079 3698 dictum
1094 3637 1156 3698 ate
1170 3635 1357 3696 coenobium
1368 3648 1468 3710 supra
1482 3634 1594 3695 multis
1606 3632 1751 3693 indebite

956 3734 1144 3812 aggravari,
1166 3749 1266 3810 quum
1282 3732 1316 3793 in
1339 3732 1471 3807 negotio
1487 3734 1584 3809 Juxta
1603 3730 1752 3792 mandati

956 3832 1060 3895 nostri
1085 3834 1235 3893 tenorem
1258 3829 1382 3892 vellent
1408 3828 1599 3905 procedere,
1630 3831 1677 3899 tu,
1710 3844 1753 3888 ne

957 3928 1184 4008 procederent,
1197 3926 1420 4005 Apostolicam
1434 3925 1551 3986 Sedem
1564 3925 1751 4002 appellasti.

958 4026 1021 4089 Sed
1038 4027 1113 4104 ipsi,
1129 4024 1352 4102 appellatione
1362 4024 1560 4099 contempta,
1573 4023 1608 4082 in
1620 4023 1753 4098 negotio

957 4124 1184 4203 procedentes,
1199 4122 1373 4199 quemdam
1387 4120 1585 4183 monachum
1601 4136 1675 4180 cum
1689 4120 1755 4196 pri·

957 4221 1101 4298 vilegiis,
1125 4222 1158 4283 et
1185 4221 1318 4298 scriptis
1342 4220 1430 4292 aliis,
1457 4234 1530 4297 quae
1550 4217 1591 4279 ad
1620 4233 1754 4279 causam

958 4320 1068 4381 iacere
1083 4319 1298 4390 videbantur,
1316 4318 1357 4380 ad
1373 4319 1521 4379 nostram
1540 4316 1752 4393 praesentiam

957 4417 1226 4480 transmiserunt.
1244 4419 1415 4493 Quumque
1433 4416 1567 4493 propter
1586 4415 1648 4479 boc
1665 4413 1753 4475 esset

101 4528 290 4590 redditibus
304 4529 417 4588 tamen
427 4542 502 4589 esse
512 4525 708 4603 proponitur
718 4526 859 4597 modica,
871 4528 904 4587 et
957 4515 1045 4594 apud
1055 4514 1172 4577 Sedflm
1182 4513 1406 4591 APOSiOlifflffl
1416 4512 1673 4584 constitutus‚ac
1684 4527 1758 4587 POS-

101 4622 795 4702 exilis,aprosecutionequaestionisillius,
805 4639 902 4700 quam
957 4614 1081 4675 tutaret
1094 4612 1259 4675 instanter
1274 4626 1478 4689 PPOCOSSUffl,
1495 4609 1659 4670 diciorum
1674 4610 1757 4668 Cre·

102 4739 205 4801 super
218 4722 356 4801 praelato
369 4722 572 4784 monasterio
583 4719 806 4790 movebamus,
823 4723 904 4782 tunc
958 4711 1127 4772 m0nesssis
1158 4710 1305 4787 episcopi
1330 4723 1371 4770 dc
1395 4707 1542 4783 collegae,
1563 4706 1676 4783 utpote
1697 4705 1756 4767 lito

101 4822 260 4883 duximus
294 4819 539 4891 desistendum,
580 4818 830 4895 praecipientes,
869 4819 905 4879 ut
958 4809 1095 4869 minime
1105 4807 1302 4878 contestata,
1316 4807 1348 4868 et
1359 4804 1698 4882 postappellationem
1713 4803 1754 4863 ad

100 4921 191 4981 idem
206 4918 447 4980 monasterium
458 4918 557 4994 juxta
567 4919 718 4979 tenorem
729 4914 903 4977 sententiae
958 4923 1019 4968 nos
1027 4906 1175 4983 legitime
1182 4903 1411 4981 interpositam
1420 4900 1615 4964 attentatum
1625 4901 1757 4961 censeri

101 5016 245 5094 Eugenii
258 5019 358 5092 Papae
371 5014 530 5077 exhibere
544 5014 608 5075 sibi
621 5012 854 5084 reverentiam,
872 5015 905 5075 et
960 5020 1095 5081 prorsus
1105 5001 1249 5074 irritum,
1265 4999 1417 5071 etinane,
1430 5015 1490 5059 nos
1499 4999 1671 5076 utriusque
1684 5014 1758 5075 par-

101 5115 328 5177 obedientiam
343 5112 549 5190 procuraret,
570 5112 617 5173 ita
630 5112 743 5173 tamen
760 5110 846 5188 quod
862 5127 905 5171 ex
958 5103 1001 5163 tis
1021 5101 1170 5163 VOlessies
1190 5114 1328 5178 pamele
1341 5096 1522 5166 laboribus,
1539 5096 1573 5161 et
1586 5096 1753 5174 exiensis,

101 5212 213 5290 gratia
236 5210 299 5272 sibi
311 5211 407 5282 iacta,
424 5209 690 5287 aprosecutione
711 5208 904 5287 quaestionis
959 5202 992 5262 et
1013 5215 1054 5261 ne
1069 5197 1259 5277 hujusmodi
1274 5196 1414 5275 quaestio
1434 5195 1470 5255 in
1492 5194 1649 5256 recidivae
1671 5210 1756 5255 con-

103 5310 299 5389 praemissae,
316 5307 375 5369 illo
395 5309 543 5385 tempore
560 5306 761 5376 desistendo,
777 5305 904 5367 nullum
959 5296 1149 5375 temptionis
1175 5294 1367 5373 scrupulum
1397 5292 1588 5362 relabatur,
1614 5292 1753 5370 provida

102 5409 218 5486 posset
240 5405 318 5467 Sedi
333 5405 531 5482 Apostolicae
551 5403 783 5482 praejudicium
797 5419 904 5480 gene·
960 5396 1143 5474 cupientes
1157 5392 1382 5456 sollicitudine
1409 5406 1608 5469 praecavere,
1635 5390 1756 5452 dilecto

103 5506 188 5578 rari,
211 5502 400 5581 quominus,
421 5519 523 5580 quum
542 5501 769 5574 velletsuam
794 5503 906 5578 posset
960 5495 1028 5556 lilio
1052 5493 1186 5555 Oddone
1214 5492 1363 5569 acolyto,
1381 5491 1415 5552 et
1440 5488 1614 5565 capellano
1640 5489 1755 5550 nostro

104 5603 263 5682 prosequi
286 5600 461 5662 rationem.
487 5599 690 5662 Procedente
713 5613 793 5661 vero
815 5599 903 5661 tem·
960 5592 1174 5671 procuratore
1198 5592 1356 5653 Romanae
1382 5584 1540 5649 Ecclesiae
1564 5586 1755 5652 constituto,

104 5718 185 5778 pore
205 5703 240 5761 C.
258 5702 292 5761 et
309 5701 347 5759 V.
367 5697 520 5760 monachi
537 5697 684 5773 ejusdem
698 5696 846 5780 ⁸coenobii
863 5697 903 5758 ad
960 5708 998 5753 ae
1013 5707 1125 5754 coram
1141 5688 1236 5753 nobis
1257 5688 1291 5750 et
1305 5685 1464 5749 iratribus
1484 5683 1606 5747 nostris
1624 5684 1682 5748 lite
1696 5701 1755 5747 so-
