3980 6206
216 314 275 372 739

217 471 289 542 liei,
308 468 440 531 dilectis
463 467 541 528 filiis
558 465 667 528 abbati
684 469 717 528 et
737 466 916 530 conventui
931 469 1008 529 Las·

216 567 405 631 berniensis
430 564 634 635 monasterii,
664 564 851 626 salutemet
876 568 1013 643 aposto·

217 668 316 729 licam
331 662 605 727 benedictionem.

258 768 363 836 Quum
387 760 525 822 anobis
546 760 680 836 petitur,
710 761 796 837 quod
816 761 942 838 Justum
964 762 1016 823 est

146 878 151 892 ·
218 864 251 923 et
277 860 469 930 honestum,
500 859 569 918 tam
596 857 692 932 vigor
721 858 887 935 aequitatis
915 873 1014 935 quarn

217 958 299 1020 ordo
316 956 422 1029 satuit
442 955 593 1026 rationis,
620 956 656 1015 ut
679 954 711 1014 id
734 971 792 1032 per
816 955 1016 1018 sollicitudi-

218 1072 293 1116 nem
320 1052 420 1114 offleii
444 1053 550 1113 nostri
574 1052 616 1112 ad
644 1052 789 1113 debitum
815 1053 1016 1129 perducatur

218 1152 384 1214 effectum.
402 1152 594 1228 Eapropter,
613 1150 725 1211 dilecti
742 1151 777 1210 in
790 1150 930 1211 Domino
940 1149 1014 1221 filii,

218 1249 338 1311 vestris
350 1249 451 1327 justis
466 1247 744 1325 postulationibus
758 1249 853 1324 grato
870 1262 1016 1309 concar-

218 1350 329 1408 rentes
347 1362 499 1418 assensu,
524 1345 684 1417 redditus,
709 1363 791 1422 quos
812 1344 1016 1407 venerabilis

218 1445 323 1507 frater
348 1447 462 1506 noster
483 1444 520 1503 O.
547 1443 823 1504 Monasteriensis
843 1444 1016 1519 episcopus

219 1542 254 1605 in
269 1541 410 1604 ecclesia
436 1541 477 1601 de
494 1541 685 1612 Tbisdeten,
706 1540 801 1602 vobis
821 1540 862 1601 de
876 1555 1017 1604 assensu

219 1641 356 1716 capituli
378 1639 430 1700 sui
452 1638 582 1700 liberali
607 1637 746 1699 contulit
770 1638 903 1716 pietate,
930 1638 1018 1700 sicut

219 1754 276 1801 eos
288 1738 378 1815 juste
394 1753 432 1798 ac
447 1736 584 1814 pacifice
599 1736 788 1813 possidetis,
807 1735 901 1797 vobis
912 1736 947 1797 et
958 1750 1019 1813 per

218 1851 278 1896 vos
301 1834 504 1896 monasterio
522 1835 635 1896 vestro
656 1834 853 1895 auctoritate
876 1832 1019 1911 Aposto-

219 1933 285 1994 lica
306 1932 540 1993 confirmamus
558 1931 592 1992 et
616 1932 790 2008 praesentis
816 1931 931 2008 scripti
952 1946 1017 2008 pa·

218 2030 361 2095 trocinio
386 2030 640 2091 communimus
665 2029 759 2090 Nulli
782 2044 862 2105 ergo
883 2029 1017 2091 omnino

219 2128 390 2189 hominurn
404 2127 506 2188 liceat
520 2126 607 2188 hanc
623 2127 781 2204 paginam
800 2128 922 2188 nostra
937 2142 1019 2187 con-

220 2225 419 2287 firmationis
445 2224 637 2301 infringere,
666 2224 721 2287 vel
743 2225 775 2286 ei
802 2241 887 2286 ausu
908 2227 1016 2286 teme-

219 2324 311 2385 rario
323 2322 500 2385 contraire.
518 2323 553 2383 Si
564 2323 639 2400 quis
651 2324 762 2384 autem
776 2322 840 2384 hoc
855 2324 1018 2385 attentare

219 2421 478 2500 praesumpserit,
505 2420 768 2496 indignationem
782 2420 1018 2497 omnipotentis

219 2519 280 2581 Dei
294 2520 328 2580 et
340 2517 512 2593 beatorum
528 2518 618 2580 Petri
634 2522 668 2580 et
680 2517 777 2580 Pauli
793 2518 1017 2595 apostolorum

220 2620 295 2694 ejus
315 2632 351 2678 se
369 2617 500 2680 noverit
514 2615 738 2678 incursurum.
764 2617 882 2678 Datum
905 2618 1018 2678 Romae

220 2715 308 2793 apud
330 2716 487 2777 Sanctum
501 2714 649 2781 Petrum,
667 2716 696 2775 ll
710 2714 785 2775 idus
799 2713 891 2785 mail,
908 2712 1021 2791 ponti-

105 2860 108 2865 .
220 2812 338 2875 duatus
350 2811 455 2879 nostri
465 2829 553 2874 anno
568 2811 725 2874 secundo.

517 3028 720 3115 dcxxxv

316 3183 369 3241 Ad
388 3184 644 3251 Vercetlcusem,
670 3181 920 3241 Tuurtucusem

399 3277 434 3338 et
449 3277 631 3339 astensem
651 3278 837 3350 epmoopos.

519 3406 554 3465 11
565 3406 633 3465 maii
650 3407 728 3466 1118.

319 3522 365 3587 [De
375 3520 461 3582 Genti,
471 3521 554 3573 Notis.
568 3520 647 3573 storia
657 3522 684 3572 di
695 3521 793 3581 Casale,
811 3521 843 3580 II,
855 3520 923 3584 3811]

224 3640 272 3697 Eis
287 3637 405 3698 mandat
414 3646 444 3697 ut
458 3637 605 3695 canonicis
613 3638 742 3697 ecclesiae
753 3638 957 3697 canonicorum
972 3638 1021 3696 Ca·

259 3729 424 3798 salensium,
442 3728 555 3801 penitus
571 3727 714 3785 dissolute
735 3734 765 3784 et
778 3726 938 3796 destructe,
953 3725 1019 3784 sub·

260 3818 424 3875 ventionem
439 3830 598 3890 congruam
614 3818 784 3875 ministrent.

835 310 1010 371 Honorati
1030 311 1076 371 111
1097 309 1244 371 OPERA.

1804 302 1866 361 rm
1970 256 1971 335 3

1067 467 1163 531 tretis
1186 467 1220 529 et
1244 465 1286 527 ab
1307 464 1458 527 ecclesiis
1478 460 1666 527 vestrarum
1681 458 1863 522 dioecesnrn
1970 540 1971 543 Ἴ

1069 582 1141 643 quae
1156 565 1294 643 possunt
1316 563 1350 626 id
1366 560 1539 625 commode
1554 559 1664 621 fecere
1676 558 1865 621 ministrari
1970 558 1971 645 J

1069 662 1284 724 nibilominus
1298 661 1440 733 faciens,
1456 659 1504 722 ita
1518 658 1604 737 quod
1624 658 1658 719 et
1671 657 1736 735 ipsi
1753 658 1865 718 vestro

1069 760 1196 823 suffulti
1218 759 1366 823 subsidio
1389 757 1518 839 possint
1531 755 1688 819 instantis
1699 770 1863 832 persecu-

1068 858 1170 921 tionis
1185 858 1357 935 angustias
1371 854 1509 917 tolerari
1524 869 1696 933 quousque
1719 851 1866 913 iaciente
1970 870 1971 877 ¹

1069 956 1209 1018 Domino
1222 955 1319 1017 aliter
1338 952 1563 1032 providebitur
1583 951 1679 1028 ipsis,
1695 951 1729 1011 et
1752 949 1866 1012 eccle·

1069 1054 1128 1117 siae
1145 1054 1352 1128 memoratam
1368 1067 1494 1128 vosque
1507 1051 1655 1128 ipsorum
1666 1063 1773 1109 onera
1788 1064 1867 1124 sup-

1070 1154 1239 1231 portantes
1273 1149 1507 1227 adimpletores
1534 1146 1756 1209 inveniamini
1782 1145 1865 1220 legis

1070 1250 1204 1321 Christi,
1228 1249 1261 1311 et
1287 1248 1446 1310 fraternae
1477 1244 1718 1324 compassionis
1745 1243 1864 1305 affectu

1070 1347 1303 1409 commendare
1349 1345 1468 1407 merito
1508 1343 1666 1405 debeatis.
1708 1341 1863 1419 Alioquin

1071 1444 1266 1506 mandamus
1287 1442 1473 1506 venerabili
1486 1441 1582 1503 tratri
1597 1440 1711 1502 nostro
1728 1437 1862 1515 Papien.

1071 1544 1236 1621 episcopo,
1254 1543 1290 1603 ut
1302 1542 1373 1620 ipse
1387 1557 1446 1603 vos
1457 1539 1497 1601 ad
1516 1538 1560 1612 id,
1577 1537 1787 1599 districtione
1801 1552 1862 1613 qna

1071 1641 1236 1712 convenit,
1249 1638 1470 1716 appellatione
1483 1638 1621 1708 remota,
1636 1634 1823 1712 compellat

1111 1740 1228 1799 Datum
1263 1740 1376 1799 Romae
1410 1734 1497 1811 apud
1541 1733 1697 1795 Sanctum
1731 1731 1862 1792 Petrum

1071 1838 1102 1898 il
1122 1836 1197 1896 idus
1216 1834 1307 1907 maii,
1330 1833 1540 1911 pontificatus
1564 1829 1670 1893 nostri
1694 1845 1784 1892 anno
1811 1843 1864 1889 se-

1072 1933 1190 1997 cundo.

1358 2073 1583 2162 dcxxxvi

1125 2221 1177 2279 Ad
1187 2220 1354 2280 decultum
1369 2218 1403 2278 ct
1416 2214 1603 2290 capitulum
1615 2216 1650 2276 S.
1666 2213 1819 2275 Martini

1318 2314 1615 2379 ifouusterteustt·
1673 2383 1675 2387 ,

1365 2445 1483 2503 1111111
1499 2444 1578 2503 lile.

1134 2559 1488 2627 [111111111,111111111111
1504 2556 1716 2705 Quadam,
1730 2565 1750 2608 t
1763 2558 1807 2617 111,

1364 2656 1390 2706 p.
1407 2641 1447 2700 oo,
1464 2654 1491 2691 11.
1554 2677 1559 2689 .

1073 2758 1205 2818 1111111111
1219 2756 1255 2816 de
1272 2756 1407 2817 mesols
1418 2754 1496 2815 atde
1509 2757 1759 2828 1111111111
1772 2753 1809 2813 ab
1821 2755 1865 2811 01·

1098 2856 1164 2906 tone
1174 2846 1392 2905 ilonasterieusi
1404 2846 1540 2923 episcopo
1553 2845 1673 2902 collatas
1681 2842 1844 2902 condrust.

1113 2964 1280 3026 Honorius
1312 2963 1507 3041 episcopus,
1544 2977 1660 3024 servus
1697 2976 1867 3023 servorum

1073 3062 1144 3134 Dei,
1161 3061 1291 3127 dilectis
1305 3060 1385 3122 filiis
1400 3061 1525 3122 decano
1545 3060 1577 3122 et
1596 3058 1745 3136 capitulo
1759 3058 1866 3120 Sancti

1073 3159 1210 3221 Martini
1222 3158 1506 3231 Monastariensis,
1523 3157 1665 3219 salutem
1684 3157 1718 3218 et
1738 3156 1870 3234 aposto-

1072 3258 1173 3321 licam
1187 3256 1462 3319 benedictionem.

1112 3356 1217 3418 iustis
1246 3355 1427 3432 patentium
1455 3354 1633 3416 desideriis
1657 3353 1796 3429 dignum
1822 3352 1870 3412 est

1074 3469 1135 3515 nos
1160 3453 1293 3516 facilem
1323 3452 1471 3531 prebere
1497 3468 1711 3523 consensum,
1741 3450 1775 3511 et
1794 3451 1870 3511 vota

1074 3568 1149 3629 quas
1180 3568 1201 3613 a
1229 3552 1370 3613 rationis
1403 3551 1538 3612 tramite
1571 3566 1640 3611 non
1670 3548 1868 3618 discordant,

1073 3650 1196 3712 effectu
1222 3650 1443 3727 prosequente
1472 3648 1651 3725 complere.
1680 3648 1870 3724 [euprepiam

1073 3746 1188 3809 dilecti
1197 3747 1234 3808 in
1251 3748 1392 3809 Domino
1411 3745 1484 3815 filii,
1506 3746 1628 3808 vestris
1639 3745 1742 3822 justis
1759 3744 1872 3821 postu-

1075 3843 1254 3906 lationibus
1273 3846 1369 3921 grato
1389 3845 1627 3905 concurrentes
1642 3858 1795 3913 assensu,
1815 3841 1872 3902 de-

264 3943 432 4006 Honorius
443 3943 619 4020 episcopus
629 3942 786 4005 venerab.
801 3942 1022 4006 fratribver-
1073 3943 1180 4004 cimas
1201 3942 1242 4003 da
1256 3941 1415 4005 Bocholte
1426 3943 1461 4004 et
1482 3940 1522 4002 de
1539 3942 1768 4016 Brunestorpe
1782 3937 1872 4001 nobis

227 4042 314 4115 cell,
328 4042 506 4103 Taurinen.
529 4042 563 4103 et
576 4042 689 4102 Asteu.
705 4040 820 4117 episc,
834 4042 975 4104 salutem
989 4042 1022 4104 et
1075 4039 1293 4102 avenerabili
1311 4038 1414 4103 fratre
1430 4040 1542 4101 nostro
1557 4040 1685 4109 Ottona
1706 4038 1875 4099 110111111-

226 4139 442 4217 apostolicam
457 4138 731 4201 benedictionem.
1076 4138 1180 4199 riensi
1201 4138 1368 4215 episcopo,
1385 4136 1426 4197 de
1444 4152 1584 4197 assensu
1598 4136 1739 4213 capituli
1753 4137 1809 4196 sui
1822 4135 1873 4213 pia

266 4236 385 4298 Dilecti
398 4234 460 4296 filii
474 4236 682 4312 praepositus,
701 4236 734 4297 et
748 4236 901 4299 canonici
920 4239 1023 4299 Casa·
1076 4234 1276 4297 liberalitate
1291 4234 1440 4307 collatas,
1462 4233 1548 4296 sicut
1561 4249 1619 4294 aas
1629 4234 1723 4310 juste
1736 4232 1772 4295 et
1784 4232 1875 4310 paci·

227 4335 351 4406 tenses,
375 4332 445 4393 ord.
470 4334 503 4393 S.
525 4333 713 4408 Augustini,
736 4333 832 4395 nobis
853 4334 1023 4397 humiliter
1077 4333 1138 4393 tice
1162 4330 1351 4409 possidetis,
1375 4331 1470 4393 vobis
1495 4331 1529 4395 et
1554 4347 1615 4410 per
1636 4346 1698 4393 vos
1724 4330 1874 4392 ecclesia

227 4427 466 4507 supplicarunt,
494 4428 530 4488 ut
554 4443 654 4503 quum
677 4442 792 4488 eorum
814 4429 955 4490 ecclesia
971 4428 1024 4491 de·
1076 4431 1196 4492 vestrae
1212 4427 1609 4505 auctoritateApostolica
1627 4428 1872 4498 confirmamus,

229 4525 339 4589 solata¹
362 4526 406 4587 sit
430 4524 562 4602 penitus
584 4524 617 4585 et
636 4523 814 4598 destructa,
837 4542 900 4588 nec
923 4527 1024 4590 etiam
1079 4529 1112 4589 et
1136 4527 1310 4604 praesentis
1335 4526 1451 4604 scripti
1472 4526 1660 4603 patrocinio
1685 4525 1872 4587 communi-

229 4624 430 4687 concedatur
451 4622 601 4700 ejusdem
624 4622 814 4685 inhabitare
828 4624 955 4696 ruinas,
972 4625 1025 4702 ip-
1079 4642 1162 4686 mus.
1179 4624 1270 4686 Nulli
1285 4639 1365 4699 ergo
1380 4625 1515 4685 omnino
1531 4623 1659 4685 homini
1675 4622 1779 4685 liceat
1794 4622 1875 4684 banc

230 4723 277 4784 sis
306 4722 362 4800 qui
385 4723 548 4797 coguntur
575 4721 611 4782 in
638 4721 804 4783 clericalis
818 4722 944 4784 ordinis
960 4738 1023 4800 op·
1078 4722 1234 4799 paginam
1257 4724 1380 4783 nostrae
1402 4720 1663 4784 confirmationis
1681 4719 1874 4797 infringere,

230 4819 400 4897 probrium
435 4819 642 4891 mendicare,
681 4819 857 4896 providere
888 4820 1024 4881 miseri·
1079 4820 1131 4907 vel
1162 4820 1194 4881 ei
1217 4836 1301 4881 ausu
1326 4819 1504 4881 temerario
1531 4818 1708 4881 contraire.
1743 4817 1876 4896 Siquis

231 4918 375 4980 corditer
401 4916 599 4979 taceremus.
628 4920 733 4989 Quum
764 4918 867 4994 igitur
892 4919 928 4980 in
963 4917 1026 4980 boc
1080 4918 1190 4980 autem
1217 4918 1279 4979 hoc
1304 4917 1466 4981 attentare
1492 4917 1761 4995 praesumpserit,
1787 4915 1875 4979 iudi·
1970 4976 1971 4981 ,

232 5014 441 5077 necessitatis
464 5015 605 5076 articulo
633 5031 748 5076 eornm
775 5015 1028 5093 supplicationi·
1079 5016 1270 5093 prationem
1296 5015 1530 5093 omnipotentis
1559 5015 1678 5081 Daiei
1705 5013 1876 5081 beatorum
1970 5008 1971 5059 ἶ

231 5113 293 5174 bus
314 5128 376 5172 nec
396 5110 574 5173 debeamus
591 5113 799 5189 apostolicas
813 5129 911 5175 aures
929 5113 1025 5175 clau·
1082 5114 1173 5176 Patri
1191 5116 1225 5177 et
1241 5113 1337 5175 Pauli
1358 5113 1583 5189 apostolorum
1601 5114 1674 5190 ejus
1692 5126 1730 5173 ae
1747 5110 1878 5174 noverit
1970 5138 1971 5165 l

233 5212 324 5281 dere,
348 5225 409 5271 nec
435 5208 587 5282 velimus,
611 5209 813 5273 fraternitati
836 5211 955 5274 vestras
968 5227 1051 5288 per,
1082 5212 1305 5274 incursurum.
1326 5213 1445 5273 Datum
1465 5214 1579 5277 Rome
1606 5209 1694 5287 apud
1721 5210 1877 5272 Sanctum

233 5308 422 5386 apostolica
435 5307 559 5384 scripta
569 5308 774 5381 mandamus,
786 5311 946 5387 quatenus
958 5309 1029 5370 sin·
1083 5312 1220 5371 Petrum
1245 5311 1276 5371 11
1300 5307 1376 5373 idus
1402 5308 1500 5379 maii,
1529 5307 1743 5387 pontificatus
1772 5305 1876 5368 nostri

235 5405 304 5483 guli
329 5408 401 5483 ejus
425 5405 679 5469 subventionem
698 5421 879 5496 congruam
906 5408 1028 5470 minis·
1083 5423 1171 5469 anno
1189 5406 1347 5470 secundo.
