3982 6196
106 318 165 379 501
741 320 969 383 EPISTOLAE.
992 324 1071 420 Lura.
1095 326 1136 385 ΙΙ.
1344 277 1347 282 v
1702 332 1762 393 562

106 476 212 539 belles
234 476 401 558 humiliat,
428 476 475 539 ita
496 475 686 541 voluntaria
714 477 907 542 obedientes
962 481 1078 544 damus
1102 484 1285 561 quatenus,
1317 482 1405 549 sicut
1432 502 1545 550 caram
1568 487 1670 551 babes
1698 490 1762 552 Di-

108 574 252 648 exaltat3
280 575 432 652 alioquin
452 574 547 636 vobis
565 575 729 653 imputare
744 577 905 654 poteritis,
962 580 1075 641 vinam
1109 582 1142 643 et
1176 584 1400 660 apostolicam
1439 587 1600 662 gratiam,
1637 603 1763 649 memor

108 671 150 742 si,
169 669 364 732 obturantes
384 671 822 747 apostolicismonitionibus
844 690 908 734 au·
964 678 1149 739 litterarum
1171 696 1254 756 quas
1274 697 1374 758 super
1392 683 1508 745 eodem
1536 685 1669 760 negotio
1692 689 1763 763 jam

108 783 163 828 res
186 769 328 840 vestras,
349 768 518 844 vosipsos
541 768 741 831 induxeritis
760 771 794 832 in
817 770 908 832 illius
963 774 1084 836 dudum
1112 776 1295 839 direximus
1321 780 1383 841 tibi
1408 783 1440 843 et
1465 781 1646 844 baronibus
1668 784 1764 859 regni

107 865 317 926 difficultatis
332 865 519 937 articulum,
532 865 572 927 de
587 868 822 945 quaexpediri,
833 884 908 930 cum
962 873 1011 933 tui
1037 870 1100 952 (b),
1129 876 1304 937 Tolosanis
1333 878 1415 955 ipsis
1455 895 1515 956 per
1546 881 1579 942 te
1608 881 1661 942 vel
1689 883 1764 943 tuos

108 963 298 1035 volueritis,
325 979 391 1023 non
411 962 558 1040 possitis,
586 981 661 1025 cum
687 966 722 1025 in
740 966 907 1044 praeterito
962 986 1028 1031 non
1053 971 1226 1049 impendas
1241 975 1294 1035 vel
1314 975 1460 1053 impendi
1490 978 1662 1053 permittas
1684 995 1766 1041 con-

109 1077 210 1138 quam
229 1076 351 1136 graves
379 1061 448 1123 sint
475 1062 666 1138 apostolicae
693 1079 811 1124 manus
834 1064 908 1126 sitis
963 1067 1014 1129 tra
1044 1070 1214 1146 negotium
1249 1073 1342 1149 pacis
1375 1075 1408 1136 et
1437 1074 1526 1147 fidei,
1550 1091 1590 1137 ac
1620 1076 1765 1152 legatum

108 1159 252 1234 experti.
265 1159 383 1221 Datum
394 1159 561 1231 Laterani,
571 1160 740 1222 sextokal.
744 1161 907 1239 januarii,
963 1166 1083 1243 ipsum,
1100 1184 1196 1245 quem
1220 1170 1355 1247 propter
1380 1172 1462 1233 illud
1488 1173 1530 1234 ad
1555 1175 1666 1251 partes
1689 1175 1765 1235 illas

108 1256 326 1332 pontificatus
339 1256 446 1317 nostri
460 1272 549 1336 anno
562 1258 718 1319 secundo.
964 1264 1159 1338 direximus,
1180 1268 1358 1329 consilium
1382 1271 1415 1331 et
1436 1274 1607 1349 juvamen,
1635 1273 1691 1332 sed
1723 1272 1764 1333 ab

964 1376 1078 1422 eorum
1101 1363 1236 1427 civitate
1257 1381 1395 1428 revoces
1420 1383 1534 1429 omnes
1552 1369 1628 1430 tuos
1643 1369 1700 1447 qui
1722 1369 1765 1430 ad

413 1436 609 1523 LXXXIV
964 1475 1037 1521 eam
1050 1461 1232 1524 accessisse
1255 1462 1420 1539 dicuntur,
1437 1466 1470 1529 et
1484 1467 1524 1527 ad
1540 1482 1613 1528 eam
1634 1469 1768 1545 propter

210 1580 452 1652 AdJaeobum,
477 1582 663 1656 aragoniae
679 1594 808 1656 reygm,
965 1556 1028 1618 boc
1040 1559 1198 1621 accedere
1213 1560 1254 1621 de
1274 1562 1395 1623 caetero
1410 1579 1475 1625 nen
1496 1564 1679 1641 permittas,
1705 1581 1768 1626 nec

408 1701 443 1760 23
457 1700 520 1759 dec·
534 1702 613 1760 12¹7·
965 1654 1066 1714 aliam
1081 1657 1204 1717 terram
1218 1673 1291 1734 quae
1306 1659 1503 1735 inpartibus
1523 1660 1592 1721 illis
1608 1662 1766 1724 Ecclesiae
1863 1707 1866 1711 .

141 1806 273 1872 [30qu
296 1807 397 1859 neuen
409 1807 528 1858 dmm
545 1813 564 1856 t·
576 1808 632 1858 m
656 1823 681 1873 p·
699 1807 744 1858 orl
754 1827 759 1838 Ι
769 1809 868 1872 aegest.
967 1754 1123 1862 bomanae
1136 1755 1270 1817 nomine
1283 1757 1483 1833 possidetur,
1496 1760 1578 1821 etad
1593 1762 1688 1837 cujus
1701 1760 1770 1821 tui-

275 1846 281 1867 '
396 1846 647 1953 ransmissa}
753 1847 760 1867 ¹
873 1846 880 1868 '
965 1851 1089 1912 tionem
1104 1852 1249 1929 legatum
1261 1854 1413 1915 misimus
1432 1855 1646 1929 antedictum,
1662 1872 1723 1934 per
1736 1859 1769 1919 te

110 1985 251 2043 gambum
264 1985 339 2061 qugd
354 2000 386 2044 se
396 1987 542 2060 mmmm
557 2001 627 2059 erga
643 1987 801 2045 Romanam
818 1987 913 2045 300¹&
965 1948 1019 2009 vel
1036 1949 1108 2010 tuos
1118 1950 1293 2028 impugnes
1308 1951 1519 2029 aliquatenus
1529 1954 1583 2015 vel
1593 1954 1766 2016 molestes:

145 2077 221 2131 siam
245 2074 371 2149 praebeat
386 2075 481 2149 arguit
496 2075 650 2144 Honorius,
673 2084 829 2148 monetque
846 2082 877 2132 ut
895 2090 911 2133 a
967 2061 1082 2123 prem
1103 2049 1136 2109 et
1155 2050 1356 2126 Pfaeceptum
1378 2051 1528 2112 ¹¹0⁸tfflffl
1545 2051 1658 2113 taliter
1672 2053 1770 2113 audi·

146 2164 298 2221 Tolosanis
326 2163 468 2222 dcsciscat
494 2171 524 2222 et
550 2179 619 2222 suas
645 2164 711 2223 iude
738 2166 837 2238 copias
863 2180 910 2222 re·
965 2144 1072 2216 turus,
1088 2145 1185 2222 quod,
1213 2146 1296 2208 inte
1318 2146 1526 2209 deVOtiffllflffl
1546 2151 1715 2226 speratam
1736 2150 1769 2212 θῑ

146 2252 253 2310 aalma.
967 2240 1111 2302 debitam
1127 2245 1355 2319 agnoscentes,
1372 2244 1413 2306 ad
1429 2246 1636 2307 commodum
1651 2248 1685 2308 et
1701 2247 1767 2308 bo·

151 2362 912 2440 Honoriusepiscopusmcarissjmoi„Christo
967 2353 1082 2400 norem
1096 2342 1190 2400 tuum
1200 2339 1384 2402 ferventius
1396 2343 1598 2420 aspiremus3
1617 2345 1767 2421 alioquin

112 2459 193 2532 mio,
217 2460 343 2521 illustri
368 2461 439 2537 regi
456 2464 659 2538 Aragonm
681 2462 833 2534 salutem,
849 2462 910 2523 otc·
967 2436 1014 2497 ita
1028 2452 1143 2514 posses
1156 2439 1271 2499 contra
1286 2441 1319 2501 te
1335 2455 1396 2500 nos
1407 2442 1439 2501 et
1450 2443 1632 2502 Romanam
1648 2442 1767 2503 Eccle-

152 2558 290 2619 Utiuam
311 2573 415 2635 prava
436 2559 576 2620 consilia
603 2561 694 2621 tuam
718 2558 914 2621 adolescen·
968 2536 1052 2596 ΒΜ
1075 2551 1270 2613 PP⁰V⁰⁰3P⁰³
1303 2538 1389 2615 l¹¹0d
1416 2555 1555 2614 regnum
1581 2541 1674 2602 tuum
1709 2557 1769 2618 Tel

5 2694 6 2707 2
110 2655 191 2715 fiam
220 2671 288 2717 non
313 2654 914 2733 seducant,neojmpe113ntadali,
967 2634 1144 2695 extraneas
1173 2638 1288 2710 gentes
1315 2638 1533 2713 comprimere
1561 2654 1766 2720 cogeremur.

113 2753 190 2830 quid
206 2752 395 2815 laciendum
415 2770 474 2831 per
489 2755 574 2832 quod
592 2754 738 2816 videaris
761 2754 912 2831 ingratus
968 2733 1084 2792 Datum
1101 2733 1267 2805 literanis
1285 2749 1308 2796 V
1323 2734 1390 2795 kal·
1402 2735 1563 2811 januarii>
1586 2737 1767 2830 P⁰¹1tifi0aft

5 2930 6 2933 ,
113 2854 145 2913 et
177 2851 353 2913 immemor
379 2851 615 2914 beneficiorum
641 2854 675 2913 et
701 2853 817 2929 gratiae
840 2869 913 2930 quae
968 2828 1020 2889 tus
1033 2830 1138 2890 ”Ostsi
1151 2846 1239 2892 ³1¹¹¹0
1259 2832 1417 2894 se‘flme·

5 3000 6 3013 ,
113 2948 307 3025 Apostolica
318 2949 420 3011 Sedes
433 2950 493 3011 tibi
508 2950 634 3012 studuit
644 2949 813 3021 exhibere,
830 2951 863 3011 te
874 2950 914 3011 de

5 3036 7 3105 l
114 3046 252 3107 illorum
283 3046 437 3108 manibus
469 3063 552 3124 quos
590 3047 745 3109 inimicos
777 3049 913 3125 reputas
1277 3008 1452 3097 LXXXV

114 3143 275 3216 eruendo,
288 3159 328 3205 ac
343 3144 510 3206 reddendo
520 3144 580 3206 tibi
590 3145 714 3206 terram
725 3145 815 3207 tuam
830 3147 915 3222 pari·
968 3150 1020 3210 Ad
1032 3150 1299 3223 procuratorem
1311 3155 1497 3228 aragoniae
1511 3153 1545 3215 et
1564 3153 1764 3216 cataloniae.

5 3280 6 3295 ,
116 3245 166 3302 ter
180 3243 216 3303 et
236 3242 269 3303 te
285 3243 400 3303 terreat
417 3242 570 3303 Prolmto
587 3242 636 3304 sic
650 3243 751 3320 coepit
767 3243 914 3321 Aposto-
1269 3246 1374 3306 29dcc.
1390 3249 1468 3307 1217.

5 3394 6 3405 2
114 3339 178 3400 lica
191 3338 296 3400 Sedes
307 3339 484 3401 ¹ostendere
499 3339 654 3401 affectum
674 3357 744 3402 suae
759 3341 914 3403 dilectio·
1004 3361 1301 3427 [conquassationem
1311 3362 1374 3413 nist.
1384 3361 1415 3413 aa
1426 3365 1528 3421 manaa,
1538 3369 1557 3414 t.
1571 3364 1672 3430 xmp.
1682 3364 1738 3414 cra.

5 3472 6 3485 ,
112 3436 164 3497 nis
180 3437 216 3497 in
236 3436 388 3513 parvulo,
410 3438 445 3499 ut
459 3437 576 3499 merito
592 3438 800 3499 devotionem
820 3438 916 3500 inve·
1185 3444 1285 3507 aegest.
1306 3443 1351 3493 lib.
1369 3443 1400 3502 n,
1415 3443 1490 3508 epist.
1503 3444 1572 3509 sm]

112 3535 188 3596 nire
212 3534 332 3596 debeat
351 3534 388 3595 in
412 3534 544 3611 adult03
568 3536 609 3596 ad
627 3536 758 3612 quodsi
777 3537 809 3598 te
824 3535 914 3597 aliud
971 3543 1006 3598 Ut
1026 3554 1125 3613 regem
1148 3539 1291 3598 deterreat
1305 3540 1341 3598 ab
1356 3541 1463 3598 auxilio
1478 3541 1640 3615 praestando
1658 3542 1769 3600 civibus

113 3632 914 3711 nondeberetinducere,sulflceretquodregnum
1005 3628 1157 3687 Tolosanis
1180 3630 1318 3687 Romanae
1332 3629 1706 3701 Ecclesieadversantibus,
1719 3631 1771 3688 mi·

113 3732 207 3791 luum
220 3730 262 3790 ad
278 3733 462 3792 Romanam
478 3731 660 3793 Ecclesiam
675 3732 824 3793 noscitur
838 3747 917 3809 per·
1007 3732 1059 3775 ¹¹³⁸
1070 3718 1192 3815 intentant
1202 3732 1309 3791 irim
1325 3719 1478 3777 H0¹1⁰fi¹¹⁸·

114 3828 224 3889 tinere
240 3825 300 3909 (1).
326 3827 523 3890 Audivimus
548 3830 670 3901 autem,
694 3829 727 3891 et
742 3829 915 3892 audientes
1013 3833 1181 3894 Honorius
1197 3832 1408 3911 episcopus...
1428 3834 1549 3897 dilecto
1573 3834 1642 3897 filio
1664 3834 1769 3897 nobili

114 3926 325 4003 nequivimus
340 3941 408 3987 non
423 3926 552 3999 mirari,
569 3927 656 4005 quod
670 3927 797 3989 civibus
811 3926 914 3989 Tolo-
970 3931 1043 3992 viro
1060 3933 1092 3992 S.
1110 3930 1321 4007 procuratori
1333 3932 1512 4007 aragoniae
1526 3936 1559 3995 et
1574 3932 1768 4006 Cataloniae,

114 4023 220 4095 sanis,
251 4023 307 4100 qui
332 4024 502 4100 negotium
529 4025 622 4102 pacis
644 4027 677 4086 ot
698 4025 787 4097 fidei,
814 4025 916 4087 tantis
972 4028 1125 4101 salutem,
1142 4029 1204 4089 etc.

5 4128 7 4181 μ
114 4135 335 4197 personarum
354 4123 388 4184 et
401 4137 514 4183 rerum
532 4120 700 4184 laboribus
724 4124 757 4184 et
776 4122 915 4201 dispan-
1011 4128 1179 4187 Honorem
1208 4125 1241 4187 et
1264 4125 1385 4187 statum
1403 4125 1569 4188 carissimi
1584 4126 1618 4188 in
1638 4125 1769 4188 Christo

114 4218 180 4279 diis
195 4219 231 4280 in
242 4218 311 4278 illis
321 4218 472 4296 partibus
487 4220 711 4296 procuratum,
724 4219 916 4283 subvertere
971 4223 1033 4284 tilii
1066 4224 1174 4284 nostri
1199 4226 1392 4299 aragonum
1420 4224 1510 4300 regis
1544 4224 1686 4287 illustris
1720 4223 1767 4305 (2)

115 4315 309 4386 moliuntur,
335 4316 377 4377 ad
404 4316 467 4378 hoc
493 4317 657 4394 impendis
683 4317 916 4380 consiliumet
972 4322 1091 4382 melius
1121 4337 1302 4399 procurare
1331 4337 1396 4383 nou
1424 4324 1533 4400 potes,
1555 4340 1654 4400 quam
1682 4323 1712 4384 si
1737 4324 1769 4385 ei

110 4416 284 4492 juvamen,
297 4413 406 4490 legato
420 4415 619 4491 Apostolicae
631 4415 725 4477 Sedis
737 4414 799 4495 (α),
812 4416 846 4476 in
857 4432 918 4478 cu·
972 4434 1173 4481 conservare
1186 4402 1561 4498 studueris'npostolicae
1581 4422 1676 4483 Sedis
1690 4438 1770 4498 gra-

73 4564 88 4595 „
109 4514 167 4588 jus
182 4512 288 4573 oculis
303 4510 375 4573 baec
390 4512 564 4584 attentant,
582 4512 681 4574 immo
695 4515 808 4574 verius
821 4514 916 4575 nobis
970 4518 1052 4579 tiam
1078 4518 1112 4579 et
1136 4516 1294 4589 favorem,
1325 4534 1422 4595 quem
1441 4519 1471 4579 si
1490 4519 1578 4582 lacto
1608 4520 1661 4580 vel
1688 4535 1771 4581 con·

112 4609 210 4685 ipsis,
224 4624 365 4686 quorum
388 4609 435 4671 ibi
453 4610 541 4686 gerit
564 4626 740 4687 personam
762 4613 795 4673 et
812 4611 914 4685 vices,
971 4615 1047 4677 silio
1074 4616 1131 4677 tuo
1150 4616 1344 4693 perdiderit,
1372 4631 1448 4677 sero
1476 4615 1590 4677 forsan
1619 4616 1770 4679 advertet

112 4710 146 4768 te
161 4722 229 4768 uua
244 4722 319 4767 cum
334 4707 401 4767 illis
416 4722 583 4783 opponere
598 4709 833 4770 nonverendo.
972 4713 1095 4790 quanto
1110 4711 1173 4773 sibi
1198 4711 1300 4773 fuerit
1323 4711 1433 4774 studio
1455 4713 1713 4785 conservandus,
1733 4715 1766 4776 et

154 4804 318 4877 Quoniam
330 4804 564 4881 igiturquanto
580 4805 686 4881 magis
699 4805 740 4866 ad
755 4806 916 4869 honorem
972 4809 1007 4870 in
1026 4811 1059 4872 te
1078 4808 1209 4871 demum
1233 4809 1364 4886 culpam
1388 4825 1454 4870 non
1481 4810 1646 4872 immerito
1666 4813 1770 4873 retor-

113 4903 207 4962 tuum
236 4902 270 4962 et
301 4901 538 4962 exaltationem
571 4901 789 4975 intendimus,
823 4905 916 4967 tanto
971 4906 1093 4984 quebit.
1110 4906 1305 4968 Audivimus
1333 4906 1507 4983 siquidem,
1533 4908 1566 4969 et
1593 4907 1767 4972 audientes

113 4999 258 5075 amplius
273 4999 425 5073 cupimus
438 5015 480 5059 ne
495 4999 622 5077 aliquid
635 5000 740 5062 facias
757 5017 818 5078 per
829 5003 914 5081 quod
972 5004 1182 5081 nequivimus
1209 5020 1275 5065 non
1296 5004 1422 5075 mirari,
1440 5005 1526 5082 quod
1544 5022 1606 5067 rex
1629 5006 1703 5084 ipse
1716 5009 1769 5069 te-

113 5097 251 5158 circata
273 5097 387 5158 nostra
401 5097 509 5173 gratia
524 5098 696 5174 tepescere
710 5098 838 5171 debeat,
855 5104 916 5163 Se·
971 5118 1045 5162 curn
1057 5102 1090 5163 et
1102 5117 1176 5163 cum
1189 5101 1266 5163 aliis
1277 5101 1430 5163 fidelibus
1443 5103 1682 5181 suisimpendit
1692 5120 1768 5166 con·

5 5246 6 5265 2
112 5195 291 5257 renitatem
327 5197 419 5256 tuam
449 5210 605 5271 rogamus
636 5196 669 5257 et
699 5196 917 5260 exhortamur
971 5199 1084 5261 silium
1096 5199 1130 5261 et
1146 5201 1306 5276 juvamen
1325 5198 1454 5261 civibus
1475 5202 1661 5275 Tolosanis,
1688 5201 1768 5263 sub-

114 5292 294 5364 attentius,
318 5295 352 5354 et
376 5308 437 5371 per
460 5293 651 5370 Apostolica
683 5295 808 5372 scripta
838 5296 913 5370 tibi,
971 5299 1101 5360 vertere
1115 5297 1329 5360 molientibus
1344 5296 1422 5359 fidei
1436 5301 1470 5361 et
1482 5300 1574 5376 pacis
1597 5300 1766 5375 negotium

5 5386 6 5391 ’
113 5391 203 5452 sicut
214 5405 401 5467 possumus,
421 5389 571 5452 districte
583 5391 806 5470 praecipiendo
818 5410 915 5456 man·
971 5397 1005 5456 in
1021 5394 1168 5471 partibus
1180 5394 1258 5468 illis,
1265 5395 1368 5457 tantis
1378 5411 1596 5472 personarum
1610 5399 1644 5459 et
1654 5412 1766 5459 rerum

5 5582 6 5587 ,
153 5520 194 5594 (l)
214 5521 307 5590 Quam
326 5529 517 5604 opportunum
534 5522 770 5648 pupillolacobo,
787 5534 917 5598 patresc
970 5524 1095 5584 dendum
1112 5524 1343 5611 commatici
1360 5529 1510 5612 aegilion
1550 5527 1602 5601 et.)

5 5612 7 5663 ς
114 5601 207 5652 matre
224 5592 487 5659 araciunculam
508 5600 601 5651 tuerit
624 5597 817 5665 lnuocennus,
840 5612 916 5655 anno
1006 5598 1222 5670 (otbertrando.
1252 5598 1518 5672 (alvidesupra,jii
1539 5600 1764 5670 ,Bull.llLVlll.

5 5696 7 5715 2
117 5663 196 5734 lali,
208 5664 237 5719 iu
257 5678 361 5721 manus
379 5664 503 5720 Simonis
517 5664 554 5720 de
568 5665 728 5723 bloutelorti
743 5668 854 5741 aedito,
871 5670 913 5725 vi·
1007 5671 1167 5745 (ijlacobi.
