3946 6196
101 367 160 430 ers

443 531 571 622 dccv

103 678 544 756 AdPetrumnotantrepls
554 677 902 751 rrcnomamrnntp.

403 800 437 859 24
452 815 512 872 apr.
530 800 608 857 4247.

144 892 268 956 [Βοςωιη
278 889 325 941 tin.
336 889 357 949 1,
370 888 443 955 epist
455 889 511 939 loe.
521 890 578 939 hlss.
589 889 626 940 La
637 888 711 939 Porto
726 887 759 937 du
769 886 863 949 Thali]

102 998 290 1072 Dispensatio
313 997 467 1067 natalium,
487 1005 594 1054 utnon
614 994 745 1053 obstante
768 994 904 1069 legitimi·

139 1089 206 1146 tatis
221 1086 354 1156 delectu,
374 1085 411 1144 ad
429 1085 630 1159 quodcumque
645 1083 816 1143 heneficium
831 1099 904 1158 prte-

139 1174 266 1234 hendale
281 1175 372 1249 possit
387 1176 505 1233 assumi.

143 1293 328 1366 Honorius,
350 1294 425 1366 etc,
449 1293 548 1354 Petro
567 1292 645 1354 nato
665 1289 857 1353 charissimi
870 1289 906 1350 in

106 1392 240 1454 Christo
263 1391 326 1452 tilii
349 1390 455 1453 nostri
478 1390 625 1468 Philippi
647 1389 737 1465 regis
758 1389 908 1450 Franco-

105 1507 180 1552 rum
194 1489 351 1562 illustris,
368 1488 519 1561 salutem,
536 1489 599 1551 etc.

141 1586 347 1665 apostolicas
363 1578 466 1649 Sedis
477 1586 588 1664 ampla
606 1585 807 1661 benignitas,
825 1601 906 1646 con-

106 1685 265 1748 sideratis
280 1683 539 1746 circumstantiis
557 1683 744 1760 temporum
764 1684 796 1745 et
815 1683 908 1744 loco-

105 1800 190 1856 rum,
207 1783 243 1844 et
258 1783 386 1844 meritis
401 1783 501 1843 etiam
516 1797 745 1860 personarum,
760 1781 905 1857 rigorem

104 1880 275 1943 interdum
292 1880 434 1958 justitiae
457 1881 630 1942 consuevit
653 1879 906 1940 mansuetudine

105 1980 294 2056 temperare
305 1978 361 2039 uhi
371 1978 559 2055 prasertim
570 1977 753 2040 necessitas
768 1976 821 2039 vel
836 1977 907 2038 uli-

104 2076 183 2139 litas
203 2076 238 2137 id
255 2077 415 2154 exposcit.
436 2076 630 2154 Eapropter,
647 2075 767 2137 dilecte
785 2075 821 2136 in
840 2078 907 2136 Do-

105 2175 196 2237 mino
207 2174 269 2247 tili,
282 2174 492 2237 devotionem
505 2191 603 2252 quam
614 2173 722 2235 dictus
732 2189 794 2235 rex
804 2175 907 2234 Fran·

106 2288 222 2335 corum
248 2272 389 2334 illustris
415 2273 448 2334 et
473 2273 703 2350 progenitores
731 2271 836 2348 ipsius
863 2269 905 2332 ad

106 2372 294 2433 Romanam
303 2370 486 2431 Ecclesiam
495 2370 655 2431 hactenus
666 2368 824 2431 habuisse
832 2384 906 2430 nos·

8 2502 9 2505 π
106 2470 228 2531 cuntur
251 2467 429 2543 diligenter
450 2467 672 2540 attendentes,
692 2483 733 2528 ac
755 2466 905 2529 volentes

106 2566 227 2638 adem,
240 2566 277 2626 in
292 2564 498 2643 quibuscum
511 2570 579 2626 Deo
592 2566 625 2626 et
639 2565 813 2627 honestate
825 2580 907 2625 nos-

8 2698 10 2753 fl
104 2662 157 2726 tra
176 2678 356 2740 possumus
374 2661 522 2724 favorem
536 2661 763 2740 Apostolicum
781 2661 906 2738 imper-

103 2760 171 2833 tiri,
190 2760 390 2822 auctoritate
410 2760 625 2837 praesentium
642 2760 752 2821 tecum
767 2759 904 2820 miseri-

8 2854 10 2869 *
106 2857 254 2920 corditer
268 2857 510 2934 dispensamus,
531 2858 578 2927 ut,
598 2872 719 2919 eonon
738 2856 902 2929 obstante,

8 2958 10 3015 ὲ
106 2955 193 3034 quod
218 2955 260 3016 de
283 2971 352 3016 non
375 2955 524 3031 legitimo
546 2954 760 3017 matrimonio
783 2953 904 3016 diceris

8 3036 10 3107 ἱ
106 3055 314 3131 procreatus
331 3053 438 3130 possis
458 3053 584 3115 assumi
598 3052 640 3115 ad
662 3052 831 3132 quodlibet
844 3052 905 3114 he·

8 3166 10 3247 3
104 3150 518 3229 heliciumpraehenda103
545 3150 638 3212 nulla
665 3149 904 3212 consuetudine

8 3274 10 3299 ι
104 3250 249 3328 alicujus
265 3250 416 3312 ecclesiae
430 3250 617 3322 resistente,
638 3249 668 3309 si
686 3249 786 3310 etiam
802 3252 902 3327 jura-

8 3378 10 3419 3
104 3349 215 3410 mento
234 3348 367 3410 lirmata
386 3347 498 3420 luerit,
520 3348 575 3409 vel
589 3347 788 3409 auctoritate
808 3346 903 3408 Sedis

8 3476 10 3535 ι
103 3446 305 3524 apostolica
331 3445 536 3508 confirmata.
571 3445 665 3506 Nulli
696 3460 795 3520 ergo,
825 3446 901 3518 etc,

8 3594 10 3641 t
104 3543 492 3616 nostraeconstitutionis,
503 3545 566 3605 etc.
577 3545 612 3604 Si
623 3543 697 3621 quis
707 3544 829 3615 autem,
839 3544 901 3604 etc.

142 3643 265 3705 Datum
283 3642 456 3713 Laterani,
485 3641 601 3704 octavo
628 3640 791 3702 kalendas
810 3640 900 3714 maii,

8 3766 9 3769 ¹
104 3740 318 3819 pontificatus
332 3739 439 3802 nostri
451 3755 539 3801 anno
554 3739 673 3817 primo.

142 3841 276 3900 Eodem
289 3840 344 3899 ate
363 3836 471 3899 eidem
490 3835 649 3914 scriptum
667 3837 718 3898 est
734 3858 741 3897 :
757 3837 902 3914 Aposto-

8 3940 9 4025 ζ
104 3935 176 3997 licae
199 3935 308 4007 Sedis,
331 3935 407 4006 etc,
431 3949 539 4009 usque
561 3934 727 4011 impertiri
751 3935 901 3997 auctori-

8 4054 9 4117 ι
105 4034 170 4096 late
179 4032 398 4110 praesentium
407 4031 468 4094 tihi
479 4032 519 4093 de
530 4032 668 4108 speciali
678 4032 787 4109 gratia
799 4033 902 4093 duxi-

8 4120 9 4183 Ὗ
105 4147 176 4193 mus
194 4129 493 4205 indulgendum,ut
511 4145 551 4191 eo
570 4145 636 4191 uon
652 4129 803 4192 obstante
816 4130 902 4208 quod

8 4228 10 4273 ἱ
104 4228 235 4290 nonde
261 4226 411 4304 legitimo
436 4227 650 4289 matrimonio
674 4227 796 4290 diceris
824 4244 904 4304 pro·

8 4350 9 4353 ¹
106 4326 247 4399 creatus,
264 4326 306 4386 ad
326 4341 440 4387 sacros
462 4325 596 4387 ordines
610 4325 710 4386 liceat
724 4325 832 4402 possis
847 4341 904 4386 as-

106 4424 200 4484 sumi.
214 4423 309 4485 Nulli
323 4439 414 4498 ergo,
427 4423 503 4491 etc„
518 4422 674 4499 paginam
686 4423 902 4500 indulgentiae

106 4522 236 4597 nostrae,
254 4522 317 4584 etc.
337 4521 372 4583 Si
388 4521 463 4599 quis
479 4521 602 4593 autem,
619 4522 682 4583 etc.

431 4662 579 4751 cccvi

179 4818 232 4879 Ad
250 4815 388 4878 uocales
406 4816 441 4877 S.
461 4817 628 4877 Garatom
643 4818 685 4877 de
700 4815 824 4877 Paetis

302 4913 337 4974 et
352 4912 489 4974 Sanctoe
508 4915 700 4989 Genovefoe.

393 5043 429 5103 24
448 5059 509 5117 apr.
532 5045 611 5102 4247.

8 5188 9 5193 ,
134 5142 255 5206 [Regest.,
271 5140 320 5192 lih.
329 5140 350 5200 1,
359 5141 435 5206 epist.
445 5140 502 5192 too.
514 5142 573 5192 llos.
585 5142 622 5192 La
633 5143 709 5193 Porta
721 5143 756 5194 du
767 5142 861 5207 rhen]

104 5248 216 5307 llrndat
236 5250 319 5322 ipsis,
341 5255 372 5305 ut
391 5248 636 5322 dispensationem
657 5250 796 5308 natalium
814 5267 901 5324 quam

8 5366 10 5407 t
135 5339 229 5407 Petro,
247 5338 326 5411 regis
341 5338 515 5397 Francorum
530 5337 588 5396 lilio
603 5338 770 5410 indulserat,
785 5346 826 5411 ut,
843 5356 901 5398 non

8 5506 10 5521 ,
136 5427 269 5485 obstante
291 5427 484 5499 legitimitutis
498 5425 676 5496 delectu,ad
700 5427 899 5502 quodcumque

8 5538 10 5577 ι
135 5514 317 5590 prebendato
336 5515 508 5573 heneficium
530 5524 627 5590 posset
649 5517 769 5588 assumi,
794 5516 900 5577 iaciant

8 5626 10 5675 ι
136 5607 188 5679 ipsi
204 5604 326 5663 llrmiter
340 5604 497 5663 observari.

8 5720 10 5815 j
139 5732 319 5803 Honorius,
340 5731 416 5806 etc,
440 5732 569 5795 dilectis
588 5732 666 5794 tiliis
689 5734 797 5797 sancti
816 5737 899 5798 der-

742 365 971 427 EPISTOLAE.
994 369 1073 429 LIB.
1096 371 1121 430 1.

1696 386 1756 446 374

959 529 1050 590 mani
1068 529 1109 593 de
1129 533 1239 595 Pratis
1257 537 1291 598 et
1313 536 1437 600 sanctae
1457 538 1633 604 Genorelae
1647 540 1756 605 abba·

959 629 1058 691 tibus.

999 728 1314 806 apostolicaesedis
1338 734 1447 812 ample
1468 735 1673 813 benignitaS,
1696 755 1757 802 us·

960 840 1024 899 quc
1039 848 1047 887 :
1063 827 1239 905 impertiri.
1254 831 1334 892 Cum
1347 832 1467 895 dilecto
1482 834 1552 896 tilio
1565 836 1665 898 Petro
1678 839 1756 899 nato

959 925 1050 1000 regis
1067 926 1214 1003 eJusdem
1229 930 1426 993 auctoritate
1449 933 1639 1008 Apostolica
1659 934 1758 996 duxi-

960 1025 1624 1107 musmisericorditerdispensandum,
1655 1033 1691 1093 ut
1717 1049 1757 1096 eo

960 1122 1204 1197 nonobstante,
1221 1126 1308 1202 quod
1323 1126 1364 1187 de
1385 1144 1452 1188 non
1469 1128 1617 1205 legitimo
1634 1131 1756 1193 matri-

961 1223 1072 1284 monio
1092 1222 1215 1285 dicitur
1231 1226 1424 1301 procreatus
1443 1228 1549 1304 possit
1569 1228 1694 1290 assumi
1715 1228 1757 1291 ad

960 1316 1130 1393 quodlibet
1138 1317 1337 1380 heneficium
1347 1320 1568 1397 praebendale,
1579 1324 1671 1385 nulla
1682 1340 1758 1386 con·

960 1415 1137 1477 suetudine
1162 1415 1306 1496 alicujus
1332 1418 1482 1483 ecclesiae
1507 1422 1698 1495 resistente,
1728 1422 1758 1484 si

960 1513 1062 1576 etiarn
1085 1515 1276 1592 juramento
1306 1516 1437 1580 firmata
1468 1518 1570 1581 tuerit
1594 1519 1650 1582 rel
1675 1536 1759 1582 aue

959 1610 1094 1673 toritate
1114 1612 1208 1674 Sedis
1227 1615 1425 1691 Apostolica
1444 1616 1650 1680 confirmata.
1669 1610 1759 1691 Quo-

960 1709 1226 1772 circa-devotioni
1236 1712 1355 1774 restrae
1363 1730 1424 1791 per
1432 1716 1622 1792 Apostolica
1632 1717 1757 1794 scripta

961 1807 1172 1882 mandamus,
1196 1812 1358 1887 quatenus
1383 1812 1469 1889 quod
1494 1828 1513 1874 a
1537 1812 1633 1875 nohis
1657 1829 1758 1891 super

961 1904 1024 1965 hoc
1052 1905 1314 1968 misericorditer
1341 1909 1392 1970 est
1419 1908 1596 1981 statutum,
1626 1909 1758 1971 faciatis

961 2003 1158 2066 auctoritate
1174 2004 1289 2066 nostra
1304 2004 1444 2068 tirmiter
1462 2006 1645 2069 observari.
1667 2008 1757 2070 Con-

960 2101 1158 2164 tradictores
1170 2119 1416 2180 percensuram
1427 2105 1690 2167 ecclesiasticam
1703 2121 1758 2182 ap·

960 2199 1138 2276 pellatione
1153 2202 1335 2279 postposita
1351 2203 1599 2279 compescendo,
1617 2205 1679 2265 etc.

999 2298 1118 2360 Datum
1144 2299 1310 2372 Laterani,
1335 2300 1451 2361 octavo
1475 2300 1637 2362 kalendas
1661 2300 1753 2373 maii,

960 2396 1172 2473 pontificatus
1187 2397 1292 2459 nostri
1307 2412 1397 2458 anno
1411 2398 1529 2475 primo.

1272 2586 1440 2673 cccvii

959 2766 1012 2825 Ad
1037 2766 1232 2827 Jonorznem
1257 2764 1309 2825 ιιι.
1337 2766 1372 2826 S·
1400 2767 1578 2826 Procedit
1604 2768 1754 2841 prosop-

999 2861 1115 2924 tcrum
1155 2864 1385 2934 cardinalem,
1421 2863 1622 2938 Apostolica
1657 2865 1756 2924 Sedis

998 2961 1160 3037 enatam.

1243 3081 1279 3141 24
1291 3083 1373 3156 april.
1388 3083 1467 3142 tall.

990 3216 1062 3283 [Coti.
1073 3216 1118 3268 lat.
1130 3216 1201 3277 4292,
1212 3231 1237 3283 p.
1252 3215 1305 3266 403.
1317 3216 1374 3266 llss.
1386 3214 1564 3283 Bibliothdque
1573 3214 1727 3281 nationale]

958 3342 1104 3413 Concedit,
1121 3348 1153 3401 ut
1171 3349 1270 3400 contra
1289 3342 1458 3417 episcopum
1472 3341 1508 3400 de
1527 3343 1648 3400 crimine
1670 3357 1756 3400 eccu-

993 3441 1104 3502 satum,
1134 3432 1210 3504 quod
1246 3431 1326 3505 juxta
1357 3433 1576 3489 constitutiones
1601 3432 1757 3489 canonicas

994 3536 1109 3593 poenam
1130 3519 1318 3593 depositionis
1341 3518 1466 3589 inducat,
1482 3519 1670 3594 depositionis
1691 3534 1756 3578 sen-

992 3611 1113 3667 tentiam
1135 3610 1318 3682 promulgare
1339 3610 1448 3683 possit;
1464 3616 1494 3667 ut
1515 3610 1543 3667 ei
1561 3609 1646 3667 liceat
1667 3609 1760 3666 eccle-

993 3700 1051 3756 sius
1065 3697 1193 3756 dividere
1208 3714 1242 3756 ac
1256 3698 1349 3755 unire.

998 3865 1176 3940 Speremus
1200 3861 1235 3922 in
1254 3861 1404 3933 Domino,
1430 3861 1466 3922 in
1488 3859 1623 3922 virtutis
1648 3859 1756 3935 ipsius

957 3960 1103 4038 potentia
1116 3959 1329 4031 confidentes,
1347 3957 1433 4035 quod
1447 3958 1478 4019 is
1493 3958 1549 4035 qui
1571 3957 1627 4043 dat
1641 3957 1755 4017 omni-

957 4058 1018 4119 bus
1031 4058 1207 4119 affluenter
1226 4058 1258 4119 et
1273 4073 1339 4118 non
1355 4055 1565 4133 improperat,
1582 4054 1643 4116 tibi
1658 4071 1757 4132 quem

958 4155 1118 4218 habemus
1130 4156 1164 4219 et
1184 4155 1403 4219 conversione
1415 4154 1583 4231 cognitum
1597 4155 1630 4216 et
1643 4169 1756 4215 rerum

957 4253 1164 4333 experientia
1197 4252 1464 4332 comprobatum,
1499 4252 1591 4315 dabit
1617 4251 1756 4314 uerbum

957 4354 1200 4433 evangelizanti
1226 4354 1367 4416 virtutes
1396 4355 1468 4430 eJus
1492 4352 1526 4414 et
1548 4351 1751 4428 proiectum,

958 4454 1170 4518 annuntianti
1184 4468 1299 4531 pacem
1312 4452 1435 4530 populo
1448 4450 1643 4520 christiane,
1658 4448 1695 4511 ut
1708 4448 1758 4509 si-

958 4556 1014 4616 cut
1039 4552 1205 4624 columba,
1224 4550 1355 4613 volente
1370 4550 1521 4620 Domino,
1538 4562 1693 4609 reversus
1714 4544 1757 4607 ad

957 4668 1070 4714 arcam
1093 4650 1236 4713 fructum
1262 4648 1385 4710 afferas
1408 4644 1677 4724 permanentem,
1695 4643 1754 4720 qui

957 4750 1057 4827 gustu
1083 4748 1214 4825 placeat
1235 4747 1268 4808 et
1281 4745 1393 4807 odoris
1414 4743 1579 4805 suauitate
1600 4741 1751 4804 delectet.

957 4849 1026 4910 Nos
1041 4848 1152 4909 autem
1160 4845 1217 4922 qui
1230 4858 1406 4922 personam
1418 4843 1509 4902 tuam
1524 4839 1657 4901 sincera
1671 4854 1756 4900 sem-

957 4962 1017 5025 per
1029 4944 1207 5007 dileximus
1227 4941 1261 5004 et
1271 4940 1441 5016 diligimus
1461 4938 1496 4999 in
1511 4938 1650 5000 Domino
1671 4938 1757 5000 cha-

957 5045 1066 5117 ritate,
1084 5059 1124 5104 ae
1139 5042 1227 5104 inter
1241 5040 1361 5101 iratres
1381 5038 1514 5100 nostros
1527 5037 1684 5114 specialis
1699 5036 1754 5098 di·

957 5141 1109 5205 lectionis
1123 5138 1270 5200 brachiis
1286 5137 1528 5213 amplexamur,
1545 5135 1754 5197 devotionem

955 5243 1047 5303 tuam
1068 5238 1217 5301 nolentes
1239 5235 1395 5314 prosequi
1421 5235 1529 5311 gratia
1553 5232 1695 5311 pleniori
1719 5232 1758 5293 ut

956 5339 1089 5401 creditae
1108 5335 1170 5398 tibi
1184 5334 1360 5411 legationis
1375 5332 1521 5394 osticium
1541 5331 1576 5392 in
1593 5330 1755 5391 honorem

955 5437 1014 5499 Dei
1036 5437 1070 5498 et
1086 5433 1227 5497 salutem
1242 5431 1396 5511 proficiat
1413 5431 1611 5501 animarum,
1632 5429 1752 5489 aucto-

955 5536 1052 5597 ritate
1066 5533 1128 5596 tihi
1147 5532 1360 5611 praesentium
1379 5529 1601 5606 indulgemus,
1618 5526 1705 5604 quod
1725 5527 1755 5587 si

954 5632 1133 5710 contigerit
1154 5646 1265 5692 coram
1285 5630 1318 5691 te
1337 5628 1482 5704 aliquem
1506 5625 1697 5703 episcopum
1712 5625 1754 5685 de

956 5732 1071 5810 aliquo
1097 5728 1237 5792 crimine
1260 5725 1452 5790 solemniter
1475 5723 1639 5793 accusari,
1667 5723 1753 5800 quod
