3982 6196
743 300 972 362 EPISTOLAE.
996 302 1074 362 LIB.
1100 302 1139 363 11.

31 458 33 539 ξ
115 459 287 532 pasteriis,
304 458 416 520 valeat
429 457 915 521 reaccendizdiscretionives-

31 574 33 613 ὴ
113 560 176 621 trae
191 571 252 634 ρον
266 555 457 633 apostolica
470 556 593 633 scripta
608 556 813 629 mandamus,
831 558 864 619 et
878 558 913 618 in

30 696 31 699 ,
112 655 240 717 virtute
275 652 474 719 obedientiae
502 653 725 730 precipimus,
751 654 913 731 qtratenus

113 767 176 829 per
199 766 262 814 vos
280 750 383 827 ipsos,
400 750 457 811 aut
480 765 540 827 ρον
557 749 747 826 religiosas,
765 751 912 811 circum-

114 852 316 928 spectasque
337 862 516 923 personas,
538 863 639 926 supra
661 847 759 909 dictis
778 864 914 909 monas·

114 947 213 1009 teriis
241 944 447 1007 visitationis
480 944 664 1007 antidotum
691 945 910 1022 impendatis;

115 1042 340 1105 reformantes
370 1043 403 1104 et
433 1041 639 1117 corrigentes
669 1042 705 1103 in
737 1044 786 1103 eis
815 1043 912 1119 juxta

115 1138 267 1218 praedicti
281 1137 423 1204 coenobii
438 1138 572 1211 statuta,
589 1155 663 1216 quae
683 1138 911 1211 correctionis,

116 1239 149 1301 et
173 1235 424 1304 reformationis
447 1235 557 1298 officio
581 1235 735 1297 videritis
749 1236 911 1312 indigere.

155 1334 275 1399 Datum
297 1333 467 1402 Laterani,
483 1333 581 1395 tertio
600 1331 761 1395 kalendas
784 1333 913 1416 aprilis,

116 1430 329 1512 pontificatus
344 1430 450 1492 nostri
460 1445 548 1493 anno
562 1431 603 1495 11.

402 1662 633 1749 CLXXXIII

114 1817 166 1880 Ad
177 1815 335 1877 abbatem
348 1813 382 1875 ct
395 1814 601 1876 manentum
617 1813 729 1876 sancti
746 1815 913 1879 Vincentit

257 1911 611 1977 Praemonairotcosts
626 1914 769 1975 ordinis.

405 2042 422 2105 2
432 2041 515 2114 april.
530 2041 610 2099 lale

169 2165 265 2232 muno,
277 2165 390 2217 nonies
399 2165 498 2217 ordinis
507 2165 658 2254 bremense
667 2165 699 2224 11,
709 2165 784 2230 prob.
794 2165 865 2230 aas]

127 2292 286 2353 Confirmat
298 2289 529 2349 substitutionem
543 2291 859 2348 praemonstratensium
871 2291 900 2348 in

152 2422 158 2426 -
221 2381 317 2438 locum
329 2378 538 2437 monachorum
550 2379 643 2437 sancti
652 2380 804 2438 vincentii.

153 2498 326 2560 Honorius
363 2497 559 2579 episcopus,
588 2512 706 2560 servus
738 2513 912 2559 servorum

114 2597 186 2668 Dei,
197 2595 329 2657 dilectis
345 2594 423 2655 tiliis
440 2593 551 2655 abbati
564 2596 597 2656 et
612 2594 789 2656 conventui
804 2595 912 2657 sancti

116 2692 287 2756 vincentii
306 2693 635 2754 praemonstratensis
657 2691 796 2765 ordinIs,
820 2692 913 2753 salu-

113 2795 181 2854 tem
196 2792 231 2853 et
244 2790 460 2870 apostolicam
474 2789 750 2852 benedictionem.

155 2889 237 2948 cum
262 2903 282 2948 a
303 2886 399 2947 nobis
420 2887 544 2964 petitur
566 2885 653 2963 quod
671 2887 798 2964 justum
814 2885 912 2947 estet

118 2986 306 3056 honestum,
323 2987 391 3047 tam
410 2984 506 3061 vigor
527 2983 692 3061 aequitatis
712 2999 810 3062 quam
829 2984 912 3045 ordo

114 3084 222 3159 exigit
235 3081 388 3155 rationis,
404 3082 441 3143 nt
455 3082 488 3142 id
502 3097 561 3158 per
582 3081 839 3143 sollicitudinem
854 3080 909 3143 of·

113 3180 182 3242 ficii
198 3179 306 3241 nostri
318 3179 359 3240 ad
371 3178 515 3243 debitum
530 3179 730 3256 perducatur
744 3180 909 3241 effectum.

114 3279 202 3339 Sane
219 3293 293 3338 cum
315 3275 411 3338 bonae
430 3277 598 3337 memoriae
621 3276 797 3353 syroslaus
811 3279 913 3338 Wra-

112 3374 318 3436 tislaviensis
333 3374 518 3450 episcopus,
535 3388 555 3434 a
579 3373 782 3435 monasterio
800 3375 911 3435 vestro

114 3473 223 3547 nigris
238 3471 422 3544 monachis,
449 3471 507 3549 qui
529 3484 604 3532 esse
620 3474 864 3532 consueverant
875 3471 910 3531 in

113 3570 242 3641 eodem,
257 3569 392 3647 propter
418 3584 571 3630 enormes
594 3583 753 3630 excessus
775 3584 864 3641 suos,
879 3569 912 3631 et

113 3667 277 3728 bonorum
304 3665 452 3743 ejusdem
479 3665 674 3728 monasterii
692 3664 910 3741 dilapidatio-

114 3780 202 3837 nem,
226 3764 354 3841 ejectis,
377 3763 541 3835 statuerit,
557 3763 643 3825 utin
661 3762 790 3833 eodem,
807 3762 910 3825 vestri

113 3864 237 3924 statuta
250 3860 377 3923 ordinis
390 3861 615 3932 servarentur,
628 3858 714 3940 qnod
729 3858 825 3921 bonae
840 3876 912 3921 me-

113 3961 230 4021 moriae
242 3960 361 4021 Petrus
375 3957 463 4021 tituli
479 3958 586 4020 sancti
594 3956 744 4018 Marcelli
758 3957 911 4036 praesby-

112 4060 175 4131 ter,
188 4059 270 4119 tunc
285 4057 415 4121 Sanctae
425 4055 582 4117 Mariaein
595 4055 658 4116 Via
671 4055 739 4115 lata
752 4053 912 4117 diaconus

114 4154 298 4216 cardinalis
313 4153 443 4230 legatus
459 4152 554 4213 Sedis
573 4151 775 4229 apostolicas
789 4167 913 4230 appro-

114 4251 216 4313 bavit.
245 4252 316 4312 Nos
338 4250 459 4313 vestris
493 4248 788 4327 postulationibus,
815 4252 912 4325 grato

115 4350 355 4412 concurrentes
382 4362 546 4419 assensu,
581 4345 668 4424 quod
700 4363 721 4408 a
754 4346 912 4423 praedicto

114 4447 272 4524 episcopo
299 4444 435 4522 provide
459 4442 659 4515 factumest,
682 4445 717 4504 in
733 4443 797 4505 bac
819 4448 913 4521 parte

115 4545 148 4605 et
161 4542 205 4605 ab
220 4542 336 4604 eodem
352 4542 473 4617 iegato,
490 4540 576 4603 sicut
585 4540 708 4602 dictum
720 4543 781 4613 est,
792 4556 915 4619 appro-

115 4639 242 4711 batum,
260 4638 493 4716 praedictorum
506 4638 746 4700 monachorum
761 4638 915 4701 molesta·

116 4739 208 4801 tione
240 4735 388 4798 indebita
417 4751 483 4797 nou
519 4733 693 4807 obstante,
717 4736 914 4797 auctoritate

114 4834 308 4911 apostoliea
352 4833 611 4905 confirmamus,
658 4832 692 4894 et
739 4833 914 4909 praesentis

116 4931 235 5007 scripti
250 4931 436 5008 patrocinio
457 4929 711 4991 communimus.
728 4929 819 4990 Nulli
835 4945 914 5006 ergo

116 5028 254 5091 omnino
267 5027 438 5089 hominum
451 5026 551 5088 liceat
563 5027 649 5089 hanc
663 5027 820 5105 paginam
832 5042 915 5088 nos-

116 5130 178 5188 trae
193 5124 470 5197 confirmationis,
487 5125 550 5186 etc.

157 5224 279 5286 Datum
292 5223 460 5293 Laterani,
478 5223 521 5284 lV
539 5237 645 5283 nonas
662 5221 793 5299 aprilis,
806 5222 918 5299 ponti-

119 5322 239 5385 ficatus
254 5320 361 5381 nostri
374 5334 462 5381 anno
477 5318 633 5383 secundo.
677 5358 681 5363 -
714 5339 716 5343 ¹

1709 311 1771 371 eoo

1259 469 1485 562 CLXXXIV

1007 614 1060 673 Ad
1074 615 1270 687 apocopam
1284 616 1478 677 Nantuates.
1495 616 1529 678 et
1549 620 1716 680 decanum
1734 621 1770 682 et

1083 712 1364 772 archidiaconum
1377 715 1653 790 Aodepaoemes.

1266 833 1468 905 toprllntls.

999 943 1118 1008 [Itsgest.,
1129 945 1174 996 lib.
1183 946 1215 1005 11,
1224 946 1298 1012 epist.
1310 946 1380 998 1003.
1394 949 1451 1000 usa.
1465 951 1502 1001 La
1514 949 1590 1000 Porto
1598 951 1736 1017 duTheil.]

967 1051 1083 1109 Mandat
1094 1059 1124 1109 ut
1141 1060 1293 1125 procurent
1307 1054 1336 1111 in
1352 1057 1526 1113 monasterio
1539 1058 1702 1131 Burgolien.
1723 1075 1769 1117 re·

1002 1140 1078 1212 guia
1093 1141 1190 1199 Sancti
1205 1142 1351 1200 Benedicti
1364 1145 1492 1202 strictam
1507 1143 1730 1205 observantiam.

1008 1258 1188 1331 Honorius,
1201 1259 1276 1332 etc,
1291 1260 1447 1322 venerab.
1462 1260 1594 1323 fratri...
1612 1264 1770 1342 episcopo

968 1355 1155 1417 Nanneten.
1177 1355 1312 1419 decano.
1331 1357 1363 1420 et
1382 1360 1419 1420 d.
1438 1359 1674 1423 archidiacono
1693 1366 1768 1423 An-

968 1451 1128 1529 degaren.

1007 1549 1055 1611 nd
1071 1551 1274 1613 audientiam
1287 1554 1435 1615 nosbam
1450 1553 1571 1616 dilecto
1586 1555 1692 1617 tilio...
1707 1555 1769 1617 ab·

967 1645 1043 1708 bate
1055 1648 1245 1724 Burgolien.
1256 1650 1450 1712 monasterii
1466 1649 1633 1714 referente
1648 1668 1771 1729 perve-

968 1743 1027 1815 nit,
1043 1743 1129 1821 quod
1145 1761 1219 1806 cum
1232 1746 1265 1806 iu
1282 1746 1398 1808 eodem
1411 1748 1642 1810 monasterioa
1659 1749 1767 1826 prima

967 1840 1020 1899 sui
1034 1840 1229 1902 fundatione
1255 1841 1336 1903 ordo
1357 1844 1563 1905 monasticus
1583 1844 1686 1907 fuerit
1704 1845 1768 1906 sub

967 1934 1056 1998 beati
1079 1938 1249 2000 BenedIcti
1279 1940 1397 2016 regula
1417 1940 1600 2014 institutus,
1616 1941 1657 2003 de
1677 1958 1765 2005 novo

968 2033 1101 2110 quidam
1114 2035 1148 2096 in
1162 2035 1235 2112 ipso
1246 2036 1311 2097 sibi
1321 2038 1553 2114 repugnantia,
1561 2040 1765 2101 etnonnulla

967 2131 1082 2193 contra
1110 2133 1260 2208 reguiam
1296 2135 1372 2195 sunt
1400 2135 1523 2197 statuta
1551 2136 1763 2213 praedictam,

967 2229 1101 2306 propter
1115 2228 1201 2312 quod
1215 2230 1251 2291 in
1266 2230 1381 2292 eodem
1401 2231 1473 2294 loco
1488 2233 1718 2295 aemulationes
1733 2233 1767 2295 et

967 2325 1125 2390 scandala
1156 2327 1251 2404 quasi
1276 2329 1403 2405 jugiter
1428 2329 1641 2392 suscitantur.
1672 2331 1769 2392 Unde

967 2420 1062 2485 nobis
1084 2422 1257 2487 humiliter
1279 2424 1478 2502 supplicavit
1499 2426 1536 2487 ut
1550 2430 1621 2504 jam
1643 2426 1766 2489 dictum

967 2521 1206 2583 monasterium
1216 2521 1258 2582 ad
1270 2538 1477 2584 communem
1490 2524 1612 2585 statum
1622 2524 1766 2586 aliorum

967 2617 1116 2695 eiusdem
1131 2618 1258 2680 ordinis
1281 2619 1441 2681 reducere
1456 2620 1681 2697 dignaremur.
1696 2623 1767 2684 Nos

967 2714 1069 2791 igitur
1094 2715 1197 2792 quieti
1211 2717 1244 2777 et
1258 2716 1492 2793 tranquillitati
1512 2717 1764 2779 consistentium

966 2810 1049 2872 inibi
1061 2811 1236 2888 providere
1249 2813 1409 2885 volentes,
1424 2812 1618 2877 discretioni
1641 2816 1763 2876 vestrae

967 2923 1026 2986 ρον
1037 2908 1226 2987 Apostolica
1239 2911 1362 2988 scripta
1371 2911 1577 2985 mandamus,
1588 2913 1762 2990 quatenus,

967 3006 995 3066 si
1009 3008 1059 3069 est
1072 3007 1131 3080 ita,
1151 3023 1266 3069 omnes
1279 3008 1426 3086 ejusdem
1442 3010 1635 3072 monasterii
1648 3012 1681 3072 et
1695 3009 1770 3071 sin-

966 3104 1063 3180 gulos
1088 3104 1129 3166 ad
1159 3105 1327 3183 praedictae
1362 3106 1487 3183 regulae
1522 3107 1767 3169 observantiam

966 3203 1039 3263 vice
1054 3204 1167 3264 nostra
1189 3202 1347 3266 inducere
1367 3204 1562 3283 procuretis,
1578 3203 1769 3267 contradic-

966 3300 1073 3371 tores,
1095 3300 1195 3376 siqui
1218 3301 1425 3379 postmodum
1454 3302 1685 3379 apparuerint,
1705 3317 1766 3379 per

966 3410 1141 3456 censuram
1151 3396 1414 3459 ecclesiasticam
1429 3398 1654 3473 appellatione
1675 3399 1769 3475 post-

966 3491 1085 3569 posita,
1099 3492 1354 3568 compescend03
1376 3508 1443 3553 non
1471 3493 1621 3555 obstante
1640 3495 1769 3555 consti-

965 3587 1093 3649 tutione
1110 3604 1211 3665 super
1234 3589 1334 3666 hujus
1360 3589 1491 3651 statutis
1514 3591 1629 3650 contra
1649 3592 1685 3650 B.
1705 3592 1771 3650 Βο-

965 3683 1768 3762 nedictfregulamadinventisaSedebpostolica

964 3782 1152 3859 impetrata.
1163 3783 1255 3854 Quod
1270 3782 1371 3844 sinon
1387 3798 1512 3854 omnes,
1525 3784 1600 3855 etc,
1614 3784 1652 3845 tu
1666 3782 1770 3845 frater

965 3879 1208 3956 episcopocum
1223 3894 1339 3940 eorum
1354 3879 1470 3951 altero,
1486 3881 1548 3941 etc.
1566 3879 1686 3941 Datum
1696 3881 1766 3941 La-

966 3976 1085 4049 terani,
1111 3978 1229 4055 quarto
1262 3992 1368 4037 nonas
1396 3976 1526 4053 aprilis,
1557 3975 1774 4054 pontificatu8

966 4074 1074 4139 nostri
1091 4089 1179 4137 anno
1193 4073 1350 4138 secundo.

1269 4250 1473 4339 CLXXXV

990 4394 1043 4454 Ad
1054 4394 1244 4455 Anselmun
1257 4394 1524 4456 meduanensem
1536 4395 1745 4468 episcopum.

1267 4514 1286 4573 l
1299 4516 1379 4588 april.
1396 4516 1475 4573 lile.

1003 4628 1175 4692 [liegest.,lib.
1187 4629 1218 4687 11,
1230 4629 1306 4694 epist.
1317 4629 1388 4679 root.
1398 4628 1455 4679 liss.
1465 4630 1501 4680 La
1512 4628 1590 4678 Porto
1600 4626 1739 4692 deidati]

970 4734 1105 4794 Concedit
1113 4734 1149 4792 ad
1158 4735 1312 4791 triennium
1321 4734 1466 4792 licentiam
1478 4732 1619 4791 retinendi
1629 4732 1769 4791 beneficia

1007 4838 1072 4895 quae
1086 4829 1153 4880 anto
1167 4822 1336 4882 electionem
1347 4822 1383 4879 ad
1406 4822 1535 4895 regimen
1551 4822 1681 4879 ecclesie
1694 4824 1769 4880 Lau·

1008 4910 1147 4969 dunensis
1165 4911 1338 4968 obtinuerat.

1013 5028 1193 5099 Honorius,
1210 5028 1287 5097 etc,
1306 5026 1491 5089 venerabili
1513 5027 1609 5090 fratri
1613 5070 1675 5091 .....
1697 5030 1771 5088 An-

972 5122 1076 5184 selmo
1092 5121 1286 5212 Laudunen.
1300 5123 1467 5199 episcopo.

1013 5219 1214 5297 Supplicasti
1229 5219 1325 5281 nobis
1335 5221 1372 5281 ut
1382 5236 1457 5281 cum
1467 5218 1679 5297 episcopatus
1693 5219 1770 5280 tuus

972 5332 1092 5393 magno
1106 5319 1388 5394 prematuronere
1410 5316 1606 5387 debitorum,
1624 5315 1770 5377 retinere

972 5413 1135 5475 beneficia
1157 5430 1231 5491 quae
1255 5412 1440 5486 obtinebas,
1460 5413 1592 5491 quando
1616 5412 1709 5474 fuisti
1728 5412 1770 5474 ad

972 5510 1120 5585 regimen
1137 5510 1287 5573 ecclesIae
1304 5499 1495 5572 laudunen.
1514 5508 1714 5585 assumptus,
1728 5509 1768 5569 de

973 5609 1086 5670 nostra
1107 5608 1168 5670 tibi
1191 5608 1409 5686 permissione
1437 5606 1563 5668 liceret.
1584 5607 1652 5667 Nos
1667 5606 1770 5682 igitur
