3946 6196
735 234 963 297 EPISTOLAE.
987 235 1065 295 LIB.
1089 235 1131 295 11.

342 510 484 603 ΑΝΝΟ
522 506 892 599 PONTIFICATUS
929 504 1152 594 HONORII
1188 505 1251 593 ΙΙΙ
1290 506 1521 597 SECUNDO

496 776 516 863 Ι

106 929 667 1011 131(01333313)333113313333313
679 927 901 988 lerinensem.

417 1060 514 1134 aljar.
533 1061 611 1119 mir.

108 1184 567 1252 [1131333113.Η3333313,1,7,3.
578 1185 607 1234 11
614 1202 621 1243 ;
632 1180 903 1249 11333311,3113331ι3

437 1264 592 1330 1111113]

106 1372 330 1447 Archiepiscopo
353 1373 626 1433 133333313331131
651 1370 781 1429 Pontifex
803 1384 902 1444 regern

140 1465 308 1536 hungariae,
324 1463 427 1521 ducem
445 1463 566 1521 11331313
591 1469 619 1518 31
635 1460 783 1534 perplures
804 1474 902 1517 cruce·

140 1554 273 1626 signatos
286 1554 316 1609 in
343 1551 501 1610 subsidium
515 1554 611 1609 Terra
625 1551 736 1608 Sancta
748 1548 903 1606 convenire

140 1640 217 1714 apud
229 1643 353 1714 Cyprum
379 1641 453 1699 velle
468 1642 497 1698 iu
512 1638 585 1698 13313
595 1638 725 1713 proximo
740 1638 904 1697 Natiuitatis

140 1732 236 1788 113313
251 1730 359 1788 llario.

143 1857 313 1917 Honorius
322 1855 510 1933 episcopus,
518 1871 634 1916 servus
645 1869 816 1916 33333333
829 1853 900 1925 Dei,

105 1952 291 2015 venerabili
307 1953 403 2015 fratri
417 1950 567 2032 (Othoni)
580 1952 832 2030 archiepiscopo
845 1954 904 2013 Ja-

957 757 1124 831 inhibeas,
1138 776 1180 820 ne
1202 761 1376 839 quisquam
1392 764 1605 840 sepulchrum
1625 762 1758 830 Domini

959 855 1097 917 visitare
1130 860 1329 934 praesumat,
1361 877 1434 921 cum
1465 861 1530 922 nisi
1561 864 1756 926 sarracenis

959 954 1066 1015 soluto
1090 954 1214 1017 tributo
1239 957 1350 1018 nullus
1371 958 1451 1019 illuc
1471 960 1630 1022 accedere
1647 962 1758 1024 valeat

958 1050 1172 1113 christianus.
1188 1053 1237 1115 Ad
1251 1054 1333 1126 333,
1351 1056 1478 1132 quiade
1490 1058 1547 1119 tua
1556 1057 1757 1123 discretione

958 1163 997 1209 33
1022 1148 1195 1212 1133331313
1227 1152 1360 1228 plenam
1384 1153 1419 1214 in
1442 1154 1581 1216 Domino
1601 1156 1757 1218 fiduciam

958 1245 1155 1319 obtinemus,
1174 1247 1312 1310 liberam
1322 1249 1383 1311 tibi
1398 1253 1595 1314 auctoritate
1609 1270 1758 1331 praesen-

944 1339 1038 1403 tium
1054 1344 1265 1406 concedimus
1278 1346 1479 1421 facultatem,
1497 1350 1533 1411 ut
1551 1350 1592 1411 de
1614 1352 1755 1413 concilio

958 1441 1107 1518 magistri
1123 1446 1157 1505 et
1171 1444 1311 1506 fratrum
1322 1446 1757 1526 hopitalisJerosolymitani

957 1540 991 1600 et
1017 1539 1146 1602 militiae
1172 1543 1301 1621 templi,
1331 1559 1391 1605 seu
1416 1545 1559 1607 aliorum
1594 1546 1757 1608 bonorum

957 1635 1125 1709 virorum,
1156 1654 1238 1716 quos
1271 1641 1306 1700 in
1333 1642 1496 1702 auxilium
1525 1644 1617 1704 tuum
1644 1660 1757 1713 voces,

957 1733 1107 1806 31331333,
1124 1736 1292 1809 33113333,
1310 1738 1343 1799 31
1356 1738 1442 1799 31133
1456 1755 1617 1816 personas
1630 1741 1756 1803 debiles

957 1830 990 1891 et
1002 1831 1163 1905 infirmas,
1185 1833 1238 1895 vel
1260 1834 1345 1895 31133
1369 1837 1564 1913 paupertate
1583 1840 1756 1914 gravatas,

958 1945 1041 2005 quas
1055 1929 1190 1991 inutiles
1205 1947 1279 1992 esse
1291 1932 1384 1994 vides
1399 1933 1435 1994 in
1449 1933 1634 1995 subsidium
1646 1938 1758 1998 Terrae

959 2028 1102 2100 Sanctae,
1133 2044 1268 2090 moneas
1283 2030 1316 2091 et
1331 2030 1481 2103 inducas,
1511 2033 1660 2095 3131133
1683 2049 1757 2095 333

107 2050 386 2112 3333313313133
410 2052 443 2112 31
454 2048 670 2128 apostolicam
694 2048 902 2110 benedictio-

958 2123 1006 2184 eis
1033 2126 1229 2187 auctoritate
1254 2129 1370 2188 nostra
1400 2128 1583 2205 dispenses,
1605 2131 1641 2190 31
1659 2130 1758 2206 Juxta

107 2165 226 2306 negiu,
255 2245 422 2307 carissimi
440 2246 476 2307 jn
500 2244 630 2306 Christo
648 2243 708 2305 flffi
724 2241 902 2321 (Andreas)
959 2223 1110 2298 proprias
1129 2221 1317 2285 falcultates
1331 2226 1591 2302 redemptionem
1613 2222 1771 2300 itineris,¹

106 2344 288 2419 Hungariae
320 2359 382 2404 rex
421 2343 579 2414 illustris,
606 2342 726 2403 nobilis
752 2342 805 2403 vir
836 2342 905 2403 dux
959 2319 991 2379 et
1006 2335 1182 2396 expensas>
1199 2337 1280 2398 (111118
1303 2324 1415 2384 13889111
1438 2322 1473 2382 in
1497 2324 1655 2400 ilfaedicia
1667 2326 1759 2385 terra

106 2441 260 2512 Austri&
284 2456 324 2502 30
347 2441 443 2502 mum
454 2440 513 2501 affl
532 2441 704 2517 magnates
723 2440 903 2516 magnam,
959 2415 1106 2489 facturae,
1119 2417 1196 2478 aliis
1210 2419 1345 2480 utilibus
1358 2419 1652 2482 transfretantibus
1659 2422 1759 2498 juxta

107 2555 173 2599 mes
186 2541 220 2600 et
244 2538 413 2615 magnifici
426 2538 661 2613 crucesignati,
682 2554 771 2600 nunc
793 2539 906 2600 trans,
957 2514 1023 2574 tuae
1039 2513 1249 2576 discretionis
1265 2516 1444 2577 consilium
1459 2517 1656 2593 largiantur,
1683 2534 1760 2579 con·

106 2635 315 2697 13313313313
340 2635 523 2696 subsidium
542 2638 653 2696 Terrae
666 2637 796 2697 Sanctae
817 2635 904 2712 apud
959 2611 1116 2672 0113331113
1136 2612 1234 2673 lenia
1256 2616 1479 2689 lsscffltffl'flffl,
1500 2616 1598 2691 prout
1621 2615 1672 2675 631
1694 2630 1759 2676 01-

2 2752 3 2815 ι
108 2735 251 2810 Cyprum
268 2734 302 2793 in
316 2734 470 2811 proximo
490 2732 573 2794 festo
592 2732 776 2794 nativitatis
799 2732 904 2794 113313

107 2832 235 2903 11133133,
265 2834 333 2892 Deo
348 2831 502 2909 propitio,
520 2832 697 2892 convenire
716 2830 903 2907 disponant,

106 2945 232 3007 nosque
255 2928 439 2989 venerabili
459 2929 556 2989 fratri
581 2930 733 2990 nostro...
755 2928 904 3006 patriar-

106 3027 214 3088 rhae...
231 3043 272 3087 ac
287 3026 462 3087 carissimo
475 3026 510 3086 in
525 3026 655 3088 Christo
669 3026 738 3087 lilio
755 3024 786 3105 (J
789 3025 904 3107 oanni)

2 3146 3 3169 1
107 3125 230 3186 illustri
253 3123 337 3201 regi,
354 3126 387 3186 et
409 3124 576 3201 magistris
599 3127 631 3186 et
645 3123 803 3187 fratribus
821 3125 904 3185 hos-

107 3223 218 3299 pitalis
234 3224 268 3284 et
282 3221 410 3283 militiae
425 3221 539 3299 templi
558 3222 856 3300 ierosolymitanis
874 3223 906 3284 et

106 3321 181 3382 aliis
209 3320 418 3399 principibus
442 3320 589 3396 regionis
616 3320 707 3382 illius
721 3320 906 3382 direximus

107 3418 231 3499 scripta
254 3420 381 3491 nostra,
396 3418 432 3479 ut
446 3434 505 3496 per
519 3435 556 3479 se
571 3419 622 3479 vel
635 3413 798 3480 solemnes
820 3437 908 3481 nun-

3 3524 4 3575 }
106 3517 168 3579 tios
184 3517 267 3579 illuc
283 3518 461 3579 occurrant
484 3516 621 3589 eisdem,
643 3517 817 3578 tractaturi
832 3534 906 3579 cum

3 3608 4 3687 ζ
107 3616 165 3689 313,
192 3632 239 3677 ex
262 3631 327 3693 qua
356 3614 451 3691 parte
470 3614 613 3678 debeant
633 3618 757 3678 terram
782 3616 906 3678 Sarra-

106 3730 266 3776 cenorum
292 3714 420 3775 intrare
437 3736 444 3774 :
461 3712 705 3775 fraternitatem
727 3714 819 3775 tuam
845 3731 906 3776 33-

3 3880 4 3889 ,
107 3829 224 3888 gamus
241 3814 274 3873 et
294 3828 467 3872 monemus
489 3811 624 3884 attente,
639 3828 699 3889 per
724 3812 906 3888 apostolica

107 3911 232 3987 scripta
246 3908 453 3981 mandantes,
468 3910 631 3986 quatenus
651 3910 905 3986 crucesignatis,

959 2721 1108 2783 pressum
1123 2707 1158 2768 in
1173 2708 1319 2771 Concilio
1333 2710 1496 2786 generali.

999 2805 1118 2865 Datum
1133 2806 1315 2878 Ferentini,
1336 2822 1373 2868 1x
1388 2806 1455 2867 kal.
1474 2807 1626 2884 Augusti,
1642 2808 1757 2886 ponti·

960 2900 1076 2961 ficatus
1092 2902 1198 2963 333131
1212 2918 1299 2963 3333
1315 2903 1472 2964 secundo.

1337 3091 1379 3178 ΙΙ

1000 3242 1053 3301 An
1068 3244 1250 3318 Pelagium
1263 3244 1489 3304 Albaaenscnr
1504 3246 1711 3320 3313333331.

1259 3373 1294 3430 ιι
1309 3373 1360 3446 ju.
1381 3375 1458 3432 ιιιι.

962 3495 1081 3560 [Ughelli,
1093 3495 1169 3546 ltalia
1178 3510 1256 3555 sacra,
1272 3503 1292 3547 t.
1303 3497 1322 3555 1,
1336 3513 1362 3562 p.
1373 3497 1432 3557 roh
1448 3498 1639 3558 Β311.1133.,1.
1653 3515 1692 3560 ιιι,
1703 3501 1759 3563 316,

1312 3590 1338 3625 n.
1357 3576 1408 3638 la]

962 3692 1145 3753 Confirmatio
1170 3691 1277 3765 jurium
1301 3693 1430 3751 omnium
1453 3708 1487 3751 33
1503 3696 1718 3771 privilegiorum
1743 3713 1759 3757 3

998 3782 1135 3839 Romanis
1161 3780 1342 3853 pontificibus
1367 3782 1523 3841 libanensi
1544 3786 1674 3844 33313313
1691 3802 1758 3844 con·

998 3884 1155 3927 cessurum.

3 3996 4 4047 ³
108 4008 164 4085 qui
198 4008 286 4085 apud
320 4010 463 4069 133333
505 4008 700 4069 3333331333
740 4007 905 4081 dicuntur,
1003 4006 1170 4067 Honorius
1190 4006 1365 4082 episcopus
1381 4020 1498 4067 servus
1511 4022 1684 4069 servorum
1700 4010 1761 4073 Dei

3 4138 5 4191 p
107 4102 356 4179 evangelizans,
382 4105 480 4180 prout
501 4103 660 4164 Dominus
683 4102 744 4164 tibi
768 4102 905 4176 dederit,
963 4107 1045 4165 Ven.
1055 4103 1095 4164 fr.
1112 4103 1248 4179 Pelagio
1260 4102 1443 4164 Albanensi
1453 4105 1608 4182 episcopo
1622 4109 1761 4184 ejusque

3 4204 4 4215 ¹
106 4199 227 4262 vebum
248 4201 368 4273 crucis,
383 4216 441 4262 eos
452 4217 587 4262 moneas
602 4202 635 4263 et
647 4201 798 4274 inducas,
817 4201 853 4262 ut
866 4201 907 4263 ad
964 4201 1211 4264 successoribus
1229 4201 1389 4263 33333133
1409 4202 1609 4265 intrantibus
1628 4204 1664 4265 in
1679 4222 1760 4283 per-

108 4298 282 4361 evitandos
301 4298 484 4376 piratarum
515 4302 548 4360 et
564 4301 826 4361 Sarracenorum
854 4299 909 4361 13-
963 4302 1110 4376 potuum.

108 4414 238 4470 cursus,
256 4396 355 4458 simul
369 4397 585 4474 procedentes
608 4397 642 4457 in
662 4397 795 4459 vinculo
815 4398 908 4460 cari·
1003 4398 1073 4459 Etsi
1085 4413 1310 4460 omnesunum
1323 4414 1443 4475 corpus
1456 4400 1614 4461 sumusin
1629 4401 1759 4465 Christo

108 4496 198 4568 tatis,
215 4495 396 4557 convenire
425 4495 580 4556 studeant
602 4495 688 4573 apud
702 4497 856 4573 Cyprum,
873 4497 909 4559 31
964 4496 1105 4573 singulis
1120 4496 1230 4557 autem
1245 4496 1331 4558 31133
1347 4497 1485 4559 31133133
1502 4497 1661 4572 membra,
1683 4501 1770 4576 quia·

109 4590 910 4656 31331133133313331113313313331331Ν33
962 4595 1074 4656 tamen
1098 4594 1301 4656 33333313
1328 4594 1475 4656 membra
1501 4598 1610 4657 actum
1638 4595 1762 4659 habent

108 4691 199 4753 enim
225 4691 451 4753 venerabilem
466 4691 603 4753 1331333
622 4693 772 4752 3331333
794 4693 831 4752 Ρ.
846 4692 909 4754 ΑΙ-

107 4789 290 4851 banensem
305 4789 507 4866 episcopum,
528 4788 728 4865 apostolice
744 4789 840 4851 Sedis
855 4790 908 4850 le-

109 4890 233 4964 gatum,
251 4888 292 4949 de
312 4890 408 4964 cujus
430 4887 606 4963 prudentia
633 4886 666 4949 31
691 4887 824 4959 3131313,
843 4903 911 4948 333

110 4988 176 5047 133
203 4985 476 5062 argumentorum
498 4985 662 5062 praesagia
687 5001 911 5062 quamrerum

111 5084 339 5162 expierimenta
354 5083 449 5144 nobis
465 5082 563 5144 fidem
575 5082 702 5145 faciunt
714 5084 909 5160 pleniorem,

4 5194 6 5267 ss
111 5182 318 5259 providimus
346 5181 437 5254 illuc,
468 5183 605 5243 auctore
632 5181 783 5255 Domino,
809 5182 913 5243 desii-

109 5280 269 5355 nandum,
296 5279 425 5341 313133
449 5282 563 5341 333133
585 5279 708 5342 Christi
728 5280 910 5357 negotium,

964 4692 1127 4763 eumdem,
1148 4691 1206 4752 sed
1225 4690 1326 4767 capiti
1347 4707 1407 4752 suo
1423 4691 1561 4753 alterius
1576 4692 1705 4754 vicibus
1729 4697 1763 4758 et

964 4790 1069 4852 variis
1100 4788 1219 4851 officiis
1253 4787 1487 4865 obsequantur,
1518 4790 1562 4849 iis
1593 4792 1762 4869 tamquam

966 4886 1205 4965 principalibus
1227 4885 1334 4947 honor
1355 4886 1405 4947 est
1426 4885 1647 4950 abundantior
1665 4889 1723 4951 def
1742 4923 1761 4936 -

965 4985 1099 5053 rendus,
1114 5000 1187 5061 quae
1203 4983 1303 5061 capiti
1318 4985 1395 5044 sunt
1406 4983 1478 5059 ipsa
1489 4986 1640 5062 corporis
1655 4987 1764 5065 dispo·

966 5083 1086 5144 sitione
1101 5081 1211 5143 vicina
1226 5081 1259 5144 et
1277 5080 1469 5142 interiorem
1485 5083 1605 5145 mentis
1616 5100 1761 5162 concep·

967 5182 1035 5243 turn
1060 5179 1193 5242 facilius
1220 5178 1253 5241 et
1278 5178 1466 5256 expeditius
1494 5196 1555 5258 per
1579 5182 1763 5245 3313313333

967 5279 1115 5340 actiones
1129 5278 1310 5355 exponunt.
1342 5279 1439 5350 Sane,
1466 5278 1544 5341 licet
1572 5279 1762 5356 Apostolica

5 5368 6 5411 ³
110 5377 210 5454 prout
223 5375 314 5436 idem
326 5375 552 5453 inspiraverit,
562 5377 693 5440 ordinet
702 5379 735 5439 et
747 5378 910 5456 disponat.
969 5377 1070 5438 Sedes
1092 5375 1358 5454 universosquos
1378 5376 1578 5452 episcopalis
1601 5378 1766 5454 3333311-

5 5464 6 5553 ]
110 5476 160 5536 113
199 5476 295 5552 parts
319 5475 430 5536 autem
458 5476 762 5538 333133331333313
791 5492 911 5538 33333-
967 5473 1766 5552 331311333131111,13-33313333311113331111331-

5 5566 6 5571 ’
112 5572 256 5651 signatis
304 5571 365 5633 sub
412 5588 511 5651 poena
558 5574 913 5638 excommunicationis
938 5540 1769 5650 Ι113113(1131333333311,3313333331311)1331Ι3··Δ
