<?xml version="1.0" encoding="UTF-8"?>
<!DOCTYPE html PUBLIC "-//W3C//DTD XHTML 1.0 Transitional//EN"
    "http://www.w3.org/TR/xhtml1/DTD/xhtml1-transitional.dtd">
<html xmlns="http://www.w3.org/1999/xhtml" xml:lang="en" lang="en">
 <head>
  <title>
</title>
<meta http-equiv="Content-Type" content="text/html;charset=utf-8" />
  <meta name='ocr-system' content='tesseract 3.04.00' />
  <meta name='ocr-capabilities' content='ocr_page ocr_carea ocr_par ocr_line ocrx_word'/>
</head>
<body>
  <div class='ocr_page' id='page_1' title='image "./mediiaevibiblio00bottgoog_0580.png"; bbox 0 0 3982 6196; ppageno 0'>
   <div class='ocr_carea' id='block_1_1' title="bbox 129 364 190 425">
    <p class='ocr_par' dir='ltr' id='par_1_1' title="bbox 129 364 190 425">
     <span class='ocr_line' id='line_1_1' title="bbox 129 364 190 425; baseline 0 0"><span class='ocrx_word' id='word_1_1' title='bbox 129 364 190 425; x_wconf 76' lang='lat' dir='ltr'><strong>cta</strong></span> 
     </span>
    </p>
   </div>
   <div class='ocr_carea' id='block_1_2' title="bbox 121 523 934 4589">
    <p class='ocr_par' dir='ltr' id='par_1_2' title="bbox 123 523 933 698">
     <span class='ocr_line' id='line_1_2' title="bbox 125 523 933 605; baseline 0.001 -18"><span class='ocrx_word' id='word_1_2' title='bbox 125 524 342 605; x_wconf 88' lang='lat' dir='ltr'><strong>cbiepiscopo</strong></span> <span class='ocrx_word' id='word_1_3' title='bbox 374 523 580 597; x_wconf 65' lang='lat' dir='ltr'><strong>dublinensi,</strong></span> <span class='ocrx_word' id='word_1_4' title='bbox 608 525 809 603; x_wconf 71' lang='lat' dir='ltr'><strong>apostolicae</strong></span> <span class='ocrx_word' id='word_1_5' title='bbox 838 527 933 590; x_wconf 89' lang='lat' dir='ltr'><strong>Sedis</strong></span> 
     </span>
     <span class='ocr_line' id='line_1_3' title="bbox 123 622 419 698; baseline -0.003 -15"><span class='ocrx_word' id='word_1_6' title='bbox 123 623 247 698; x_wconf 79' lang='lat' dir='ltr'><strong>legato,</strong></span> <span class='ocrx_word' id='word_1_7' title='bbox 265 622 419 684; x_wconf 72' lang='lat' dir='ltr'><strong>salutem.</strong></span> 
     </span>
    </p>

    <p class='ocr_par' dir='ltr' id='par_1_3' title="bbox 121 718 934 4394">
     <span class='ocr_line' id='line_1_4' title="bbox 163 718 934 809; baseline -0.001 -27"><span class='ocrx_word' id='word_1_8' title='bbox 163 720 310 782; x_wconf 85' lang='lat' dir='ltr'><strong>Litteras</strong></span> <span class='ocrx_word' id='word_1_9' title='bbox 330 718 553 783; x_wconf 73' lang='lat' dir='ltr'><strong>fraternitatis</strong></span> <span class='ocrx_word' id='word_1_10' title='bbox 576 721 643 783; x_wconf 76' lang='lat' dir='ltr'><strong>tuae</strong></span> <span class='ocrx_word' id='word_1_11' title='bbox 658 721 818 781; x_wconf 90' lang='lat' dir='ltr'><strong>consueta</strong></span> <span class='ocrx_word' id='word_1_12' title='bbox 837 720 934 809; x_wconf 89' lang='lat' dir='ltr'><strong>beni-</strong></span> 
     </span>
     <span class='ocr_line' id='line_1_5' title="bbox 124 817 932 896; baseline 0.001 -18"><span class='ocrx_word' id='word_1_13' title='bbox 124 819 254 894; x_wconf 79' lang='lat' dir='ltr'><strong>gnitate</strong></span> <span class='ocrx_word' id='word_1_14' title='bbox 264 817 463 895; x_wconf 88' lang='lat' dir='ltr'><strong>recepimus,</strong></span> <span class='ocrx_word' id='word_1_15' title='bbox 480 819 575 890; x_wconf 89' lang='grc'>6166,</span> <span class='ocrx_word' id='word_1_16' title='bbox 596 834 669 896; x_wconf 87' lang='lat' dir='ltr'><strong>quae</strong></span> <span class='ocrx_word' id='word_1_17' title='bbox 685 834 786 896; x_wconf 90' lang='lat' dir='ltr'><strong>super</strong></span> <span class='ocrx_word' id='word_1_18' title='bbox 799 819 932 894; x_wconf 79' lang='lat' dir='ltr'><strong>negotio</strong></span> 
     </span>
     <span class='ocr_line' id='line_1_6' title="bbox 124 915 932 978; baseline -0.001 -1"><span class='ocrx_word' id='word_1_19' title='bbox 124 915 346 978; x_wconf 66' lang='lat' dir='ltr'><strong>artfertensis</strong></span> <span class='ocrx_word' id='word_1_20' title='bbox 357 915 594 978; x_wconf 89' lang='lat' dir='ltr'><strong>etLaoniensis</strong></span> <span class='ocrx_word' id='word_1_21' title='bbox 609 917 827 978; x_wconf 90' lang='lat' dir='ltr'><strong>ecclesiarum</strong></span> <span class='ocrx_word' id='word_1_22' title='bbox 838 915 932 977; x_wconf 91' lang='lat' dir='ltr'><strong>nobis</strong></span> 
     </span>
     <span class='ocr_line' id='line_1_7' title="bbox 125 1013 930 1091; baseline -0.002 -16"><span class='ocrx_word' id='word_1_23' title='bbox 125 1014 324 1091; x_wconf 71' lang='lat' dir='ltr'><strong>significasti</strong></span> <span class='ocrx_word' id='word_1_24' title='bbox 340 1014 507 1091; x_wconf 84' lang='lat' dir='ltr'><strong>perillas,</strong></span> <span class='ocrx_word' id='word_1_25' title='bbox 530 1015 719 1076; x_wconf 75' lang='lat' dir='ltr'><strong>notavimus</strong></span> <span class='ocrx_word' id='word_1_26' title='bbox 743 1013 930 1091; x_wconf 79' lang='lat' dir='ltr'><strong>diligenter.</strong></span> 
     </span>
     <span class='ocr_line' id='line_1_8' title="bbox 126 1112 932 1190; baseline -0.001 -17"><span class='ocrx_word' id='word_1_27' title='bbox 126 1115 215 1174; x_wconf 81' lang='lat' dir='ltr'><strong>Saue</strong></span> <span class='ocrx_word' id='word_1_28' title='bbox 230 1112 267 1184; x_wconf 92' lang='lat' dir='ltr'><strong>ii,</strong></span> <span class='ocrx_word' id='word_1_29' title='bbox 285 1112 341 1190; x_wconf 92' lang='lat' dir='ltr'><strong>qui</strong></span> <span class='ocrx_word' id='word_1_30' title='bbox 364 1112 406 1172; x_wconf 92' lang='lat' dir='ltr'><strong>ad</strong></span> <span class='ocrx_word' id='word_1_31' title='bbox 427 1112 576 1188; x_wconf 89' lang='lat' dir='ltr'><strong>ipsarum</strong></span> <span class='ocrx_word' id='word_1_32' title='bbox 595 1113 813 1174; x_wconf 86' lang='lat' dir='ltr'><strong>ecclesiarum</strong></span> <span class='ocrx_word' id='word_1_33' title='bbox 838 1112 932 1187; x_wconf 79' lang='lat' dir='ltr'><strong>regi-</strong></span> 
     </span>
     <span class='ocr_line' id='line_1_9' title="bbox 125 1209 932 1286; baseline -0.002 -15"><span class='ocrx_word' id='word_1_34' title='bbox 125 1226 202 1271; x_wconf 89' lang='lat' dir='ltr'><strong>men</strong></span> <span class='ocrx_word' id='word_1_35' title='bbox 218 1210 296 1270; x_wconf 90' lang='lat' dir='ltr'><strong>ante</strong></span> <span class='ocrx_word' id='word_1_36' title='bbox 311 1210 556 1271; x_wconf 80' lang='lat' dir='ltr'><strong>ordinationem</strong></span> <span class='ocrx_word' id='word_1_37' title='bbox 580 1209 727 1282; x_wconf 89' lang='lat' dir='ltr'><strong>illorum,</strong></span> <span class='ocrx_word' id='word_1_38' title='bbox 749 1209 932 1286; x_wconf 82' lang='lat' dir='ltr'><strong>dequibus</strong></span> 
     </span>
     <span class='ocr_line' id='line_1_10' title="bbox 125 1306 931 1384; baseline 0 -15"><span class='ocrx_word' id='word_1_39' title='bbox 125 1306 416 1384; x_wconf 88' lang='lat' dir='ltr'><strong>nobis-scripsisti,</strong></span> <span class='ocrx_word' id='word_1_40' title='bbox 433 1308 589 1369; x_wconf 88' lang='lat' dir='ltr'><strong>asserunt</strong></span> <span class='ocrx_word' id='word_1_41' title='bbox 607 1308 768 1369; x_wconf 89' lang='lat' dir='ltr'><strong>canonice</strong></span> <span class='ocrx_word' id='word_1_42' title='bbox 788 1323 824 1368; x_wconf 89' lang='grc'><strong>66</strong></span> <span class='ocrx_word' id='word_1_43' title='bbox 838 1307 931 1369; x_wconf 90' lang='grc'>6166-</span> 
     </span>
     <span class='ocr_line' id='line_1_11' title="bbox 126 1403 932 1481; baseline 0 -14"><span class='ocrx_word' id='word_1_44' title='bbox 126 1407 199 1476; x_wconf 78' lang='lat' dir='ltr'><strong>tae,</strong></span> <span class='ocrx_word' id='word_1_45' title='bbox 230 1403 273 1465; x_wconf 87' lang='lat' dir='ltr'><strong>ed</strong></span> <span class='ocrx_word' id='word_1_46' title='bbox 308 1405 607 1481; x_wconf 89' lang='lat' dir='ltr'><strong>praesentationem·</strong></span> <span class='ocrx_word' id='word_1_47' title='bbox 635 1407 785 1467; x_wconf 89' lang='lat' dir='ltr'><strong>nostram</strong></span> <span class='ocrx_word' id='word_1_48' title='bbox 818 1406 932 1467; x_wconf 80' lang='lat' dir='ltr'><strong>aestate</strong></span> 
     </span>
     <span class='ocr_line' id='line_1_12' title="bbox 126 1502 932 1580; baseline 0.001 -17"><span class='ocrx_word' id='word_1_49' title='bbox 126 1502 298 1580; x_wconf 81' lang='lat' dir='ltr'><strong>praeterita</strong></span> <span class='ocrx_word' id='word_1_50' title='bbox 312 1502 501 1574; x_wconf 78' lang='lat' dir='ltr'><strong>venientes,</strong></span> <span class='ocrx_word' id='word_1_51' title='bbox 529 1517 650 1564; x_wconf 83' lang='lat' dir='ltr'><strong>coram</strong></span> <span class='ocrx_word' id='word_1_52' title='bbox 668 1502 763 1564; x_wconf 87' lang='lat' dir='ltr'><strong>nobis</strong></span> <span class='ocrx_word' id='word_1_53' title='bbox 785 1503 932 1578; x_wconf 80' lang='lat' dir='ltr'><strong>grauiter</strong></span> 
     </span>
     <span class='ocr_line' id='line_1_13' title="bbox 125 1599 931 1678; baseline -0.001 -16"><span class='ocrx_word' id='word_1_54' title='bbox 125 1601 206 1662; x_wconf 82' lang='lat' dir='ltr'><strong>sunt</strong></span> <span class='ocrx_word' id='word_1_55' title='bbox 218 1600 414 1677; x_wconf 83' lang='lat' dir='ltr'><strong>conquaesti,</strong></span> <span class='ocrx_word' id='word_1_56' title='bbox 431 1599 516 1677; x_wconf 92' lang='lat' dir='ltr'><strong>quod</strong></span> <span class='ocrx_word' id='word_1_57' title='bbox 532 1617 632 1678; x_wconf 90' lang='lat' dir='ltr'><strong>quum</strong></span> <span class='ocrx_word' id='word_1_58' title='bbox 643 1600 684 1662; x_wconf 93' lang='lat' dir='ltr'><strong>ad</strong></span> <span class='ocrx_word' id='word_1_59' title='bbox 698 1600 931 1677; x_wconf 88' lang='lat' dir='ltr'><strong>praedictarum</strong></span> 
     </span>
     <span class='ocr_line' id='line_1_14' title="bbox 124 1697 931 1773; baseline 0.002 -13"><span class='ocrx_word' id='word_1_60' title='bbox 124 1698 344 1760; x_wconf 88' lang='lat' dir='ltr'><strong>ecclesiarum</strong></span> <span class='ocrx_word' id='word_1_61' title='bbox 353 1697 503 1773; x_wconf 83' lang='lat' dir='ltr'><strong>regimen</strong></span> <span class='ocrx_word' id='word_1_62' title='bbox 511 1698 671 1760; x_wconf 89' lang='lat' dir='ltr'><strong>canonice</strong></span> <span class='ocrx_word' id='word_1_63' title='bbox 683 1698 825 1761; x_wconf 85' lang='lat' dir='ltr'><strong>fuissent</strong></span> <span class='ocrx_word' id='word_1_64' title='bbox 833 1699 931 1762; x_wconf 89' lang='lat' dir='ltr'><strong>electi</strong></span> 
     </span>
     <span class='ocr_line' id='line_1_15' title="bbox 124 1795 930 1874; baseline 0 -17"><span class='ocrx_word' id='word_1_65' title='bbox 124 1812 151 1857; x_wconf 88' lang='lat' dir='ltr'><strong>a·</strong></span> <span class='ocrx_word' id='word_1_66' title='bbox 162 1795 321 1874; x_wconf 88' lang='lat' dir='ltr'><strong>capitulis</strong></span> <span class='ocrx_word' id='word_1_67' title='bbox 338 1796 542 1869; x_wconf 89' lang='lat' dir='ltr'><strong>earumdem,</strong></span> <span class='ocrx_word' id='word_1_68' title='bbox 559 1795 713 1862; x_wconf 86' lang='grc'>6111616116</span> <span class='ocrx_word' id='word_1_69' title='bbox 728 1797 930 1858; x_wconf 83' lang='lat' dir='ltr'><strong>venerabilis</strong></span> 
     </span>
     <span class='ocr_line' id='line_1_16' title="bbox 124 1890 930 1973; baseline 0.002 -18"><span class='ocrx_word' id='word_1_70' title='bbox 124 1893 242 1956; x_wconf 77' lang='lat' dir='ltr'><strong>fratris</strong></span> <span class='ocrx_word' id='word_1_71' title='bbox 262 1894 368 1956; x_wconf 90' lang='lat' dir='ltr'><strong>nostri</strong></span> <span class='ocrx_word' id='word_1_72' title='bbox 381 1894 599 1957; x_wconf 76' lang='lat' dir='ltr'><strong>cassellensis</strong></span> <span class='ocrx_word' id='word_1_73' title='bbox 614 1890 870 1973; x_wconf 84' lang='lat' dir='ltr'><strong>archiepiscopi,</strong></span> <span class='ocrx_word' id='word_1_74' title='bbox 890 1896 930 1957; x_wconf 94' lang='lat' dir='ltr'><strong>de</strong></span> 
     </span>
     <span class='ocr_line' id='line_1_17' title="bbox 125 1991 929 2071; baseline 0.001 -19"><span class='ocrx_word' id='word_1_75' title='bbox 125 2008 192 2068; x_wconf 90' lang='lat' dir='ltr'><strong>quo</strong></span> <span class='ocrx_word' id='word_1_76' title='bbox 208 1991 244 2051; x_wconf 89' lang='lat' dir='ltr'><strong>in</strong></span> <span class='ocrx_word' id='word_1_77' title='bbox 258 1992 326 2053; x_wconf 89' lang='lat' dir='ltr'><strong>tuis</strong></span> <span class='ocrx_word' id='word_1_78' title='bbox 340 1991 446 2053; x_wconf 83' lang='lat' dir='ltr'><strong>iecisti</strong></span> <span class='ocrx_word' id='word_1_79' title='bbox 462 1992 584 2054; x_wconf 92' lang='lat' dir='ltr'><strong>litteris</strong></span> <span class='ocrx_word' id='word_1_80' title='bbox 597 1992 809 2066; x_wconf 91' lang='lat' dir='ltr'><strong>mentionem,</strong></span> <span class='ocrx_word' id='word_1_81' title='bbox 824 2009 929 2071; x_wconf 90' lang='lat' dir='ltr'><strong>quos-</strong></span> 
     </span>
     <span class='ocr_line' id='line_1_18' title="bbox 124 2089 929 2168; baseline 0.002 -17"><span class='ocrx_word' id='word_1_82' title='bbox 124 2089 201 2151; x_wconf 87' lang='lat' dir='ltr'><strong>dam</strong></span> <span class='ocrx_word' id='word_1_83' title='bbox 218 2090 254 2150; x_wconf 92' lang='lat' dir='ltr'><strong>in</strong></span> <span class='ocrx_word' id='word_1_84' title='bbox 269 2090 421 2151; x_wconf 90' lang='lat' dir='ltr'><strong>ecclesiis</strong></span> <span class='ocrx_word' id='word_1_85' title='bbox 438 2090 519 2167; x_wconf 87' lang='lat' dir='ltr'><strong>ipsis</strong></span> <span class='ocrx_word' id='word_1_86' title='bbox 545 2106 604 2168; x_wconf 91' lang='lat' dir='ltr'><strong>per</strong></span> <span class='ocrx_word' id='word_1_87' title='bbox 619 2091 800 2168; x_wconf 89' lang='lat' dir='ltr'><strong>potentiam</strong></span> <span class='ocrx_word' id='word_1_88' title='bbox 820 2092 929 2153; x_wconf 90' lang='lat' dir='ltr'><strong>laica-</strong></span> 
     </span>
     <span class='ocr_line' id='line_1_19' title="bbox 124 2187 928 2266; baseline 0.001 -18"><span class='ocrx_word' id='word_1_89' title='bbox 124 2187 191 2249; x_wconf 86' lang='lat' dir='ltr'><strong>lem</strong></span> <span class='ocrx_word' id='word_1_90' title='bbox 223 2187 375 2249; x_wconf 87' lang='lat' dir='ltr'><strong>intrusos</strong></span> <span class='ocrx_word' id='word_1_91' title='bbox 407 2187 486 2249; x_wconf 85' lang='lat' dir='ltr'><strong>fecit</strong></span> <span class='ocrx_word' id='word_1_92' title='bbox 521 2188 558 2249; x_wconf 92' lang='lat' dir='ltr'><strong>in</strong></span> <span class='ocrx_word' id='word_1_93' title='bbox 596 2204 710 2250; x_wconf 87' lang='lat' dir='ltr'><strong>earum</strong></span> <span class='ocrx_word' id='word_1_94' title='bbox 740 2188 928 2266; x_wconf 86' lang='lat' dir='ltr'><strong>episcopos,</strong></span> 
     </span>
     <span class='ocr_line' id='line_1_20' title="bbox 124 2284 928 2364; baseline 0.001 -17"><span class='ocrx_word' id='word_1_95' title='bbox 124 2284 393 2347; x_wconf 76' lang='lat' dir='ltr'><strong>reclamantibus·</strong></span> <span class='ocrx_word' id='word_1_96' title='bbox 406 2285 601 2347; x_wconf 85' lang='lat' dir='ltr'><strong>earumdem</strong></span> <span class='ocrx_word' id='word_1_97' title='bbox 616 2287 782 2364; x_wconf 88' lang='lat' dir='ltr'><strong>capitulis,</strong></span> <span class='ocrx_word' id='word_1_98' title='bbox 806 2302 928 2351; x_wconf 87' lang='lat' dir='ltr'><strong>conse-</strong></span> 
     </span>
     <span class='ocr_line' id='line_1_21' title="bbox 125 2379 931 2457; baseline 0.005 -17"><span class='ocrx_word' id='word_1_99' title='bbox 125 2379 237 2441; x_wconf 86' lang='lat' dir='ltr'><strong>crari:</strong></span> <span class='ocrx_word' id='word_1_100' title='bbox 253 2394 356 2457; x_wconf 90' lang='lat' dir='ltr'><strong>super</strong></span> <span class='ocrx_word' id='word_1_101' title='bbox 378 2396 443 2457; x_wconf 94' lang='lat' dir='ltr'><strong>quo</strong></span> <span class='ocrx_word' id='word_1_102' title='bbox 465 2380 544 2442; x_wconf 91' lang='grc'>11661</span> <span class='ocrx_word' id='word_1_103' title='bbox 565 2381 694 2442; x_wconf 83' lang='lat' dir='ltr'><strong>litteras</strong></span> <span class='ocrx_word' id='word_1_104' title='bbox 718 2381 931 2444; x_wconf 88' lang='lat' dir='ltr'><strong>ostenderent</strong></span> 
     </span>
     <span class='ocr_line' id='line_1_22' title="bbox 129 2476 930 2557; baseline 0.002 -19"><span class='ocrx_word' id='word_1_105' title='bbox 129 2476 361 2550; x_wconf 82' lang='lat' dir='ltr'><strong>diversorum,</strong></span> <span class='ocrx_word' id='word_1_106' title='bbox 378 2493 439 2538; x_wconf 93' lang='lat' dir='ltr'><strong>nos</strong></span> <span class='ocrx_word' id='word_1_107' title='bbox 468 2478 580 2539; x_wconf 72' lang='lat' dir='ltr'><strong>tamur</strong></span> <span class='ocrx_word' id='word_1_108' title='bbox 602 2479 692 2555; x_wconf 86' lang='lat' dir='ltr'><strong>ipsos</strong></span> <span class='ocrx_word' id='word_1_109' title='bbox 710 2495 770 2556; x_wconf 90' lang='lat' dir='ltr'><strong>per</strong></span> <span class='ocrx_word' id='word_1_110' title='bbox 788 2481 930 2557; x_wconf 89' lang='lat' dir='ltr'><strong>quatuor</strong></span> 
     </span>
     <span class='ocr_line' id='line_1_23' title="bbox 125 2575 930 2654; baseline 0.005 -19"><span class='ocrx_word' id='word_1_111' title='bbox 125 2590 261 2637; x_wconf 89' lang='lat' dir='ltr'><strong>menses</strong></span> <span class='ocrx_word' id='word_1_112' title='bbox 284 2576 317 2636; x_wconf 89' lang='grc'><strong>61</strong></span> <span class='ocrx_word' id='word_1_113' title='bbox 339 2575 427 2636; x_wconf 88' lang='lat' dir='ltr'><strong>ultra</strong></span> <span class='ocrx_word' id='word_1_114' title='bbox 451 2575 789 2654; x_wconf 82' lang='lat' dir='ltr'><strong>lecimusexpectare,</strong></span> <span class='ocrx_word' id='word_1_115' title='bbox 814 2578 842 2638; x_wconf 90' lang='lat' dir='ltr'><strong>si</strong></span> <span class='ocrx_word' id='word_1_116' title='bbox 861 2576 930 2639; x_wconf 84' lang='lat' dir='ltr'><strong>lor-</strong></span> 
     </span>
     <span class='ocr_line' id='line_1_24' title="bbox 129 2671 929 2752; baseline 0.004 -19"><span class='ocrx_word' id='word_1_117' title='bbox 129 2689 191 2733; x_wconf 87' lang='lat' dir='ltr'><strong>san</strong></span> <span class='ocrx_word' id='word_1_118' title='bbox 214 2671 426 2733; x_wconf 82' lang='lat' dir='ltr'><strong>adversarius</strong></span> <span class='ocrx_word' id='word_1_119' title='bbox 441 2672 564 2750; x_wconf 91' lang='lat' dir='ltr'><strong>aliquis</strong></span> <span class='ocrx_word' id='word_1_120' title='bbox 581 2676 797 2752; x_wconf 89' lang='lat' dir='ltr'><strong>compareret,</strong></span> <span class='ocrx_word' id='word_1_121' title='bbox 814 2692 855 2736; x_wconf 92' lang='grc'><strong>66</strong></span> <span class='ocrx_word' id='word_1_122' title='bbox 870 2676 929 2736; x_wconf 94' lang='lat' dir='ltr'><strong>de-</strong></span> 
     </span>
     <span class='ocr_line' id='line_1_25' title="bbox 125 2770 928 2849; baseline 0.004 -18"><span class='ocrx_word' id='word_1_123' title='bbox 125 2786 216 2832; x_wconf 87' lang='lat' dir='ltr'><strong>mum</strong></span> <span class='ocrx_word' id='word_1_124' title='bbox 231 2770 364 2831; x_wconf 87' lang='lat' dir='ltr'><strong>nemine</strong></span> <span class='ocrx_word' id='word_1_125' title='bbox 379 2772 602 2846; x_wconf 81' lang='lat' dir='ltr'><strong>comparente,</strong></span> <span class='ocrx_word' id='word_1_126' title='bbox 620 2772 779 2849; x_wconf 91' lang='lat' dir='ltr'><strong>quosdam</strong></span> <span class='ocrx_word' id='word_1_127' title='bbox 794 2772 835 2834; x_wconf 91' lang='lat' dir='ltr'><strong>de</strong></span> <span class='ocrx_word' id='word_1_128' title='bbox 856 2772 928 2834; x_wconf 85' lang='lat' dir='ltr'><strong>fra-</strong></span> 
     </span>
     <span class='ocr_line' id='line_1_26' title="bbox 124 2866 926 2932; baseline 0 -1"><span class='ocrx_word' id='word_1_129' title='bbox 124 2866 926 2932; x_wconf 88' lang='lat' dir='ltr'><strong>tribusuostriseisdemconcessimusauditores:</strong></span> 
     </span>
     <span class='ocr_line' id='line_1_27' title="bbox 125 2965 925 3043; baseline 0.001 -16"><span class='ocrx_word' id='word_1_130' title='bbox 125 2965 182 3042; x_wconf 91' lang='lat' dir='ltr'><strong>qui</strong></span> <span class='ocrx_word' id='word_1_131' title='bbox 208 2980 285 3026; x_wconf 90' lang='lat' dir='ltr'><strong>cum</strong></span> <span class='ocrx_word' id='word_1_132' title='bbox 309 2980 359 3036; x_wconf 89' lang='grc'><strong>66,</strong></span> <span class='ocrx_word' id='word_1_133' title='bbox 382 2981 455 3042; x_wconf 89' lang='lat' dir='ltr'><strong>quae</strong></span> <span class='ocrx_word' id='word_1_134' title='bbox 480 2967 725 3043; x_wconf 90' lang='lat' dir='ltr'><strong>proposuerunt</strong></span> <span class='ocrx_word' id='word_1_135' title='bbox 739 2983 850 3029; x_wconf 91' lang='lat' dir='ltr'><strong>coram</strong></span> <span class='ocrx_word' id='word_1_136' title='bbox 866 2968 925 3041; x_wconf 86' lang='grc'>616,</span> 
     </span>
     <span class='ocr_line' id='line_1_28' title="bbox 126 3062 927 3140; baseline 0.005 -17"><span class='ocrx_word' id='word_1_137' title='bbox 126 3063 158 3123; x_wconf 90' lang='grc'><strong>61</strong></span> <span class='ocrx_word' id='word_1_138' title='bbox 179 3078 240 3140; x_wconf 91' lang='lat' dir='ltr'><strong>per</strong></span> <span class='ocrx_word' id='word_1_139' title='bbox 254 3062 494 3124; x_wconf 88' lang='lat' dir='ltr'><strong>testimoniales</strong></span> <span class='ocrx_word' id='word_1_140' title='bbox 510 3064 639 3126; x_wconf 85' lang='lat' dir='ltr'><strong>litteras</strong></span> <span class='ocrx_word' id='word_1_141' title='bbox 654 3067 806 3127; x_wconf 88' lang='lat' dir='ltr'><strong>astruere</strong></span> <span class='ocrx_word' id='word_1_142' title='bbox 821 3081 927 3127; x_wconf 89' lang='lat' dir='ltr'><strong>cone-</strong></span> 
     </span>
     <span class='ocr_line' id='line_1_29' title="bbox 124 3159 929 3236; baseline 0.007 -16"><span class='ocrx_word' id='word_1_143' title='bbox 124 3159 258 3232; x_wconf 87' lang='lat' dir='ltr'><strong>bantur,</strong></span> <span class='ocrx_word' id='word_1_144' title='bbox 276 3160 371 3222; x_wconf 89' lang='lat' dir='ltr'><strong>nobis</strong></span> <span class='ocrx_word' id='word_1_145' title='bbox 385 3160 528 3223; x_wconf 80' lang='lat' dir='ltr'><strong>fideliter</strong></span> <span class='ocrx_word' id='word_1_146' title='bbox 542 3162 748 3236; x_wconf 87' lang='lat' dir='ltr'><strong>retulissent,</strong></span> <span class='ocrx_word' id='word_1_147' title='bbox 770 3179 831 3225; x_wconf 90' lang='lat' dir='ltr'><strong>nos</strong></span> <span class='ocrx_word' id='word_1_148' title='bbox 850 3163 929 3226; x_wconf 90' lang='lat' dir='ltr'><strong>licet</strong></span> 
     </span>
     <span class='ocr_line' id='line_1_30' title="bbox 124 3257 928 3339; baseline 0.005 -20"><span class='ocrx_word' id='word_1_149' title='bbox 124 3257 333 3335; x_wconf 85' lang='lat' dir='ltr'><strong>postularent</strong></span> <span class='ocrx_word' id='word_1_150' title='bbox 347 3257 521 3333; x_wconf 83' lang='lat' dir='ltr'><strong>instanter,</strong></span> <span class='ocrx_word' id='word_1_151' title='bbox 534 3263 570 3322; x_wconf 93' lang='lat' dir='ltr'><strong>ut</strong></span> <span class='ocrx_word' id='word_1_152' title='bbox 582 3263 749 3333; x_wconf 85' lang='lat' dir='ltr'><strong>revocato,</strong></span> <span class='ocrx_word' id='word_1_153' title='bbox 762 3261 847 3339; x_wconf 85' lang='lat' dir='ltr'><strong>qaod</strong></span> <span class='ocrx_word' id='word_1_154' title='bbox 863 3262 928 3325; x_wconf 83' lang='grc'>166-</span> 
     </span>
     <span class='ocr_line' id='line_1_31' title="bbox 123 3353 928 3435; baseline 0.005 -19"><span class='ocrx_word' id='word_1_155' title='bbox 123 3356 194 3417; x_wconf 91' lang='lat' dir='ltr'><strong>tum</strong></span> <span class='ocrx_word' id='word_1_156' title='bbox 207 3353 318 3417; x_wconf 85' lang='lat' dir='ltr'><strong>fuerat</strong></span> <span class='ocrx_word' id='word_1_157' title='bbox 330 3371 390 3433; x_wconf 90' lang='lat' dir='ltr'><strong>per</strong></span> <span class='ocrx_word' id='word_1_158' title='bbox 404 3355 580 3418; x_wconf 81' lang='lat' dir='ltr'><strong>officialem</strong></span> <span class='ocrx_word' id='word_1_159' title='bbox 595 3359 800 3435; x_wconf 88' lang='lat' dir='ltr'><strong>praedictum,</strong></span> <span class='ocrx_word' id='word_1_160' title='bbox 809 3360 928 3435; x_wconf 85' lang='lat' dir='ltr'><strong>digna-</strong></span> 
     </span>
     <span class='ocr_line' id='line_1_32' title="bbox 122 3453 927 3533; baseline 0.006 -20"><span class='ocrx_word' id='word_1_161' title='bbox 122 3469 238 3515; x_wconf 89' lang='lat' dir='ltr'><strong>remur</strong></span> <span class='ocrx_word' id='word_1_162' title='bbox 262 3453 453 3525; x_wconf 86' lang='lat' dir='ltr'><strong>electiones,</strong></span> <span class='ocrx_word' id='word_1_163' title='bbox 470 3470 554 3530; x_wconf 86' lang='lat' dir='ltr'><strong>quae</strong></span> <span class='ocrx_word' id='word_1_164' title='bbox 579 3455 716 3533; x_wconf 82' lang='lat' dir='ltr'><strong>deipsis</strong></span> <span class='ocrx_word' id='word_1_165' title='bbox 738 3456 927 3519; x_wconf 80' lang='grc'>166166166-</span> 
     </span>
     <span class='ocr_line' id='line_1_33' title="bbox 122 3551 927 3631; baseline 0.006 -20"><span class='ocrx_word' id='word_1_166' title='bbox 122 3554 220 3623; x_wconf 87' lang='lat' dir='ltr'><strong>rent,</strong></span> <span class='ocrx_word' id='word_1_167' title='bbox 252 3551 467 3624; x_wconf 81' lang='lat' dir='ltr'><strong>conflrmare,</strong></span> <span class='ocrx_word' id='word_1_168' title='bbox 499 3553 577 3628; x_wconf 90' lang='lat' dir='ltr'><strong>quia</strong></span> <span class='ocrx_word' id='word_1_169' title='bbox 606 3553 722 3614; x_wconf 86' lang='lat' dir='ltr'><strong>tamen</strong></span> <span class='ocrx_word' id='word_1_170' title='bbox 745 3570 841 3615; x_wconf 89' lang='lat' dir='ltr'><strong>nemo</strong></span> <span class='ocrx_word' id='word_1_171' title='bbox 867 3571 927 3631; x_wconf 92' lang='lat' dir='ltr'><strong>pro</strong></span> 
     </span>
     <span class='ocr_line' id='line_1_34' title="bbox 122 3649 927 3726; baseline 0.004 -16"><span class='ocrx_word' id='word_1_172' title='bbox 122 3652 218 3726; x_wconf 89' lang='lat' dir='ltr'><strong>parte</strong></span> <span class='ocrx_word' id='word_1_173' title='bbox 242 3649 348 3710; x_wconf 87' lang='lat' dir='ltr'><strong>altera</strong></span> <span class='ocrx_word' id='word_1_174' title='bbox 370 3649 593 3725; x_wconf 85' lang='lat' dir='ltr'><strong>comparebat,</strong></span> <span class='ocrx_word' id='word_1_175' title='bbox 619 3654 735 3712; x_wconf 88' lang='lat' dir='ltr'><strong>contra</strong></span> <span class='ocrx_word' id='word_1_176' title='bbox 755 3651 847 3712; x_wconf 91' lang='lat' dir='ltr'><strong>illam</strong></span> <span class='ocrx_word' id='word_1_177' title='bbox 863 3652 927 3713; x_wconf 90' lang='lat' dir='ltr'><strong>ab·</strong></span> 
     </span>
     <span class='ocr_line' id='line_1_35' title="bbox 121 3747 928 3812; baseline 0.004 -4"><span class='ocrx_word' id='word_1_178' title='bbox 121 3748 251 3808; x_wconf 89' lang='lat' dir='ltr'><strong>sentem</strong></span> <span class='ocrx_word' id='word_1_179' title='bbox 277 3748 311 3807; x_wconf 90' lang='lat' dir='ltr'><strong>et</strong></span> <span class='ocrx_word' id='word_1_180' title='bbox 328 3747 540 3808; x_wconf 84' lang='lat' dir='ltr'><strong>indefensam·</strong></span> <span class='ocrx_word' id='word_1_181' title='bbox 563 3764 629 3809; x_wconf 89' lang='lat' dir='ltr'><strong>non</strong></span> <span class='ocrx_word' id='word_1_182' title='bbox 654 3748 808 3810; x_wconf 76' lang='lat' dir='ltr'><strong>diluimus</strong></span> <span class='ocrx_word' id='word_1_183' title='bbox 830 3750 928 3812; x_wconf 90' lang='lat' dir='ltr'><strong>aliter</strong></span> 
     </span>
     <span class='ocr_line' id='line_1_36' title="bbox 122 3843 927 3923; baseline 0.005 -19"><span class='ocrx_word' id='word_1_184' title='bbox 122 3843 381 3921; x_wconf 90' lang='lat' dir='ltr'><strong>procedendum,</strong></span> <span class='ocrx_word' id='word_1_185' title='bbox 413 3845 470 3906; x_wconf 91' lang='lat' dir='ltr'><strong>sed</strong></span> <span class='ocrx_word' id='word_1_186' title='bbox 504 3847 641 3921; x_wconf 83' lang='lat' dir='ltr'><strong>negotia</strong></span> <span class='ocrx_word' id='word_1_187' title='bbox 662 3846 734 3923; x_wconf 89' lang='lat' dir='ltr'><strong>ipsa</strong></span> <span class='ocrx_word' id='word_1_188' title='bbox 758 3846 819 3907; x_wconf 89' lang='lat' dir='ltr'><strong>sub</strong></span> <span class='ocrx_word' id='word_1_189' title='bbox 836 3851 927 3910; x_wconf 90' lang='lat' dir='ltr'><strong>certa</strong></span> 
     </span>
     <span class='ocr_line' id='line_1_37' title="bbox 121 3940 928 4021; baseline 0.005 -19"><span class='ocrx_word' id='word_1_190' title='bbox 121 3940 229 4002; x_wconf 79' lang='lat' dir='ltr'><strong>torma</strong></span> <span class='ocrx_word' id='word_1_191' title='bbox 248 3941 484 4010; x_wconf 86' lang='lat' dir='ltr'><strong>commisimus,</strong></span> <span class='ocrx_word' id='word_1_192' title='bbox 501 3959 560 4019; x_wconf 89' lang='lat' dir='ltr'><strong>per</strong></span> <span class='ocrx_word' id='word_1_193' title='bbox 584 3960 689 4021; x_wconf 82' lang='lat' dir='ltr'><strong>quem·</strong></span> <span class='ocrx_word' id='word_1_194' title='bbox 702 3944 813 4021; x_wconf 90' lang='lat' dir='ltr'><strong>partes</strong></span> <span class='ocrx_word' id='word_1_195' title='bbox 827 3946 928 4006; x_wconf 87' lang='lat' dir='ltr'><strong>utrae-</strong></span> 
     </span>
     <span class='ocr_line' id='line_1_38' title="bbox 122 4039 926 4117; baseline 0.006 -19"><span class='ocrx_word' id='word_1_196' title='bbox 122 4054 187 4115; x_wconf 87' lang='lat' dir='ltr'><strong>que</strong></span> <span class='ocrx_word' id='word_1_197' title='bbox 200 4054 296 4099; x_wconf 88' lang='lat' dir='ltr'><strong>suam</strong></span> <span class='ocrx_word' id='word_1_198' title='bbox 312 4039 468 4116; x_wconf 89' lang='lat' dir='ltr'><strong>poterunt</strong></span> <span class='ocrx_word' id='word_1_199' title='bbox 474 4040 639 4117; x_wconf 88' lang='lat' dir='ltr'><strong>justitiam</strong></span> <span class='ocrx_word' id='word_1_200' title='bbox 651 4040 801 4103; x_wconf 89' lang='lat' dir='ltr'><strong>obtinere</strong></span> <span class='ocrx_word' id='word_1_201' title='bbox 817 4059 824 4102; x_wconf 93' lang='lat'><strong>:</strong></span> <span class='ocrx_word' id='word_1_202' title='bbox 841 4043 926 4103; x_wconf 89' lang='lat' dir='ltr'><strong>unde</strong></span> 
     </span>
     <span class='ocr_line' id='line_1_39' title="bbox 122 4136 928 4214; baseline 0.005 -17"><span class='ocrx_word' id='word_1_203' title='bbox 122 4137 203 4198; x_wconf 91' lang='lat' dir='ltr'><strong>licet</strong></span> <span class='ocrx_word' id='word_1_204' title='bbox 218 4136 327 4198; x_wconf 81' lang='lat' dir='ltr'><strong>utintii</strong></span> <span class='ocrx_word' id='word_1_205' title='bbox 342 4138 390 4198; x_wconf 93' lang='lat' dir='ltr'><strong>tui</strong></span> <span class='ocrx_word' id='word_1_206' title='bbox 414 4137 454 4198; x_wconf 91' lang='lat' dir='ltr'><strong>ad</strong></span> <span class='ocrx_word' id='word_1_207' title='bbox 471 4138 533 4198; x_wconf 87' lang='lat' dir='ltr'><strong>boc</strong></span> <span class='ocrx_word' id='word_1_208' title='bbox 553 4138 731 4214; x_wconf 82' lang='lat' dir='ltr'><strong>diligenter</strong></span> <span class='ocrx_word' id='word_1_209' title='bbox 745 4139 928 4201; x_wconf 87' lang='lat' dir='ltr'><strong>institerint</strong></span> 
     </span>
     <span class='ocr_line' id='line_1_40' title="bbox 122 4233 926 4313; baseline 0.002 -18"><span class='ocrx_word' id='word_1_210' title='bbox 122 4235 156 4295; x_wconf 88' lang='lat' dir='ltr'><strong>et</strong></span> <span class='ocrx_word' id='word_1_211' title='bbox 170 4233 363 4310; x_wconf 88' lang='lat' dir='ltr'><strong>prudenter,</strong></span> <span class='ocrx_word' id='word_1_212' title='bbox 378 4235 754 4297; x_wconf 85' lang='lat' dir='ltr'><strong>commissiones-tamen</strong></span> <span class='ocrx_word' id='word_1_213' title='bbox 769 4252 869 4313; x_wconf 90' lang='lat' dir='ltr'><strong>super</strong></span> <span class='ocrx_word' id='word_1_214' title='bbox 883 4236 926 4297; x_wconf 91' lang='lat' dir='ltr'><strong>iis</strong></span> 
     </span>
     <span class='ocr_line' id='line_1_41' title="bbox 122 4330 712 4394; baseline 0.005 -3"><span class='ocrx_word' id='word_1_215' title='bbox 122 4330 229 4393; x_wconf 81' lang='lat' dir='ltr'><strong>tactas</strong></span> <span class='ocrx_word' id='word_1_216' title='bbox 241 4346 308 4392; x_wconf 91' lang='lat' dir='ltr'><strong>non</strong></span> <span class='ocrx_word' id='word_1_217' title='bbox 325 4331 481 4392; x_wconf 81' lang='lat' dir='ltr'><strong>duximus</strong></span> <span class='ocrx_word' id='word_1_218' title='bbox 496 4333 712 4394; x_wconf 83' lang='lat' dir='ltr'><strong>revocandae.</strong></span> 
     </span>
    </p>

    <p class='ocr_par' dir='ltr' id='par_1_4' title="bbox 121 4428 924 4589">
     <span class='ocr_line' id='line_1_42' title="bbox 161 4428 924 4510; baseline 0.004 -21"><span class='ocrx_word' id='word_1_219' title='bbox 161 4431 286 4490; x_wconf 88' lang='lat' dir='ltr'><strong>Datum·</strong></span> <span class='ocrx_word' id='word_1_220' title='bbox 295 4428 453 4490; x_wconf 87' lang='lat' dir='ltr'><strong>Laterani</strong></span> <span class='ocrx_word' id='word_1_221' title='bbox 467 4432 497 4490; x_wconf 91' lang='lat'><strong>11</strong></span> <span class='ocrx_word' id='word_1_222' title='bbox 512 4429 675 4491; x_wconf 86' lang='lat' dir='ltr'><strong>kalendas</strong></span> <span class='ocrx_word' id='word_1_223' title='bbox 696 4430 788 4501; x_wconf 77' lang='lat' dir='ltr'><strong>maii,</strong></span> <span class='ocrx_word' id='word_1_224' title='bbox 810 4431 924 4510; x_wconf 94' lang='lat' dir='ltr'><strong>ponti-</strong></span> 
     </span>
     <span class='ocr_line' id='line_1_43' title="bbox 121 4525 634 4589; baseline 0.002 -2"><span class='ocrx_word' id='word_1_225' title='bbox 121 4525 634 4589; x_wconf 80' lang='lat' dir='ltr'><strong>ttcatusnostrianncsecundo.</strong></span> 
     </span>
    </p>
   </div>
   <div class='ocr_carea' id='block_1_3' title="bbox 492 4715 555 4800">
    <p class='ocr_par' dir='ltr' id='par_1_5' title="bbox 492 4715 555 4800">
     <span class='ocr_line' id='line_1_44' title="bbox 492 4715 555 4800; baseline -0.016 0"><span class='ocrx_word' id='word_1_226' title='bbox 492 4715 555 4800; x_wconf 86' lang='lat' dir='ltr'><strong>CL</strong></span> 
     </span>
    </p>
   </div>
   <div class='ocr_carea' id='block_1_4' title="bbox 160 4864 885 5023">
    <p class='ocr_par' dir='ltr' id='par_1_6' title="bbox 160 4864 885 5023">
     <span class='ocr_line' id='line_1_45' title="bbox 160 4864 885 4940; baseline 0.007 -19"><span class='ocrx_word' id='word_1_227' title='bbox 160 4864 215 4921; x_wconf 80' lang='lat' dir='ltr'><strong>Ad</strong></span> <span class='ocrx_word' id='word_1_228' title='bbox 240 4866 408 4934; x_wconf 80' lang='grc'>66666166,</span> <span class='ocrx_word' id='word_1_229' title='bbox 429 4866 646 4925; x_wconf 80' lang='lat' dir='ltr'><strong>corastttortos</strong></span> <span class='ocrx_word' id='word_1_230' title='bbox 672 4865 705 4925; x_wconf 85' lang='lat' dir='ltr'><strong>et</strong></span> <span class='ocrx_word' id='word_1_231' title='bbox 721 4869 885 4940; x_wconf 67' lang='lat' dir='ltr'><strong>papanem</strong></span> 
     </span>
     <span class='ocr_line' id='line_1_46' title="bbox 416 4962 645 5023; baseline 0 -2"><span class='ocrx_word' id='word_1_232' title='bbox 416 4962 645 5023; x_wconf 80' lang='lat' dir='ltr'><strong>Placentinos.</strong></span> 
     </span>
    </p>
   </div>
   <div class='ocr_carea' id='block_1_5' title="bbox 414 5091 633 5149">
    <p class='ocr_par' dir='ltr' id='par_1_7' title="bbox 414 5091 633 5149">
     <span class='ocr_line' id='line_1_47' title="bbox 414 5091 633 5149; baseline 0.009 -2"><span class='ocrx_word' id='word_1_233' title='bbox 414 5091 432 5148; x_wconf 85' lang='lat'><strong>3</strong></span> <span class='ocrx_word' id='word_1_234' title='bbox 451 5097 534 5148; x_wconf 81' lang='lat' dir='ltr'><strong>mart.</strong></span> <span class='ocrx_word' id='word_1_235' title='bbox 554 5091 633 5149; x_wconf 77' lang='lat' dir='ltr'><strong>llic.</strong></span> 
     </span>
    </p>
   </div>
   <div class='ocr_carea' id='block_1_6' title="bbox 160 5194 873 5342">
    <p class='ocr_par' dir='ltr' id='par_1_8' title="bbox 160 5194 873 5342">
     <span class='ocr_line' id='line_1_48' title="bbox 160 5194 873 5263; baseline 0.008 -20"><span class='ocrx_word' id='word_1_236' title='bbox 160 5194 281 5259; x_wconf 69' lang='lat' dir='ltr'><strong>[tlgliellt</strong></span> <span class='ocrx_word' id='word_1_237' title='bbox 308 5196 383 5246; x_wconf 85' lang='lat' dir='ltr'><strong>ltalia</strong></span> <span class='ocrx_word' id='word_1_238' title='bbox 403 5210 482 5255; x_wconf 76' lang='grc'>66616,</span> <span class='ocrx_word' id='word_1_239' title='bbox 505 5202 523 5246; x_wconf 86' lang='grc'><strong>1.</strong></span> <span class='ocrx_word' id='word_1_240' title='bbox 544 5197 588 5255; x_wconf 79' lang='lat' dir='ltr'><strong>lv,</strong></span> <span class='ocrx_word' id='word_1_241' title='bbox 607 5196 670 5258; x_wconf 74' lang='lat' dir='ltr'><strong>alo,</strong></span> <span class='ocrx_word' id='word_1_242' title='bbox 692 5197 821 5263; x_wconf 81' lang='lat' dir='ltr'><strong>lteyncld,</strong></span> <span class='ocrx_word' id='word_1_243' title='bbox 839 5198 873 5249; x_wconf 85' lang='lat' dir='ltr'><strong>ed</strong></span> 
     </span>
     <span class='ocr_line' id='line_1_49' title="bbox 394 5275 649 5342; baseline 0 -16"><span class='ocrx_word' id='word_1_244' title='bbox 394 5289 457 5326; x_wconf 83' lang='lat' dir='ltr'><strong>ann.</strong></span> <span class='ocrx_word' id='word_1_245' title='bbox 479 5275 576 5338; x_wconf 63' lang='grc'>111111</span> <span class='ocrx_word' id='word_1_246' title='bbox 597 5276 649 5342; x_wconf 71' lang='lat'><strong>32]</strong></span> 
     </span>
    </p>
   </div>
   <div class='ocr_carea' id='block_1_7' title="bbox 119 5381 924 5534">
    <p class='ocr_par' dir='ltr' id='par_1_9' title="bbox 119 5381 924 5534">
     <span class='ocr_line' id='line_1_50' title="bbox 119 5381 924 5456; baseline 0.005 -15"><span class='ocrx_word' id='word_1_247' title='bbox 119 5383 215 5456; x_wconf 83' lang='lat' dir='ltr'><strong>Rogat</strong></span> <span class='ocrx_word' id='word_1_248' title='bbox 224 5389 254 5440; x_wconf 90' lang='lat' dir='ltr'><strong>et</strong></span> <span class='ocrx_word' id='word_1_249' title='bbox 268 5381 397 5441; x_wconf 88' lang='lat' dir='ltr'><strong>bortatur</strong></span> <span class='ocrx_word' id='word_1_250' title='bbox 410 5383 592 5441; x_wconf 86' lang='lat' dir='ltr'><strong>Placentinos</strong></span> <span class='ocrx_word' id='word_1_251' title='bbox 608 5391 637 5441; x_wconf 89' lang='lat' dir='ltr'><strong>ut</strong></span> <span class='ocrx_word' id='word_1_252' title='bbox 652 5385 760 5441; x_wconf 91' lang='lat' dir='ltr'><strong>nullum</strong></span> <span class='ocrx_word' id='word_1_253' title='bbox 772 5396 924 5445; x_wconf 84' lang='lat' dir='ltr'><strong>exerceant</strong></span> 
     </span>
     <span class='ocr_line' id='line_1_51' title="bbox 154 5471 921 5534; baseline 0.007 -5"><span class='ocrx_word' id='word_1_254' title='bbox 154 5472 361 5530; x_wconf 85' lang='lat' dir='ltr'><strong>commercium</strong></span> <span class='ocrx_word' id='word_1_255' title='bbox 374 5486 441 5530; x_wconf 85' lang='lat' dir='ltr'><strong>curn</strong></span> <span class='ocrx_word' id='word_1_256' title='bbox 453 5471 642 5530; x_wconf 80' lang='lat' dir='ltr'><strong>bobiensibus</strong></span> <span class='ocrx_word' id='word_1_257' title='bbox 656 5475 921 5534; x_wconf 81' lang='lat' dir='ltr'><strong>excommunicatis.</strong></span> 
     </span>
    </p>
   </div>
   <div class='ocr_carea' id='block_1_8' title="bbox 120 5598 924 5773">
    <p class='ocr_par' dir='ltr' id='par_1_10' title="bbox 120 5598 924 5773">
     <span class='ocr_line' id='line_1_52' title="bbox 159 5598 924 5677; baseline 0.005 -17"><span class='ocrx_word' id='word_1_258' title='bbox 159 5598 356 5660; x_wconf 88' lang='lat' dir='ltr'><strong>induratum</strong></span> <span class='ocrx_word' id='word_1_259' title='bbox 371 5599 422 5661; x_wconf 88' lang='lat' dir='ltr'><strong>est</strong></span> <span class='ocrx_word' id='word_1_260' title='bbox 432 5614 489 5660; x_wconf 91' lang='lat' dir='ltr'><strong>cor</strong></span> <span class='ocrx_word' id='word_1_261' title='bbox 504 5600 617 5677; x_wconf 90' lang='lat' dir='ltr'><strong>populi</strong></span> <span class='ocrx_word' id='word_1_262' title='bbox 633 5600 817 5674; x_wconf 90' lang='lat' dir='ltr'><strong>Bobiensis,</strong></span> <span class='ocrx_word' id='word_1_263' title='bbox 831 5604 877 5664; x_wconf 89' lang='grc'><strong>116</strong></span> <span class='ocrx_word' id='word_1_264' title='bbox 888 5605 924 5665; x_wconf 93' lang='lat' dir='ltr'><strong>ut</strong></span> 
     </span>
     <span class='ocr_line' id='line_1_53' title="bbox 120 5695 923 5773; baseline 0.002 -13"><span class='ocrx_word' id='word_1_265' title='bbox 120 5697 314 5773; x_wconf 80' lang='lat' dir='ltr'><strong>corruptae,</strong></span> <span class='ocrx_word' id='word_1_266' title='bbox 345 5699 378 5758; x_wconf 91' lang='lat' dir='ltr'><strong>et</strong></span> <span class='ocrx_word' id='word_1_267' title='bbox 405 5695 638 5759; x_wconf 81' lang='lat' dir='ltr'><strong>abominabilis</strong></span> <span class='ocrx_word' id='word_1_268' title='bbox 662 5699 778 5772; x_wconf 83' lang='grc'>166166,</span> <span class='ocrx_word' id='word_1_269' title='bbox 796 5701 923 5762; x_wconf 80' lang='lat' dir='ltr'><strong>dixisse</strong></span> 
     </span>
    </p>
   </div>
   <div class='ocr_carea' id='block_1_9' title="bbox 763 366 1158 429">
    <p class='ocr_par' dir='ltr' id='par_1_11' title="bbox 763 366 1158 429">
     <span class='ocr_line' id='line_1_54' title="bbox 763 366 1158 429; baseline 0.005 -3"><span class='ocrx_word' id='word_1_270' title='bbox 763 366 991 429; x_wconf 74' lang='lat' dir='ltr'><strong>EPISTOLAE.</strong></span> <span class='ocrx_word' id='word_1_271' title='bbox 1016 367 1093 428; x_wconf 73' lang='lat' dir='ltr'><strong>HR.</strong></span> <span class='ocrx_word' id='word_1_272' title='bbox 1119 369 1158 428; x_wconf 84' lang='lat' dir='ltr'><strong>ll.</strong></span> 
     </span>
    </p>
   </div>
   <div class='ocr_carea' id='block_1_10' title="bbox 1729 370 1790 429">
    <p class='ocr_par' dir='ltr' id='par_1_12' title="bbox 1729 370 1790 429">
     <span class='ocr_line' id='line_1_55' title="bbox 1729 370 1790 429; baseline -0.016 0"><span class='ocrx_word' id='word_1_273' title='bbox 1729 370 1790 429; x_wconf 80' lang='lat'><strong>650</strong></span> 
     </span>
    </p>
   </div>
   <div class='ocr_carea' id='block_1_11' title="bbox 982 526 1809 3142">
    <p class='ocr_par' dir='ltr' id='par_1_13' title="bbox 982 526 1809 3142">
     <span class='ocr_line' id='line_1_56' title="bbox 986 526 1790 605; baseline 0.004 -17"><span class='ocrx_word' id='word_1_274' title='bbox 986 526 1141 590; x_wconf 82' lang='lat' dir='ltr'><strong>rideatur</strong></span> <span class='ocrx_word' id='word_1_275' title='bbox 1165 526 1201 588; x_wconf 79' lang='lat' dir='ltr'><strong>ita</strong></span> <span class='ocrx_word' id='word_1_276' title='bbox 1231 526 1329 590; x_wconf 89' lang='lat' dir='ltr'><strong>corde</strong></span> <span class='ocrx_word' id='word_1_277' title='bbox 1349 542 1420 601; x_wconf 88' lang='lat' dir='ltr'><strong>suc,</strong></span> <span class='ocrx_word' id='word_1_278' title='bbox 1447 530 1480 590; x_wconf 90' lang='grc'><strong>61</strong></span> <span class='ocrx_word' id='word_1_279' title='bbox 1505 542 1616 605; x_wconf 89' lang='lat' dir='ltr'><strong>opere,</strong></span> <span class='ocrx_word' id='word_1_280' title='bbox 1647 543 1716 590; x_wconf 81' lang='lat' dir='ltr'><strong>uon</strong></span> <span class='ocrx_word' id='word_1_281' title='bbox 1738 531 1790 591; x_wconf 83' lang='grc'><strong>661</strong></span> 
     </span>
     <span class='ocr_line' id='line_1_57' title="bbox 986 626 1789 704; baseline 0.001 -18"><span class='ocrx_word' id='word_1_282' title='bbox 986 628 1091 687; x_wconf 81' lang='lat' dir='ltr'><strong>Deua.</strong></span> <span class='ocrx_word' id='word_1_283' title='bbox 1117 627 1201 687; x_wconf 85' lang='lat' dir='ltr'><strong>Ecce</strong></span> <span class='ocrx_word' id='word_1_284' title='bbox 1223 627 1312 687; x_wconf 88' lang='lat' dir='ltr'><strong>enim</strong></span> <span class='ocrx_word' id='word_1_285' title='bbox 1334 626 1562 704; x_wconf 85' lang='lat' dir='ltr'><strong>possessiones</strong></span> <span class='ocrx_word' id='word_1_286' title='bbox 1586 628 1619 688; x_wconf 87' lang='lat' dir='ltr'><strong>et</strong></span> <span class='ocrx_word' id='word_1_287' title='bbox 1641 626 1789 688; x_wconf 87' lang='lat' dir='ltr'><strong>redditus</strong></span> 
     </span>
     <span class='ocr_line' id='line_1_58' title="bbox 987 721 1790 798; baseline 0.004 -15"><span class='ocrx_word' id='word_1_288' title='bbox 987 721 1160 785; x_wconf 88' lang='lat' dir='ltr'><strong>Bobiensis</strong></span> <span class='ocrx_word' id='word_1_289' title='bbox 1173 722 1322 785; x_wconf 83' lang='lat' dir='ltr'><strong>ecclesiae</strong></span> <span class='ocrx_word' id='word_1_290' title='bbox 1335 725 1451 786; x_wconf 89' lang='lat' dir='ltr'><strong>matris</strong></span> <span class='ocrx_word' id='word_1_291' title='bbox 1469 740 1550 798; x_wconf 85' lang='lat' dir='ltr'><strong>suae,</strong></span> <span class='ocrx_word' id='word_1_292' title='bbox 1566 725 1620 785; x_wconf 84' lang='lat' dir='ltr'><strong>cui</strong></span> <span class='ocrx_word' id='word_1_293' title='bbox 1631 727 1699 787; x_wconf 90' lang='lat' dir='ltr'><strong>tam</strong></span> <span class='ocrx_word' id='word_1_294' title='bbox 1710 727 1790 787; x_wconf 88' lang='lat' dir='ltr'><strong>tem·</strong></span> 
     </span>
     <span class='ocr_line' id='line_1_59' title="bbox 987 821 1789 900; baseline 0.004 -19"><span class='ocrx_word' id='word_1_295' title='bbox 987 821 1112 898; x_wconf 90' lang='lat' dir='ltr'><strong>porali,</strong></span> <span class='ocrx_word' id='word_1_296' title='bbox 1143 838 1242 899; x_wconf 90' lang='lat' dir='ltr'><strong>quam</strong></span> <span class='ocrx_word' id='word_1_297' title='bbox 1276 822 1462 899; x_wconf 87' lang='lat' dir='ltr'><strong>spirituali,</strong></span> <span class='ocrx_word' id='word_1_298' title='bbox 1492 824 1527 883; x_wconf 90' lang='lat' dir='ltr'><strong>in</strong></span> <span class='ocrx_word' id='word_1_299' title='bbox 1556 823 1789 900; x_wconf 84' lang='lat' dir='ltr'><strong>jurisdictione</strong></span> 
     </span>
     <span class='ocr_line' id='line_1_60' title="bbox 988 918 1788 998; baseline 0.004 -19"><span class='ocrx_word' id='word_1_300' title='bbox 988 918 1160 996; x_wconf 87' lang='lat' dir='ltr'><strong>subjacere</strong></span> <span class='ocrx_word' id='word_1_301' title='bbox 1188 922 1384 993; x_wconf 83' lang='lat' dir='ltr'><strong>noscuntur,-</strong></span> <span class='ocrx_word' id='word_1_302' title='bbox 1409 924 1487 998; x_wconf 44' lang='lat' dir='ltr'><strong>jam*</strong></span> <span class='ocrx_word' id='word_1_303' title='bbox 1509 936 1568 998; x_wconf 88' lang='lat' dir='ltr'><strong>per</strong></span> <span class='ocrx_word' id='word_1_304' title='bbox 1593 921 1788 994; x_wconf 88' lang='lat' dir='ltr'><strong>triennium,</strong></span> 
     </span>
     <span class='ocr_line' id='line_1_61' title="bbox 987 1015 1788 1095; baseline 0.001 -18"><span class='ocrx_word' id='word_1_305' title='bbox 987 1015 1136 1094; x_wconf 90' lang='lat' dir='ltr'><strong>abrupto·</strong></span> <span class='ocrx_word' id='word_1_306' title='bbox 1149 1017 1319 1080; x_wconf 86' lang='lat' dir='ltr'><strong>fidelitatis</strong></span> <span class='ocrx_word' id='word_1_307' title='bbox 1338 1019 1483 1095; x_wconf 79' lang='lat' dir='ltr'><strong>viuculo,</strong></span> <span class='ocrx_word' id='word_1_308' title='bbox 1513 1020 1553 1081; x_wconf 65' lang='lat' dir='ltr'><strong>et*</strong></span> <span class='ocrx_word' id='word_1_309' title='bbox 1567 1035 1648 1080; x_wconf 90' lang='lat' dir='ltr'><strong>cura</strong></span> <span class='ocrx_word' id='word_1_310' title='bbox 1670 1020 1788 1081; x_wconf 85' lang='lat' dir='ltr'><strong>salutis</strong></span> 
     </span>
     <span class='ocr_line' id='line_1_62' title="bbox 988 1116 1792 1193; baseline 0.005 -19"><span class='ocrx_word' id='word_1_311' title='bbox 988 1130 1058 1176; x_wconf 90' lang='lat' dir='ltr'><strong>suae</strong></span> <span class='ocrx_word' id='word_1_312' title='bbox 1082 1116 1281 1191; x_wconf 82' lang='lat' dir='ltr'><strong>posthabita,</strong></span> <span class='ocrx_word' id='word_1_313' title='bbox 1308 1116 1503 1189; x_wconf 69' lang='lat' dir='ltr'><strong>detinentes</strong></span> <span class='ocrx_word' id='word_1_314' title='bbox 1532 1117 1639 1193; x_wconf 90' lang='lat' dir='ltr'><strong>ipsius</strong></span> <span class='ocrx_word' id='word_1_315' title='bbox 1661 1117 1792 1193; x_wconf 89' lang='lat' dir='ltr'><strong>episco-</strong></span> 
     </span>
     <span class='ocr_line' id='line_1_63' title="bbox 987 1215 1793 1291; baseline 0.004 -17"><span class='ocrx_word' id='word_1_316' title='bbox 987 1215 1258 1291; x_wconf 87' lang='lat' dir='ltr'><strong>pumpastorem,</strong></span> <span class='ocrx_word' id='word_1_317' title='bbox 1284 1216 1317 1276; x_wconf 93' lang='lat' dir='ltr'><strong>et</strong></span> <span class='ocrx_word' id='word_1_318' title='bbox 1339 1215 1507 1276; x_wconf 92' lang='lat' dir='ltr'><strong>dominum</strong></span> <span class='ocrx_word' id='word_1_319' title='bbox 1530 1215 1650 1277; x_wconf 89' lang='lat' dir='ltr'><strong>borum</strong></span> <span class='ocrx_word' id='word_1_320' title='bbox 1670 1216 1793 1291; x_wconf 81' lang='lat' dir='ltr'><strong>coguut</strong></span> 
     </span>
     <span class='ocr_line' id='line_1_64' title="bbox 986 1310 1792 1390; baseline 0.004 -20"><span class='ocrx_word' id='word_1_321' title='bbox 986 1310 1223 1373; x_wconf 87' lang='lat' dir='ltr'><strong>miserabiliter</strong></span> <span class='ocrx_word' id='word_1_322' title='bbox 1241 1313 1391 1374; x_wconf 86' lang='lat' dir='ltr'><strong>exulare.</strong></span> <span class='ocrx_word' id='word_1_323' title='bbox 1409 1315 1581 1390; x_wconf 89' lang='lat' dir='ltr'><strong>Quumque</strong></span> <span class='ocrx_word' id='word_1_324' title='bbox 1599 1312 1684 1374; x_wconf 91' lang='lat' dir='ltr'><strong>idem</strong></span> <span class='ocrx_word' id='word_1_325' title='bbox 1701 1314 1792 1389; x_wconf 91' lang='lat' dir='ltr'><strong>epis-</strong></span> 
     </span>
     <span class='ocr_line' id='line_1_65' title="bbox 986 1404 1790 1488; baseline 0.002 -20"><span class='ocrx_word' id='word_1_326' title='bbox 986 1404 1087 1485; x_wconf 82' lang='lat' dir='ltr'><strong>copus</strong></span> <span class='ocrx_word' id='word_1_327' title='bbox 1130 1410 1233 1472; x_wconf 88' lang='lat' dir='ltr'><strong>tantis</strong></span> <span class='ocrx_word' id='word_1_328' title='bbox 1274 1413 1472 1487; x_wconf 86' lang='lat' dir='ltr'><strong>provocatus</strong></span> <span class='ocrx_word' id='word_1_329' title='bbox 1514 1411 1649 1488; x_wconf 85' lang='lat' dir='ltr'><strong>injuriis</strong></span> <span class='ocrx_word' id='word_1_330' title='bbox 1680 1412 1790 1472; x_wconf 88' lang='lat' dir='ltr'><strong>iuter-</strong></span> 
     </span>
     <span class='ocr_line' id='line_1_66' title="bbox 986 1504 1788 1579; baseline 0.004 -14"><span class='ocrx_word' id='word_1_331' title='bbox 986 1504 1077 1579; x_wconf 88' lang='lat' dir='ltr'><strong>dieti,</strong></span> <span class='ocrx_word' id='word_1_332' title='bbox 1094 1506 1127 1569; x_wconf 86' lang='lat' dir='ltr'><strong>et</strong></span> <span class='ocrx_word' id='word_1_333' title='bbox 1148 1508 1504 1570; x_wconf 80' lang='lat' dir='ltr'><strong>excommunicationis</strong></span> <span class='ocrx_word' id='word_1_334' title='bbox 1523 1509 1707 1570; x_wconf 83' lang='lat' dir='ltr'><strong>sententias</strong></span> <span class='ocrx_word' id='word_1_335' title='bbox 1730 1509 1788 1570; x_wconf 92' lang='lat' dir='ltr'><strong>tu-</strong></span> 
     </span>
     <span class='ocr_line' id='line_1_67' title="bbox 986 1601 1789 1682; baseline 0.002 -19"><span class='ocrx_word' id='word_1_336' title='bbox 986 1601 1063 1664; x_wconf 86' lang='lat' dir='ltr'><strong>lerit</strong></span> <span class='ocrx_word' id='word_1_337' title='bbox 1089 1604 1125 1664; x_wconf 82' lang='lat' dir='ltr'><strong>i&#39;n</strong></span> <span class='ocrx_word' id='word_1_338' title='bbox 1152 1604 1284 1666; x_wconf 87' lang='lat' dir='ltr'><strong>eosdem</strong></span> <span class='ocrx_word' id='word_1_339' title='bbox 1309 1606 1343 1667; x_wconf 92' lang='lat' dir='ltr'><strong>et</strong></span> <span class='ocrx_word' id='word_1_340' title='bbox 1369 1607 1404 1667; x_wconf 92' lang='lat' dir='ltr'><strong>iu</strong></span> <span class='ocrx_word' id='word_1_341' title='bbox 1429 1605 1589 1668; x_wconf 87' lang='lat' dir='ltr'><strong>Jacobum</strong></span> <span class='ocrx_word' id='word_1_342' title='bbox 1616 1605 1789 1682; x_wconf 83' lang='lat' dir='ltr'><strong>Pugisium</strong></span> 
     </span>
     <span class='ocr_line' id='line_1_68' title="bbox 985 1699 1791 1781; baseline 0.007 -21"><span class='ocrx_word' id='word_1_343' title='bbox 985 1699 1092 1763; x_wconf 80' lang='lat' dir='ltr'><strong>ciuem</strong></span> <span class='ocrx_word' id='word_1_344' title='bbox 1116 1702 1358 1777; x_wconf 89' lang='lat' dir='ltr'><strong>Placentinum,</strong></span> <span class='ocrx_word' id='word_1_345' title='bbox 1376 1703 1432 1780; x_wconf 90' lang='lat' dir='ltr'><strong>qui</strong></span> <span class='ocrx_word' id='word_1_346' title='bbox 1453 1704 1533 1766; x_wconf 86' lang='lat' dir='ltr'><strong>tuna</strong></span> <span class='ocrx_word' id='word_1_347' title='bbox 1552 1705 1701 1781; x_wconf 90' lang='lat' dir='ltr'><strong>ipsorum</strong></span> <span class='ocrx_word' id='word_1_348' title='bbox 1724 1707 1791 1766; x_wconf 92' lang='lat' dir='ltr'><strong>Bo-</strong></span> 
     </span>
     <span class='ocr_line' id='line_1_69' title="bbox 984 1797 1789 1878; baseline 0.002 -19"><span class='ocrx_word' id='word_1_349' title='bbox 984 1797 1149 1860; x_wconf 90' lang='lat' dir='ltr'><strong>biensium</strong></span> <span class='ocrx_word' id='word_1_350' title='bbox 1174 1800 1323 1877; x_wconf 87' lang='lat' dir='ltr'><strong>regimen</strong></span> <span class='ocrx_word' id='word_1_351' title='bbox 1352 1799 1531 1874; x_wconf 89' lang='lat' dir='ltr'><strong>obtinebat,</strong></span> <span class='ocrx_word' id='word_1_352' title='bbox 1555 1803 1711 1878; x_wconf 86' lang='lat' dir='ltr'><strong>satagens</strong></span> <span class='ocrx_word' id='word_1_353' title='bbox 1731 1817 1789 1862; x_wconf 88' lang='lat' dir='ltr'><strong>eos</strong></span> 
     </span>
     <span class='ocr_line' id='line_1_70' title="bbox 986 1897 1789 1975; baseline 0.005 -18"><span class='ocrx_word' id='word_1_354' title='bbox 986 1912 1045 1975; x_wconf 93' lang='lat' dir='ltr'><strong>per</strong></span> <span class='ocrx_word' id='word_1_355' title='bbox 1074 1897 1265 1975; x_wconf 78' lang='lat' dir='ltr'><strong>buJusmodi</strong></span> <span class='ocrx_word' id='word_1_356' title='bbox 1291 1914 1422 1975; x_wconf 89' lang='lat' dir='ltr'><strong>poenam</strong></span> <span class='ocrx_word' id='word_1_357' title='bbox 1448 1900 1489 1960; x_wconf 92' lang='lat' dir='ltr'><strong>ad</strong></span> <span class='ocrx_word' id='word_1_358' title='bbox 1515 1900 1604 1961; x_wconf 82' lang='lat' dir='ltr'><strong>viam</strong></span> <span class='ocrx_word' id='word_1_359' title='bbox 1633 1899 1674 1960; x_wconf 88' lang='lat' dir='ltr'><strong>ab</strong></span> <span class='ocrx_word' id='word_1_360' title='bbox 1697 1900 1789 1961; x_wconf 81' lang='lat' dir='ltr'><strong>invio</strong></span> 
     </span>
     <span class='ocr_line' id='line_1_71' title="bbox 985 1995 1789 2075; baseline 0.004 -21"><span class='ocrx_word' id='word_1_361' title='bbox 985 2009 1156 2065; x_wconf 80' lang='lat' dir='ltr'><strong>revocare,</strong></span> <span class='ocrx_word' id='word_1_362' title='bbox 1171 1995 1236 2073; x_wconf 89' lang='lat' dir='ltr'><strong>ipsi</strong></span> <span class='ocrx_word' id='word_1_363' title='bbox 1261 1997 1408 2073; x_wconf 84' lang='lat' dir='ltr'><strong>praetatis</strong></span> <span class='ocrx_word' id='word_1_364' title='bbox 1428 1998 1601 2059; x_wconf 89' lang='lat' dir='ltr'><strong>sententiis</strong></span> <span class='ocrx_word' id='word_1_365' title='bbox 1616 2013 1675 2075; x_wconf 89' lang='lat' dir='ltr'><strong>per</strong></span> <span class='ocrx_word' id='word_1_366' title='bbox 1689 1996 1789 2058; x_wconf 89' lang='lat' dir='ltr'><strong>bien-</strong></span> 
     </span>
     <span class='ocr_line' id='line_1_72' title="bbox 985 2091 1788 2171; baseline 0.005 -20"><span class='ocrx_word' id='word_1_367' title='bbox 985 2091 1077 2152; x_wconf 90' lang='lat' dir='ltr'><strong>nium</strong></span> <span class='ocrx_word' id='word_1_368' title='bbox 1093 2094 1164 2169; x_wconf 89' lang='lat' dir='ltr'><strong>jam</strong></span> <span class='ocrx_word' id='word_1_369' title='bbox 1191 2093 1401 2171; x_wconf 66' lang='lat' dir='ltr'><strong>contemptis</strong></span> <span class='ocrx_word' id='word_1_370' title='bbox 1418 2110 1628 2171; x_wconf 90' lang='lat' dir='ltr'><strong>nequaquam</strong></span> <span class='ocrx_word' id='word_1_371' title='bbox 1652 2094 1788 2156; x_wconf 90' lang='lat' dir='ltr'><strong>suntad</strong></span> 
     </span>
     <span class='ocr_line' id='line_1_73' title="bbox 985 2190 1786 2269; baseline 0.002 -20"><span class='ocrx_word' id='word_1_372' title='bbox 985 2204 1020 2249; x_wconf 89' lang='grc'><strong>66</strong></span> <span class='ocrx_word' id='word_1_373' title='bbox 1045 2205 1104 2267; x_wconf 88' lang='lat' dir='ltr'><strong>per</strong></span> <span class='ocrx_word' id='word_1_374' title='bbox 1127 2190 1356 2267; x_wconf 86' lang='lat' dir='ltr'><strong>poenitentiam</strong></span> <span class='ocrx_word' id='word_1_375' title='bbox 1377 2192 1516 2263; x_wconf 87' lang='lat' dir='ltr'><strong>reversi,</strong></span> <span class='ocrx_word' id='word_1_376' title='bbox 1533 2208 1671 2269; x_wconf 89' lang='lat' dir='ltr'><strong>operum</strong></span> <span class='ocrx_word' id='word_1_377' title='bbox 1685 2192 1786 2254; x_wconf 83' lang='lat' dir='ltr'><strong>exiii-</strong></span> 
     </span>
     <span class='ocr_line' id='line_1_74' title="bbox 984 2285 1786 2350; baseline 0.001 -2"><span class='ocrx_word' id='word_1_378' title='bbox 984 2285 1109 2348; x_wconf 92' lang='lat' dir='ltr'><strong>bitione</strong></span> <span class='ocrx_word' id='word_1_379' title='bbox 1132 2288 1355 2350; x_wconf 87' lang='lat' dir='ltr'><strong>monstrantes</strong></span> <span class='ocrx_word' id='word_1_380' title='bbox 1372 2304 1407 2350; x_wconf 89' lang='lat' dir='ltr'><strong>se</strong></span> <span class='ocrx_word' id='word_1_381' title='bbox 1424 2288 1464 2350; x_wconf 91' lang='lat' dir='ltr'><strong>de</strong></span> <span class='ocrx_word' id='word_1_382' title='bbox 1479 2289 1614 2350; x_wconf 92' lang='lat' dir='ltr'><strong>illorum</strong></span> <span class='ocrx_word' id='word_1_383' title='bbox 1630 2305 1706 2350; x_wconf 89' lang='lat' dir='ltr'><strong>esse</strong></span> <span class='ocrx_word' id='word_1_384' title='bbox 1719 2306 1786 2349; x_wconf 93' lang='lat' dir='ltr'><strong>nu-</strong></span> 
     </span>
     <span class='ocr_line' id='line_1_75' title="bbox 984 2376 1809 2464; baseline 0.001 -18"><span class='ocrx_word' id='word_1_385' title='bbox 984 2400 1088 2457; x_wconf 92' lang='lat' dir='ltr'><strong>mero,</strong></span> <span class='ocrx_word' id='word_1_386' title='bbox 1100 2386 1141 2447; x_wconf 93' lang='lat' dir='ltr'><strong>de</strong></span> <span class='ocrx_word' id='word_1_387' title='bbox 1154 2384 1272 2464; x_wconf 88' lang='lat' dir='ltr'><strong>quibus</strong></span> <span class='ocrx_word' id='word_1_388' title='bbox 1286 2386 1456 2448; x_wconf 88' lang='lat' dir='ltr'><strong>aDomino</strong></span> <span class='ocrx_word' id='word_1_389' title='bbox 1472 2386 1594 2449; x_wconf 86' lang='lat' dir='ltr'><strong>dicitur</strong></span> <span class='ocrx_word' id='word_1_390' title='bbox 1604 2408 1611 2448; x_wconf 90' lang='lat'>:</span> <span class='ocrx_word' id='word_1_391' title='bbox 1620 2390 1788 2448; x_wconf 79' lang='lat' dir='ltr'><strong>Percuaat</strong></span> <span class='ocrx_word' id='word_1_392' title='bbox 1806 2376 1809 2381; x_wconf 57' lang='grc'>“</span> 
     </span>
     <span class='ocr_line' id='line_1_76' title="bbox 984 2484 1785 2559; baseline 0.004 -15"><span class='ocrx_word' id='word_1_393' title='bbox 984 2496 1057 2554; x_wconf 83' lang='grc'>666,</span> <span class='ocrx_word' id='word_1_394' title='bbox 1081 2484 1116 2545; x_wconf 87' lang='grc'><strong>61</strong></span> <span class='ocrx_word' id='word_1_395' title='bbox 1144 2498 1214 2545; x_wconf 82' lang='lat' dir='ltr'><strong>aaa</strong></span> <span class='ocrx_word' id='word_1_396' title='bbox 1234 2485 1433 2559; x_wconf 75' lang='lat' dir='ltr'><strong>doluerunt,</strong></span> <span class='ocrx_word' id='word_1_397' title='bbox 1450 2484 1576 2556; x_wconf 75' lang='lat' dir='ltr'><strong>attriti,</strong></span> <span class='ocrx_word' id='word_1_398' title='bbox 1602 2485 1637 2546; x_wconf 85' lang='lat' dir='ltr'><strong>at</strong></span> <span class='ocrx_word' id='word_1_399' title='bbox 1654 2500 1785 2551; x_wconf 77' lang='lat' dir='ltr'><strong>reatae·</strong></span> 
     </span>
     <span class='ocr_line' id='line_1_77' title="bbox 983 2581 1785 2657; baseline 0.004 -15"><span class='ocrx_word' id='word_1_400' title='bbox 983 2581 1069 2642; x_wconf 80' lang='lat' dir='ltr'><strong>ruat</strong></span> <span class='ocrx_word' id='word_1_401' title='bbox 1080 2584 1238 2657; x_wconf 74' lang='lat' dir='ltr'><strong>accipere</strong></span> <span class='ocrx_word' id='word_1_402' title='bbox 1255 2585 1482 2656; x_wconf 82' lang='lat' dir='ltr'><strong>dtsotpla&#39;acm.</strong></span> <span class='ocrx_word' id='word_1_403' title='bbox 1500 2584 1606 2644; x_wconf 89' lang='lat' dir='ltr'><strong>Porro</strong></span> <span class='ocrx_word' id='word_1_404' title='bbox 1622 2598 1683 2643; x_wconf 89' lang='lat' dir='ltr'><strong>nos</strong></span> <span class='ocrx_word' id='word_1_405' title='bbox 1698 2583 1785 2645; x_wconf 90' lang='lat' dir='ltr'><strong>sicut</strong></span> 
     </span>
     <span class='ocr_line' id='line_1_78' title="bbox 983 2677 1786 2757; baseline 0.006 -20"><span class='ocrx_word' id='word_1_406' title='bbox 983 2677 1132 2740; x_wconf 88' lang='lat' dir='ltr'><strong>dolentes</strong></span> <span class='ocrx_word' id='word_1_407' title='bbox 1153 2678 1347 2755; x_wconf 85' lang='lat' dir='ltr'><strong>accipimus,</strong></span> <span class='ocrx_word' id='word_1_408' title='bbox 1372 2680 1479 2740; x_wconf 90' lang='lat' dir='ltr'><strong>eos-in</strong></span> <span class='ocrx_word' id='word_1_409' title='bbox 1495 2681 1587 2742; x_wconf 90' lang='lat' dir='ltr'><strong>tanta</strong></span> <span class='ocrx_word' id='word_1_410' title='bbox 1610 2680 1786 2757; x_wconf 88' lang='lat' dir='ltr'><strong>iniquitate</strong></span> 
     </span>
     <span class='ocr_line' id='line_1_79' title="bbox 983 2773 1786 2856; baseline 0.005 -21"><span class='ocrx_word' id='word_1_411' title='bbox 983 2773 1127 2849; x_wconf 68' lang='lat' dir='ltr'><strong>fovetis,</strong></span> <span class='ocrx_word' id='word_1_412' title='bbox 1141 2776 1321 2854; x_wconf 87' lang='lat' dir='ltr'><strong>cupiditate</strong></span> <span class='ocrx_word' id='word_1_413' title='bbox 1342 2776 1550 2854; x_wconf 88' lang='lat' dir='ltr'><strong>adipiscendi</strong></span> <span class='ocrx_word' id='word_1_414' title='bbox 1572 2778 1786 2856; x_wconf 86' lang='lat' dir='ltr'><strong>jurisdictio-</strong></span> 
     </span>
     <span class='ocr_line' id='line_1_80' title="bbox 982 2872 1786 2952; baseline 0.005 -20"><span class='ocrx_word' id='word_1_415' title='bbox 982 2872 1111 2933; x_wconf 87' lang='lat' dir='ltr'><strong>nemiu</strong></span> <span class='ocrx_word' id='word_1_416' title='bbox 1135 2874 1308 2951; x_wconf 79' lang='lat' dir='ltr'><strong>episcopos</strong></span> <span class='ocrx_word' id='word_1_417' title='bbox 1330 2874 1365 2935; x_wconf 91' lang='lat' dir='ltr'><strong>iu</strong></span> <span class='ocrx_word' id='word_1_418' title='bbox 1386 2874 1616 2951; x_wconf 78' lang='lat' dir='ltr'><strong>praeJudicium</strong></span> <span class='ocrx_word' id='word_1_419' title='bbox 1638 2875 1786 2952; x_wconf 84' lang='lat' dir='ltr'><strong>praelatae</strong></span> 
     </span>
     <span class='ocr_line' id='line_1_81' title="bbox 984 2970 1788 3051; baseline 0.002 -20"><span class='ocrx_word' id='word_1_420' title='bbox 984 2970 1200 3043; x_wconf 87' lang='lat' dir='ltr'><strong>ecclesiae,.ad</strong></span> <span class='ocrx_word' id='word_1_421' title='bbox 1217 2974 1467 3050; x_wconf 88' lang='lat' dir='ltr'><strong>quam-spectat,</strong></span> <span class='ocrx_word' id='word_1_422' title='bbox 1483 2973 1601 3051; x_wconf 89' lang='lat' dir='ltr'><strong>etjura</strong></span> <span class='ocrx_word' id='word_1_423' title='bbox 1615 2972 1719 3049; x_wconf 87' lang='lat' dir='ltr'><strong>ipsius</strong></span> <span class='ocrx_word' id='word_1_424' title='bbox 1731 2988 1788 3033; x_wconf 90' lang='lat' dir='ltr'><strong>ec-</strong></span> 
     </span>
     <span class='ocr_line' id='line_1_82' title="bbox 983 3067 1786 3142; baseline 0.004 -13"><span class='ocrx_word' id='word_1_425' title='bbox 983 3067 1094 3129; x_wconf 74' lang='grc'>616616</span> <span class='ocrx_word' id='word_1_426' title='bbox 1110 3069 1300 3142; x_wconf 88' lang='lat' dir='ltr'><strong>invadendi,</strong></span> <span class='ocrx_word' id='word_1_427' title='bbox 1313 3071 1362 3131; x_wconf 91' lang='lat' dir='ltr'><strong>eis</strong></span> <span class='ocrx_word' id='word_1_428' title='bbox 1376 3071 1535 3142; x_wconf 84' lang='lat' dir='ltr'><strong>savorem,</strong></span> <span class='ocrx_word' id='word_1_429' title='bbox 1551 3071 1713 3131; x_wconf 82' lang='lat' dir='ltr'><strong>auxilium</strong></span> <span class='ocrx_word' id='word_1_430' title='bbox 1727 3072 1786 3132; x_wconf 90' lang='lat' dir='ltr'><strong>im·</strong></span> 
     </span>
    </p>
   </div>
   <div class='ocr_carea' id='block_1_12' title="bbox 959 3154 1784 3344">
    <p class='ocr_par' dir='ltr' id='par_1_14' title="bbox 959 3154 1784 3344">
     <span class='ocr_line' id='line_1_83' title="bbox 959 3154 1784 3245; baseline 0.002 -17"><span class='ocrx_word' id='word_1_431' title='bbox 959 3154 1167 3243; x_wconf 71' lang='lat' dir='ltr'><strong>{pendendo</strong></span> <span class='ocrx_word' id='word_1_432' title='bbox 1181 3183 1249 3229; x_wconf 92' lang='lat' dir='ltr'><strong>non</strong></span> <span class='ocrx_word' id='word_1_433' title='bbox 1272 3167 1479 3230; x_wconf 88' lang='lat' dir='ltr'><strong>attendentes</strong></span> <span class='ocrx_word' id='word_1_434' title='bbox 1501 3170 1588 3245; x_wconf 91' lang='lat' dir='ltr'><strong>quod</strong></span> <span class='ocrx_word' id='word_1_435' title='bbox 1608 3186 1669 3245; x_wconf 90' lang='lat' dir='ltr'><strong>par</strong></span> <span class='ocrx_word' id='word_1_436' title='bbox 1686 3185 1784 3245; x_wconf 87' lang='lat' dir='ltr'><strong>poena</strong></span> 
     </span>
     <span class='ocr_line' id='line_1_84' title="bbox 960 3263 1784 3344; baseline 0.005 -20"><span class='ocrx_word' id='word_1_437' title='bbox 960 3263 1127 3327; x_wconf 74' lang='grc'>’16616666</span> <span class='ocrx_word' id='word_1_438' title='bbox 1153 3266 1384 3344; x_wconf 87' lang='lat' dir='ltr'><strong>complectitur</strong></span> <span class='ocrx_word' id='word_1_439' title='bbox 1400 3268 1432 3328; x_wconf 90' lang='lat' dir='ltr'><strong>et</strong></span> <span class='ocrx_word' id='word_1_440' title='bbox 1451 3266 1610 3339; x_wconf 82' lang='lat' dir='ltr'><strong>fautores,</strong></span> <span class='ocrx_word' id='word_1_441' title='bbox 1629 3267 1784 3343; x_wconf 78' lang='lat' dir='ltr'><strong>utigitur</strong></span> 
     </span>
    </p>
   </div>
   <div class='ocr_carea' id='block_1_13' title="bbox 982 3363 1785 3829">
    <p class='ocr_par' dir='ltr' id='par_1_15' title="bbox 982 3363 1785 3829">
     <span class='ocr_line' id='line_1_85' title="bbox 983 3363 1782 3442; baseline 0.004 -20"><span class='ocrx_word' id='word_1_442' title='bbox 983 3378 1043 3423; x_wconf 81' lang='lat' dir='ltr'><strong>vos</strong></span> <span class='ocrx_word' id='word_1_443' title='bbox 1068 3363 1382 3427; x_wconf 81' lang='lat' dir='ltr'><strong>excommunicatos·</strong></span> <span class='ocrx_word' id='word_1_444' title='bbox 1397 3364 1588 3442; x_wconf 90' lang='lat' dir='ltr'><strong>hujusmodi</strong></span> <span class='ocrx_word' id='word_1_445' title='bbox 1608 3364 1782 3437; x_wconf 67' lang='lat' dir='ltr'><strong>evitantes</strong></span> 
     </span>
     <span class='ocr_line' id='line_1_86' title="bbox 984 3459 1785 3538; baseline 0.004 -18"><span class='ocrx_word' id='word_1_446' title='bbox 984 3459 1104 3520; x_wconf 88' lang='lat' dir='ltr'><strong>similis</strong></span> <span class='ocrx_word' id='word_1_447' title='bbox 1122 3460 1234 3536; x_wconf 87' lang='lat' dir='ltr'><strong>laquei</strong></span> <span class='ocrx_word' id='word_1_448' title='bbox 1243 3461 1414 3522; x_wconf 79' lang='lat' dir='ltr'><strong>vinculum</strong></span> <span class='ocrx_word' id='word_1_449' title='bbox 1429 3463 1621 3533; x_wconf 71' lang='grc'>6611611661</span> <span class='ocrx_word' id='word_1_450' title='bbox 1632 3463 1697 3538; x_wconf 89' lang='lat' dir='ltr'><strong>ipsi</strong></span> <span class='ocrx_word' id='word_1_451' title='bbox 1710 3463 1785 3523; x_wconf 90' lang='lat' dir='ltr'><strong>sub-</strong></span> 
     </span>
     <span class='ocr_line' id='line_1_87' title="bbox 985 3556 1783 3635; baseline 0.005 -18"><span class='ocrx_word' id='word_1_452' title='bbox 985 3556 1092 3618; x_wconf 90' lang='lat' dir='ltr'><strong>tracto</strong></span> <span class='ocrx_word' id='word_1_453' title='bbox 1116 3556 1181 3619; x_wconf 87' lang='lat' dir='ltr'><strong>sibi</strong></span> <span class='ocrx_word' id='word_1_454' title='bbox 1204 3558 1379 3635; x_wconf 90' lang='lat' dir='ltr'><strong>participio</strong></span> <span class='ocrx_word' id='word_1_455' title='bbox 1401 3560 1512 3619; x_wconf 86' lang='lat' dir='ltr'><strong>vestro</strong></span> <span class='ocrx_word' id='word_1_456' title='bbox 1533 3558 1676 3631; x_wconf 84' lang='lat' dir='ltr'><strong>confusi,</strong></span> <span class='ocrx_word' id='word_1_457' title='bbox 1691 3576 1783 3621; x_wconf 88' lang='lat' dir='ltr'><strong>esua</strong></span> 
     </span>
     <span class='ocr_line' id='line_1_88' title="bbox 984 3653 1783 3732; baseline 0.005 -18"><span class='ocrx_word' id='word_1_458' title='bbox 984 3653 1163 3731; x_wconf 86' lang='lat' dir='ltr'><strong>iniquitate</strong></span> <span class='ocrx_word' id='word_1_459' title='bbox 1182 3655 1283 3716; x_wconf 88' lang='lat' dir='ltr'><strong>citius</strong></span> <span class='ocrx_word' id='word_1_460' title='bbox 1300 3656 1513 3732; x_wconf 86' lang='lat' dir='ltr'><strong>resipiscant,</strong></span> <span class='ocrx_word' id='word_1_461' title='bbox 1531 3656 1783 3718; x_wconf 88' lang='lat' dir='ltr'><strong>universitatem</strong></span> 
     </span>
     <span class='ocr_line' id='line_1_89' title="bbox 982 3752 1784 3829; baseline 0.004 -17"><span class='ocrx_word' id='word_1_462' title='bbox 982 3752 1128 3813; x_wconf 86' lang='lat' dir='ltr'><strong>vestram</strong></span> <span class='ocrx_word' id='word_1_463' title='bbox 1152 3768 1321 3829; x_wconf 81' lang='lat' dir='ltr'><strong>rogamus,</strong></span> <span class='ocrx_word' id='word_1_464' title='bbox 1343 3768 1526 3826; x_wconf 91' lang='lat' dir='ltr'><strong>monemus,</strong></span> <span class='ocrx_word' id='word_1_465' title='bbox 1552 3755 1585 3817; x_wconf 90' lang='lat' dir='ltr'><strong>et</strong></span> <span class='ocrx_word' id='word_1_466' title='bbox 1609 3754 1784 3816; x_wconf 86' lang='lat' dir='ltr'><strong>hortamur</strong></span> 
     </span>
    </p>
   </div>
   <div class='ocr_carea' id='block_1_14' title="bbox 966 3848 1782 3930">
    <p class='ocr_par' dir='ltr' id='par_1_16' title="bbox 966 3848 1782 3930">
     <span class='ocr_line' id='line_1_90' title="bbox 966 3848 1782 3930; baseline 0.006 -21"><span class='ocrx_word' id='word_1_467' title='bbox 966 3848 1018 3909; x_wconf 93' lang='lat' dir='ltr'><strong>·in</strong></span> <span class='ocrx_word' id='word_1_468' title='bbox 1043 3848 1195 3923; x_wconf 90' lang='lat' dir='ltr'><strong>Domino,</strong></span> <span class='ocrx_word' id='word_1_469' title='bbox 1215 3853 1249 3912; x_wconf 89' lang='lat' dir='ltr'><strong>et</strong></span> <span class='ocrx_word' id='word_1_470' title='bbox 1267 3866 1327 3927; x_wconf 89' lang='lat' dir='ltr'><strong>per</strong></span> <span class='ocrx_word' id='word_1_471' title='bbox 1338 3850 1528 3928; x_wconf 77' lang='lat' dir='ltr'><strong>Apostolica</strong></span> <span class='ocrx_word' id='word_1_472' title='bbox 1547 3851 1642 3915; x_wconf 84' lang='lat' dir='ltr'><strong>robis</strong></span> <span class='ocrx_word' id='word_1_473' title='bbox 1657 3853 1782 3930; x_wconf 87' lang='lat' dir='ltr'><strong>scripta</strong></span> 
     </span>
    </p>
   </div>
   <div class='ocr_carea' id='block_1_15' title="bbox 974 3946 1784 5781">
    <p class='ocr_par' dir='ltr' id='par_1_17' title="bbox 974 3946 1784 5781">
     <span class='ocr_line' id='line_1_91' title="bbox 983 3946 1783 4026; baseline 0.006 -20"><span class='ocrx_word' id='word_1_474' title='bbox 983 3946 1123 4009; x_wconf 84' lang='lat' dir='ltr'><strong>tirmiter</strong></span> <span class='ocrx_word' id='word_1_475' title='bbox 1140 3947 1364 4025; x_wconf 86' lang='lat' dir='ltr'><strong>praecipiendo</strong></span> <span class='ocrx_word' id='word_1_476' title='bbox 1386 3948 1594 4019; x_wconf 89' lang='lat' dir='ltr'><strong>mandamus,</strong></span> <span class='ocrx_word' id='word_1_477' title='bbox 1620 3951 1783 4026; x_wconf 89' lang='lat' dir='ltr'><strong>quatenus</strong></span> 
     </span>
     <span class='ocr_line' id='line_1_92' title="bbox 982 4044 1782 4124; baseline 0.004 -20"><span class='ocrx_word' id='word_1_478' title='bbox 982 4059 1057 4105; x_wconf 90' lang='lat' dir='ltr'><strong>cum</strong></span> <span class='ocrx_word' id='word_1_479' title='bbox 1079 4044 1161 4122; x_wconf 83' lang='lat' dir='ltr'><strong>ipsis</strong></span> <span class='ocrx_word' id='word_1_480' title='bbox 1176 4045 1211 4105; x_wconf 92' lang='lat' dir='ltr'><strong>in</strong></span> <span class='ocrx_word' id='word_1_481' title='bbox 1224 4045 1415 4122; x_wconf 89' lang='lat' dir='ltr'><strong>hujusmodi</strong></span> <span class='ocrx_word' id='word_1_482' title='bbox 1430 4044 1555 4107; x_wconf 87' lang='lat' dir='ltr'><strong>duritia</strong></span> <span class='ocrx_word' id='word_1_483' title='bbox 1569 4046 1782 4124; x_wconf 88' lang='lat' dir='ltr'><strong>persistenti-</strong></span> 
     </span>
     <span class='ocr_line' id='line_1_93' title="bbox 981 4141 1784 4217; baseline 0.004 -15"><span class='ocrx_word' id='word_1_484' title='bbox 981 4141 1784 4217; x_wconf 77' lang='lat' dir='ltr'><strong>bus,nullumexerceatiscommerciumvelcon·</strong></span> 
     </span>
     <span class='ocr_line' id='line_1_94' title="bbox 981 4240 1782 4320; baseline 0.002 -18"><span class='ocrx_word' id='word_1_485' title='bbox 981 4240 1135 4310; x_wconf 90' lang='lat' dir='ltr'><strong>tractum,</strong></span> <span class='ocrx_word' id='word_1_486' title='bbox 1163 4256 1226 4302; x_wconf 91' lang='lat' dir='ltr'><strong>nec</strong></span> <span class='ocrx_word' id='word_1_487' title='bbox 1244 4241 1392 4317; x_wconf 83' lang='lat' dir='ltr'><strong>regimen</strong></span> <span class='ocrx_word' id='word_1_488' title='bbox 1408 4241 1513 4319; x_wconf 86' lang='lat' dir='ltr'><strong>ipsius</strong></span> <span class='ocrx_word' id='word_1_489' title='bbox 1527 4242 1593 4304; x_wconf 92' lang='lat' dir='ltr'><strong>loci</strong></span> <span class='ocrx_word' id='word_1_490' title='bbox 1610 4242 1651 4304; x_wconf 91' lang='lat' dir='ltr'><strong>ab</strong></span> <span class='ocrx_word' id='word_1_491' title='bbox 1670 4241 1782 4320; x_wconf 90' lang='lat' dir='ltr'><strong>aliquo</strong></span> 
     </span>
     <span class='ocr_line' id='line_1_95' title="bbox 981 4336 1783 4417; baseline 0.001 -18"><span class='ocrx_word' id='word_1_492' title='bbox 981 4336 1120 4406; x_wconf 86' lang='lat' dir='ltr'><strong>civium,</strong></span> <span class='ocrx_word' id='word_1_493' title='bbox 1149 4339 1208 4400; x_wconf 90' lang='lat' dir='ltr'><strong>aut</strong></span> <span class='ocrx_word' id='word_1_494' title='bbox 1235 4338 1442 4402; x_wconf 91' lang='lat' dir='ltr'><strong>subditorum</strong></span> <span class='ocrx_word' id='word_1_495' title='bbox 1465 4341 1653 4402; x_wconf 83' lang='lat' dir='ltr'><strong>vestrorum</strong></span> <span class='ocrx_word' id='word_1_496' title='bbox 1677 4341 1783 4417; x_wconf 88' lang='lat' dir='ltr'><strong>recipi</strong></span> 
     </span>
     <span class='ocr_line' id='line_1_96' title="bbox 981 4435 1784 4513; baseline 0.002 -16"><span class='ocrx_word' id='word_1_497' title='bbox 981 4435 1784 4513; x_wconf 86' lang='lat' dir='ltr'><strong>permittatis,0bertumStrictumcivemPlaceu·</strong></span> 
     </span>
     <span class='ocr_line' id='line_1_97' title="bbox 979 4533 1781 4613; baseline 0.001 -18"><span class='ocrx_word' id='word_1_498' title='bbox 979 4533 1097 4606; x_wconf 88' lang='lat' dir='ltr'><strong>tinum,</strong></span> <span class='ocrx_word' id='word_1_499' title='bbox 1121 4534 1240 4611; x_wconf 86' lang='lat' dir='ltr'><strong>quide</strong></span> <span class='ocrx_word' id='word_1_500' title='bbox 1263 4550 1349 4597; x_wconf 92' lang='lat' dir='ltr'><strong>novo</strong></span> <span class='ocrx_word' id='word_1_501' title='bbox 1372 4535 1494 4598; x_wconf 89' lang='lat' dir='ltr'><strong>dicitur</strong></span> <span class='ocrx_word' id='word_1_502' title='bbox 1515 4536 1667 4613; x_wconf 87' lang='lat' dir='ltr'><strong>ipsorum·</strong></span> <span class='ocrx_word' id='word_1_503' title='bbox 1686 4537 1781 4611; x_wconf 77' lang='lat' dir='ltr'><strong>reqi-</strong></span> 
     </span>
     <span class='ocr_line' id='line_1_98' title="bbox 981 4631 1782 4709; baseline 0.004 -19"><span class='ocrx_word' id='word_1_504' title='bbox 981 4647 1054 4692; x_wconf 90' lang='lat' dir='ltr'><strong>men</strong></span> <span class='ocrx_word' id='word_1_505' title='bbox 1068 4632 1247 4708; x_wconf 86' lang='lat' dir='ltr'><strong>recepisse,</strong></span> <span class='ocrx_word' id='word_1_506' title='bbox 1259 4631 1300 4692; x_wconf 86' lang='lat' dir='ltr'><strong>ad</strong></span> <span class='ocrx_word' id='word_1_507' title='bbox 1315 4633 1349 4694; x_wconf 92' lang='lat' dir='ltr'><strong>id</strong></span> <span class='ocrx_word' id='word_1_508' title='bbox 1365 4632 1595 4695; x_wconf 88' lang='lat' dir='ltr'><strong>dimittendum</strong></span> <span class='ocrx_word' id='word_1_509' title='bbox 1607 4633 1782 4709; x_wconf 90' lang='lat' dir='ltr'><strong>temporali</strong></span> 
     </span>
     <span class='ocr_line' id='line_1_99' title="bbox 980 4728 1784 4806; baseline 0.001 -17"><span class='ocrx_word' id='word_1_510' title='bbox 980 4728 1188 4790; x_wconf 88' lang='lat' dir='ltr'><strong>districtione</strong></span> <span class='ocrx_word' id='word_1_511' title='bbox 1199 4730 1365 4805; x_wconf 82' lang='lat' dir='ltr'><strong>cogentes.</strong></span> <span class='ocrx_word' id='word_1_512' title='bbox 1377 4730 1425 4791; x_wconf 84' lang='lat' dir='ltr'><strong>Ad</strong></span> <span class='ocrx_word' id='word_1_513' title='bbox 1436 4729 1509 4791; x_wconf 87' lang='lat' dir='ltr'><strong>haec</strong></span> <span class='ocrx_word' id='word_1_514' title='bbox 1520 4746 1620 4806; x_wconf 91' lang='lat' dir='ltr'><strong>quum</strong></span> <span class='ocrx_word' id='word_1_515' title='bbox 1640 4729 1784 4791; x_wconf 87' lang='lat' dir='ltr'><strong>Bobien-</strong></span> 
     </span>
     <span class='ocr_line' id='line_1_100' title="bbox 980 4825 1783 4904; baseline 0.004 -19"><span class='ocrx_word' id='word_1_516' title='bbox 980 4825 1027 4887; x_wconf 90' lang='lat' dir='ltr'><strong>sis</strong></span> <span class='ocrx_word' id='word_1_517' title='bbox 1037 4826 1179 4887; x_wconf 88' lang='grc'>66616616</span> <span class='ocrx_word' id='word_1_518' title='bbox 1190 4826 1397 4903; x_wconf 90' lang='lat' dir='ltr'><strong>spiritualem</strong></span> <span class='ocrx_word' id='word_1_519' title='bbox 1408 4829 1440 4888; x_wconf 92' lang='grc'><strong>61</strong></span> <span class='ocrx_word' id='word_1_520' title='bbox 1452 4828 1672 4904; x_wconf 90' lang='lat' dir='ltr'><strong>temporalem</strong></span> <span class='ocrx_word' id='word_1_521' title='bbox 1675 4828 1783 4904; x_wconf 78' lang='lat' dir='ltr'><strong>juris·-</strong></span> 
     </span>
     <span class='ocr_line' id='line_1_101' title="bbox 980 4922 1784 4996; baseline 0.002 -13"><span class='ocrx_word' id='word_1_522' title='bbox 980 4922 1158 4985; x_wconf 89' lang='lat' dir='ltr'><strong>dictionem</strong></span> <span class='ocrx_word' id='word_1_523' title='bbox 1179 4924 1215 4984; x_wconf 91' lang='lat' dir='ltr'><strong>in</strong></span> <span class='ocrx_word' id='word_1_524' title='bbox 1234 4923 1389 4985; x_wconf 90' lang='lat' dir='ltr'><strong>Bobiensi</strong></span> <span class='ocrx_word' id='word_1_525' title='bbox 1409 4923 1531 4987; x_wconf 88' lang='lat' dir='ltr'><strong>habeat</strong></span> <span class='ocrx_word' id='word_1_526' title='bbox 1545 4925 1691 4996; x_wconf 87' lang='lat' dir='ltr'><strong>civitate,</strong></span> <span class='ocrx_word' id='word_1_527' title='bbox 1706 4927 1784 4985; x_wconf 90' lang='lat' dir='ltr'><strong>nul-</strong></span> 
     </span>
     <span class='ocr_line' id='line_1_102' title="bbox 979 5020 1782 5099; baseline 0.004 -19"><span class='ocrx_word' id='word_1_528' title='bbox 979 5020 1046 5081; x_wconf 92' lang='lat' dir='ltr'><strong>lam</strong></span> <span class='ocrx_word' id='word_1_529' title='bbox 1067 5020 1162 5083; x_wconf 85' lang='lat' dir='ltr'><strong>vobis</strong></span> <span class='ocrx_word' id='word_1_530' title='bbox 1182 5021 1450 5099; x_wconf 88' lang='lat' dir='ltr'><strong>jurisdictionem</strong></span> <span class='ocrx_word' id='word_1_531' title='bbox 1475 5022 1711 5095; x_wconf 71' lang='lat' dir='ltr'><strong>universalem,</strong></span> <span class='ocrx_word' id='word_1_532' title='bbox 1727 5024 1782 5085; x_wconf 84' lang='lat' dir='ltr'><strong>uel</strong></span> 
     </span>
     <span class='ocr_line' id='line_1_103' title="bbox 978 5118 1779 5197; baseline 0.004 -19"><span class='ocrx_word' id='word_1_533' title='bbox 978 5118 1216 5195; x_wconf 88' lang='lat' dir='ltr'><strong>particularem</strong></span> <span class='ocrx_word' id='word_1_534' title='bbox 1231 5119 1266 5180; x_wconf 93' lang='lat' dir='ltr'><strong>in</strong></span> <span class='ocrx_word' id='word_1_535' title='bbox 1279 5119 1372 5180; x_wconf 90' lang='lat' dir='ltr'><strong>illam</strong></span> <span class='ocrx_word' id='word_1_536' title='bbox 1385 5120 1582 5197; x_wconf 87' lang='lat' dir='ltr'><strong>conquirere</strong></span> <span class='ocrx_word' id='word_1_537' title='bbox 1598 5123 1779 5193; x_wconf 89' lang='lat' dir='ltr'><strong>attentetis,</strong></span> 
     </span>
     <span class='ocr_line' id='line_1_104' title="bbox 980 5216 1779 5293; baseline 0.005 -17"><span class='ocrx_word' id='word_1_538' title='bbox 980 5231 1041 5277; x_wconf 91' lang='lat' dir='ltr'><strong>nec</strong></span> <span class='ocrx_word' id='word_1_539' title='bbox 1053 5216 1241 5293; x_wconf 88' lang='lat' dir='ltr'><strong>conquiria</strong></span> <span class='ocrx_word' id='word_1_540' title='bbox 1258 5217 1378 5279; x_wconf 86' lang='lat' dir='ltr'><strong>vestris</strong></span> <span class='ocrx_word' id='word_1_541' title='bbox 1400 5217 1540 5290; x_wconf 80' lang='lat' dir='ltr'><strong>civibus,</strong></span> <span class='ocrx_word' id='word_1_542' title='bbox 1557 5221 1616 5281; x_wconf 91' lang='lat' dir='ltr'><strong>aut</strong></span> <span class='ocrx_word' id='word_1_543' title='bbox 1638 5218 1779 5281; x_wconf 89' lang='lat' dir='ltr'><strong>subditis</strong></span> 
     </span>
     <span class='ocr_line' id='line_1_105' title="bbox 979 5313 1781 5390; baseline 0.004 -15"><span class='ocrx_word' id='word_1_544' title='bbox 979 5313 1189 5390; x_wconf 85' lang='lat' dir='ltr'><strong>permittatis,</strong></span> <span class='ocrx_word' id='word_1_545' title='bbox 1201 5314 1404 5383; x_wconf 70' lang='lat' dir='ltr'><strong>relaxantes,</strong></span> <span class='ocrx_word' id='word_1_546' title='bbox 1420 5317 1453 5377; x_wconf 91' lang='lat' dir='ltr'><strong>et</strong></span> <span class='ocrx_word' id='word_1_547' title='bbox 1463 5315 1781 5378; x_wconf 75' lang='lat' dir='ltr'><strong>relaxaritaoientes</strong></span> 
     </span>
     <span class='ocr_line' id='line_1_106' title="bbox 974 5411 1781 5490; baseline 0.007 -19"><span class='ocrx_word' id='word_1_548' title='bbox 974 5412 1179 5489; x_wconf 87' lang='lat' dir='ltr'><strong>juramenta,</strong></span> <span class='ocrx_word' id='word_1_549' title='bbox 1200 5413 1234 5474; x_wconf 91' lang='lat' dir='ltr'><strong>et</strong></span> <span class='ocrx_word' id='word_1_550' title='bbox 1261 5411 1480 5488; x_wconf 76' lang='lat' dir='ltr'><strong>obligationes</strong></span> <span class='ocrx_word' id='word_1_551' title='bbox 1504 5413 1590 5473; x_wconf 87' lang='lat' dir='ltr'><strong>alias</strong></span> <span class='ocrx_word' id='word_1_552' title='bbox 1613 5413 1781 5490; x_wconf 88' lang='lat' dir='ltr'><strong>siquibus</strong></span> 
     </span>
     <span class='ocr_line' id='line_1_107' title="bbox 978 5506 1780 5585; baseline 0.006 -18"><span class='ocrx_word' id='word_1_553' title='bbox 978 5506 1125 5585; x_wconf 78' lang='lat' dir='ltr'><strong>praesatae</strong></span> <span class='ocrx_word' id='word_1_554' title='bbox 1149 5508 1296 5570; x_wconf 83' lang='lat' dir='ltr'><strong>ciuitatis</strong></span> <span class='ocrx_word' id='word_1_555' title='bbox 1318 5508 1481 5581; x_wconf 86' lang='lat' dir='ltr'><strong>homines,</strong></span> <span class='ocrx_word' id='word_1_556' title='bbox 1508 5510 1541 5570; x_wconf 91' lang='lat' dir='ltr'><strong>et</strong></span> <span class='ocrx_word' id='word_1_557' title='bbox 1554 5509 1614 5570; x_wconf 90' lang='lat' dir='ltr'><strong>alii</strong></span> <span class='ocrx_word' id='word_1_558' title='bbox 1628 5510 1780 5573; x_wconf 74' lang='lat' dir='ltr'><strong>ecclesia</strong></span> 
     </span>
     <span class='ocr_line' id='line_1_108' title="bbox 978 5604 1780 5680; baseline 0.007 -16"><span class='ocrx_word' id='word_1_559' title='bbox 978 5604 1124 5680; x_wconf 82' lang='lat' dir='ltr'><strong>praeratae</strong></span> <span class='ocrx_word' id='word_1_560' title='bbox 1139 5606 1263 5667; x_wconf 83' lang='lat' dir='ltr'><strong>vassali</strong></span> <span class='ocrx_word' id='word_1_561' title='bbox 1278 5606 1383 5677; x_wconf 85' lang='lat' dir='ltr'><strong>uobis,</strong></span> <span class='ocrx_word' id='word_1_562' title='bbox 1401 5609 1459 5667; x_wconf 90' lang='lat' dir='ltr'><strong>eut</strong></span> <span class='ocrx_word' id='word_1_563' title='bbox 1470 5606 1590 5668; x_wconf 81' lang='lat' dir='ltr'><strong>vestris</strong></span> <span class='ocrx_word' id='word_1_564' title='bbox 1604 5608 1780 5670; x_wconf 84' lang='lat' dir='ltr'><strong>universa-</strong></span> 
     </span>
     <span class='ocr_line' id='line_1_109' title="bbox 978 5701 1782 5781; baseline 0.009 -19"><span class='ocrx_word' id='word_1_565' title='bbox 978 5701 1066 5775; x_wconf 89' lang='lat' dir='ltr'><strong>liter,</strong></span> <span class='ocrx_word' id='word_1_566' title='bbox 1090 5705 1149 5766; x_wconf 87' lang='lat' dir='ltr'><strong>aut</strong></span> <span class='ocrx_word' id='word_1_567' title='bbox 1173 5703 1422 5781; x_wconf 86' lang='lat' dir='ltr'><strong>particulariter</strong></span> <span class='ocrx_word' id='word_1_568' title='bbox 1446 5704 1480 5765; x_wconf 92' lang='lat' dir='ltr'><strong>in</strong></span> <span class='ocrx_word' id='word_1_569' title='bbox 1501 5704 1607 5781; x_wconf 88' lang='lat' dir='ltr'><strong>ipsius</strong></span> <span class='ocrx_word' id='word_1_570' title='bbox 1630 5706 1782 5769; x_wconf 85' lang='lat' dir='ltr'><strong>ecclesiae</strong></span> 
     </span>
    </p>
   </div>
   <div class='ocr_carea' id='block_1_16' title="bbox 0 0 1996 6196">
    <p class='ocr_par' dir='ltr' id='par_1_18' title="bbox 0 0 1996 6196">
     <span class='ocr_line' id='line_1_110' title="bbox 0 0 1996 6196; baseline 0 2"><span class='ocrx_word' id='word_1_571' title='bbox 0 0 1996 6196; x_wconf 95' lang='lat' dir='ltr'><strong> </strong></span> 
     </span>
    </p>
   </div>
  </div>
 </body>
</html>
