3900 6202
138 193 196 254 2611
771 191 1001 254 EPISTOLAE.
1025 195 1103 255 LIB.
1127 196 1152 255 1.

135 348 369 429 appellationis
396 348 565 412 obstaculo
593 349 823 415 ecclesiastica
851 369 932 417 cen·
1319 365 1471 455 CCXIX

131 465 209 512 sura
236 447 449 526 compellant.
477 449 595 511 Datum
617 451 785 524 Laterani,
821 451 931 514 idibus

131 546 303 619 februarii,
329 546 541 625 11011ϋῇὒᾶιιιε
565 549 671 611 1103111
699 565 787 611 ³1¹110
810 550 928 629 ilifflO·
1032 572 1084 631 Ab
1104 572 1259 633 abbatem
1278 572 1484 635 aaoocstertt
1502 573 1621 635 Sancti
1635 574 1737 635 Petit

1272 680 1498 740 corbeiensis,

430 854 627 942 CCXVIII
1276 853 1492 913 assemano.

1017 986 1124 1050 [aegest.
1137 985 1182 1037 lih.
1196 986 1217 1049 1,
1232 986 1305 1053 epist.
1324 986 1384 1038 ait.
1395 989 1454 1039 bles,
1466 990 1505 1041 La
1514 989 1591 1040 Ponte
1607 989 1642 1041 du
1657 990 1751 1056 Theti]

256 1132 579 1207 subterponemus
591 1133 798 1207 episcopum,
985 1120 1096 1194 Recipit
1124 1136 1175 1179 eos
1198 1120 1252 1180 snb
1279 1123 1456 1195 protectione
1484 1126 1516 1182 B.
1551 1126 1627 1183 Petri
1651 1134 1680 1184 et
1707 1140 1780 1184 enu-

1020 1218 1166 1269 merantur
1177 1209 1252 1270 bona
1268 1211 1304 1270 ad
1318 1212 1431 1272 illarum
1448 1216 1688 1274 monasteriorum
1703 1232 1784 1291 epec-

1020 1300 1120 1358 tantia.

1025 1428 1203 1501 Honorius,
1224 1429 1312 1492 etc...
1339 1427 1471 1493 dilectis
1494 1430 1580 1493 liliis
1595 1433 1647 1495 bo.
1671 1432 1782 1496 abbati

984 1526 1181 1587 monasterii
1204 1527 1310 1589 sancti
1326 1528 1511 1602 corbeien,
1528 1529 1614 1607 quod
1635 1529 1671 1591 in
1698 1546 1781 1606 pago

984 1622 1181 1684 Ambianen.
1195 1624 1299 1686 situm
1310 1626 1370 1699 est,
1385 1630 1524 1704 ejusque
1540 1626 1698 1689 iratribus
1712 1630 1781 1692 tam

984 1719 1204 1796 praesentibus
1218 1737 1319 1799 quam
1332 1721 1464 1795 suturis,
1477 1724 1664 1799 regularem
1678 1725 1781 1788 vitam

159 1859 251 1918 lectus
272 1860 348 1919 alios
364 1862 502 1919 emissam
519 1863 647 1936 recipiat,
668 1878 792 1937 eumque
810 1864 930 1925 absolvit
984 1817 1144 1895 pr⁰s⁰⁸⁸I⁸
1159 1819 1194 1930 {¹²
1210 1820 1416 1930 perpefuum·
1497 1918 1504 1931 ,
1672 1919 1679 1932 .

158 1948 514 2008 ebexcommunicatione
528 1967 584 2024 qna
599 1966 666 2011 eum
681 1955 712 2011 P.
728 1955 800 2012 tituli
819 1957 930 2015 Sancta
1027 1916 1226 1993 Ap⁰⁸t⁰l¹⁰ae
1253 1918 1347 1979 S⁰d¹⁸
1378 1917 1576 1980 ⁰u⁰t⁰¹⁸¹¹³t⁰
1606 1919 1783 1998 (ῘΘῙἈΙΟΙΙΠΘ

158 2037 350 2096 andenam
364 2038 459 2113 presb,
479 2039 633 2098 caraman,
654 2042 825 2115 Apoewlpeoe
849 2045 930 2105 sedis
983 2013 1214 2091 compellimur
1228 2032 1288 2092 pro
1304 2015 1537 2078 universarum
1564 2018 1782 2080 ecclesiarum

156 2128 276 2204 legatum
291 2127 493 2186 obstrinxerat„
984 2113 1072 2174 statu
1085 2114 1250 2189 satagere,
1269 2116 1302 2175 et
1316 2129 1431 2175 aarum
1451 2115 1597 2177 maxime
1611 2132 1684 2193 quae
1700 2133 1779 2194 spe-

983 2211 1102 2272 cialius
1117 2211 1225 2272 eidem
1250 2212 1328 2274 Sedi
1353 2211 1535 2286 adhaerent,
1559 2229 1599 2275 ac
1621 2215 1781 2293 tanquam

165 2309 350 2382 Honorius,
378 2310 454 2383 etc,
481 2309 667 2373 venerabili
688 2310 784 2374 tratri
806 2313 930 2391 Lingo-
983 2310 1118 2387 proprio
1149 2312 1226 2387 jure
1263 2309 1419 2387 subjectae
1461 2313 1539 2374 suut
1579 2313 1779 2375 utilitatibus

130 2422 203 2468 neu.
218 2407 392 2485 episcopo.
983 2408 1169 2486 providere.
1200 2410 1393 2485 iiapropter,
1426 2408 1538 2471 dilecti
1570 2410 1606 2472 in
1640 2410 1780 2474 Domino

166 2505 324 2567 sentiens
338 2505 541 2567 venerabilis
564 2505 669 2568 frater
678 2507 792 2568 noster
806 2508 930 2570 Virdo·
984 2506 1055 2579 tilii,
1067 2507 1189 2569 vestris
1199 2506 1299 2584 Justis
1312 2506 1588 2584 postulationibus
1600 2509 1781 2571 clementes

128 2617 201 2662 nen.
219 2602 404 2680 episcopus
426 2618 495 2664 suae
520 2603 729 2665 incommoda
749 2606 928 2667 senectutis
983 2606 1173 2677 annuimus,
1195 2605 1229 2666 et
1249 2605 1290 2665 ad
1310 2605 1483 2682 exemplar
1497 2605 1784 2682 praedecessorum·

125 2715 164 2761 ac
177 2700 331 2763 delectus
346 2715 425 2762 suos
438 2700 523 2763 alios
534 2717 787 2778 recognoscens,
800 2702 930 2765 nolens-
984 2705 1173 2764 nostrorum
1194 2700 1301 2763 ielicis
1320 2703 1489 2764 memoriae
1509 2702 1652 2772 Nicolai,
1672 2706 1781 2768 Bene-

419 1349 541 1409 1313111.
565 1351 644 1411 1117.
687 1350 693 1357 ’

169 1495 287 1559 meges.
296 1494 344 1546 nu
355 1495 376 1554 ι,
386 1494 461 1561 epae.
475 1495 533 1546 aaa.
544 1495 731 1548 hamram
741 1482 882 1564 adrian]

24 1636 26 1687 l
127 1681 453 1757 Lingonensiepiscopo
465 1683 591 1755 mandat,
608 1692 639 1743 ut
652 1686 814 1745 cessionem
824 1687 927 1748 virdu-

158 1771 259 1829 nensis
273 1772 403 1844 episccpi
419 1770 456 1829 ob
470 1772 652 1832 incommoda
664 1777 822 1835 senectutis
837 1784 867 1835 ct
878 1776 927 1839 de·

12 2778 14 2867 t
125 2815 186 2876 que
207 2800 264 2860 sic
288 2814 434 2875 praeesse
455 2799 637 2861 Virdunen.
662 2799 825 2873 ecclesiae,
842 2803 926 2879 quod
983 2801 1074 2873 dicti,
1090 2800 1220 2873 Leonis,
1248 2799 1385 2871 Urbani,
1405 2800 1589 2873 Paschalis,
1612 2804 1778 2864 Innocen-

10 2914 13 2983 ξ
125 2912 189 2958 non
208 2896 332 2975 prosit,
355 2912 391 2958 se
410 2884 562 2975 paratum
582 2898 700 2960 cedere
717 2901 814 2976 Juxta
833 2898 928 2962 bona
983 2899 1022 2961 tii
1046 2901 1091 2972 ΙΙ,
1116 2899 1272 2975 Eugenii,
1295 2898 1449 2971 Adriani,
1474 2900 1674 2972 Alexandri,
1699 2902 1778 2961 Cle-

9 3006 12 3073 3
125 2997 299 3058 memoriae
328 2996 514 3059 innocentii
548 3013 643 3075 papae
672 2997 929 3076 praedecessoris
984 2997 1115 3070 mentis,
1132 2996 1301 3069 celestini,
1320 2996 1353 3058 et
1373 2997 1558 3059 innocentii
1583 2999 1639 3070 lii,
1657 3001 1782 3060 Ronla-

125 3095 230 3156 nostri
247 3093 443 3157 mandatum
460 3094 502 3155 ab
518 3095 818 3157 administrationis
832 3097 929 3158 solli·
983 3111 1102 3157 norum
1140 3095 1356 3168 Pontificum,
1396 3094 1569 3172 praelatunn
1606 3095 1778 3159 corbeien.

9 3178 11 3221 ³
125 3192 278 3254 titudine
292 3191 520 3268 perdilectum
534 3193 640 3254 tilium
652 3196 716 3254 Ha.
733 3196 930 3271 procurato-
984 3193 1232 3266 monasterinm,
1258 3195 1293 3254 in
1324 3208 1409 3270 pago
1436 3192 1632 3256 ambianen.
1667 3194 1778 3268 situm,

125 3305 192 3352 rem
217 3307 332 3363 suum,
354 3290 396 3350 ad
422 3290 485 3352 hoc
506 3292 699 3369 specialiter
715 3292 927 3367 destinatum,
984 3292 1070 3370 quod
1096 3291 1150 3373 ad
1162 3293 1219 3368 jhs
1247 3291 1281 3353 et
1309 3291 1545 3368 proprietatem
1574 3292 1663 3354 beati
1690 3293 1781 3354 Petri

128 3388 311 3465 postulavit
325 3387 464 3461 absolvi,
488 3390 521 3452 et
539 3390 575 3450 in
597 3391 676 3451 vitae
691 3389 754 3450 sihi
768 3406 928 3452 necessa·
984 3390 1175 3467 specialiter
1203 3390 1356 3467 pertinet,
1382 3390 1418 3451 in
1453 3405 1518 3467 quo
1553 3391 1634 3452 estis
1667 3388 1780 3452 divino

9 3496 11 3575 J
127 3485 184 3547 riis
193 3486 238 3548 de
246 3484 431 3547 virdunen.
445 3486 596 3548 ecclesia
604 3487 931 3564 proventibusmise-
984 3486 1142 3565 obsequio
1157 3486 1348 3563 mancipati,
1365 3486 1426 3547 sub
1440 3487 1530 3549 beati
1547 3489 1638 3549 Petri
1653 3490 1686 3550 et
1702 3505 1783 3550 nos-

125 3582 306 3647 ricorditer
319 3584 931 3663 provideri.Peteasinsupersuspen·
983 3587 1035 3647 tra
1068 3584 1273 3662 proteohone
1306 3585 1517 3663 susprimus,
1546 3586 1579 3646 et
1606 3586 1780 3662 praesentis

125 3680 231 3743 sionis
268 3683 303 3742 et
335 3682 693 3744 excommunicationis
732 3683 927 3756 sententias,
985 3681 1102 3759 scripti
1123 3681 1310 3759 patrocinio
1333 3683 1641 3743 communimus.1n
1664 3683 1781 3760 primis

126 3777 247 3855 quihus
274 3794 354 3840 eum
375 3778 514 3842 dilectus
538 3780 626 3841 illius
648 3781 762 3842 noster
783 3783 820 3841 P.
840 3781 929 3843 tituli
984 3780 1150 3857 siquidem·
1160 3779 1353 3851 statuentes,
1366 3780 1442 3852 etc,
1455 3794 1563 3853 usque
1575 3778 1781 3841 observetur.

126 3878 253 3939 sanctae
287 3875 504 3938 Pudentianae
538 3876 711 3955 presbyter
735 3878 927 3953 cardinalis,
984 3878 1152 3939 Praeterea
1180 3892 1404 3955 quascumque
1432 3877 1671 3954 possessiones,
1703 3878 1785 3951 etc,

127 3974 204 4035 tunc
218 3973 422 4051 Apostolicae
437 3975 531 4036 Sedis
551 3974 693 4051 legatus,
713 3975 927 4048 astrinxerat,
983 3991 1092 4049 capace
1119 3976 1346 4053 permaneant.
1377 3977 1414 4035 In
1442 3974 1561 4052 quibus
1587 3974 1675 4046 haec,
1703 3975 1779 4047 etc,

127 4071 294 4146 relaxari3
309 4088 369 4148 pro
383 4088 447 4149 quo
457 4073 558 4134 etiam
569 4087 670 4149 super
682 4072 734 4133 his
744 4073 927 4134 virdunen.
982 4089 1091 4148 aecae
1122 4071 1306 4135 uocabulis.
1340 4076 1461 4135 Omnes
1492 4072 1669 4151 parochias
1693 4073 1784 4133 Cor·-

126 4169 313 4247 capitulum
333 4169 543 4247 supplicavit.
558 4171 627 4231 Nos
642 4171 752 4232 autem
768 4170 930 4233 senectuti
984 4170 1080 4244 baiae,
1107 4173 1144 4234 et
1169 4171 1362 4249 parochiam
1382 4171 1568 4244 Pratorum,
1590 4170 1784 4248 parochiam

127 4268 370 4345 compatientes
393 4267 514 4346 ipsius,
536 4267 739 4331 fraternitati
772 4269 838 4331 tuae
871 4284 931 4345 per
984 4269 1033 4331 de·
1051 4271 1173 4343 NaurS,
1196 4270 1390 4347 parochiam
1415 4269 1456 4331 de
1483 4272 1561 4342 Bus,
1589 4269 1784 4346 parochiam

127 4367 314 4442 apostolica
334 4367 458 4444 scripta
480 4367 702 4445 praecipiendo
720 4368 928 4439 mandamus,
985 4367 1025 4428 de
1053 4368 1200 4440 thanes,
1231 4368 1264 4430 et
1295 4368 1489 4445 parochiam
1524 4367 1564 4429 de
1598 4367 1702 4429 Uatia.
1734 4366 1783 4428 hd

127 4466 293 4540 quatenus
306 4464 475 4542 praedictis
491 4465 665 4527 sententiis
676 4466 775 4542 Juxta
789 4465 930 4527 sormam
986 4465 1057 4527 haec
1087 4465 1282 4544 adjicientes
1316 4465 1545 4527 interdicimus
1576 4466 1612 4527 ut
1644 4480 1782 4541 posses-

128 4563 287 4624 Ecclesiae
306 4563 479 4637 relaxatis,
497 4563 568 4625 vice
587 4564 700 4625 nostra
720 4564 825 4640 ipsius
844 4563 932 4625 reci·
985 4564 1097 4624 aiones
1123 4564 1156 4625 et
1178 4562 1342 4624 beneficia
1361 4563 1467 4639 ipsius
1492 4562 1644 4623 ecclesiae
1659 4561 1783 4639 absque

129 4660 203 4737 pias
222 4661 419 4734 cessionem,
448 4662 480 4724 et
501 4661 608 4722 eidem
629 4661 827 4738 provisione
844 4659 932 4723 iacta
986 4659 1115 4721 abbatis
1135 4661 1170 4722 et
1188 4659 1328 4721 fratrum
1348 4674 1514 4721 consensu
1535 4657 1648 4718 nullus
1670 4657 1783 4718 homi-

129 4757 171 4819 de
185 4759 401 4836 proventibus
414 4759 634 4821 virdunensis
658 4758 819 4831 ecclesiae,
835 4758 933 4836 prout
988 4773 1066 4818 num
1091 4757 1125 4817 in
1151 4756 1220 4818 vita
1242 4756 1312 4817 sive
1338 4756 1374 4816 in
1400 4756 1506 4816 morte
1522 4738 1606 4815 biiis
1631 4753 1784 4817 ecclesiis

129 4856 198 4917 tam
214 4857 279 4919 sibi
298 4873 397 4934 quam
419 4857 487 4934 ipsi
509 4858 659 4920 ecclesiae
681 4857 805 4919 videris
825 4871 931 4932 expe·
986 4855 1077 4926 dare,
1092 4855 1150 4915 aut
1165 4853 1232 4915 alio
1249 4852 1396 4930 quolibet
1414 4852 1511 4914 modo
1530 4851 1680 4913 alienare
1695 4868 1784 4930 prae-

130 4952 214 5029 dire,
233 4954 432 5018 auctoritate
461 4955 576 5016 nostra
610 4954 755 5032 capitulo
775 4953 931 5030 injungas
986 4953 1095 5013 sumat
1118 4950 1160 5012 ab
1181 4950 1265 5027 ipsa.
1287 4950 1357 5011 Nec
1371 4950 1472 5011 liceat
1489 4953 1625 5012 Reman.
1648 4951 1784 5013 archie-

132 5051 283 5114 ecclesiae
297 5052 532 5121 Virdunensis,
546 5053 581 5115 ut
595 5052 636 5113 de
651 5066 793 5130 persona
812 5038 932 5111 idoiaea
987 5051 1134 5126 piscopo‚
1151 5064 1212 5109 neo
1226 5047 1421 5109 ambianen.
1438 5063 1501 5109 nec
1512 5048 1615 5109 alicui
1630 5049 1785 5126 episcopo

132 5164 206 5224 quae
225 5150 321 5212 tanto
343 5150 520 5213 conveniat
542 5150 636 5211 oneri
660 5151 693 5212 et
716 5149 848 5220 honori,
873 5162 933 5224 per
987 5147 1022 5208 in
1037 5146 1155 5208 abbate
1181 5146 1213 5207 et
1238 5144 1397 5207 iratribus
1413 5146 1465 5206 vel
1481 5146 1614 5207 clericis
1636 5148 1706 5206 sive
1728 5145 1784 5207 ia-

132 5245 329 5309 electionem
345 5247 538 5309 canonicam
563 5247 627 5309 sibi
642 5246 683 5309 de
697 5247 832 5309 licentia
849 5263 931 5308 nos·
988 5245 1086 5305 malis
1099 5244 1158 5305 aut
1173 5244 1209 5305 in
1224 5244 1320 5304 laicis
1334 5243 1423 5304 inira
1438 5243 1594 5321 praelatas
1607 5243 1785 5320 parochias

133 5342 186 5405 tra
198 5344 371 5421 provideat
384 5344 420 5405 in
433 5346 609 5422 pastorem.
631 5347 749 5407 Datum
763 5343 931 5414 Lat-arani,
989 5342 1177 5403 constitutis
1188 5341 1447 5427 dominationem
1458 5340 1602 5417 aliquem
1614 5355 1784 5414 exercere,

135 5439 242 5503 idibus
271 5441 444 5515 februarii,
474 5442 685 5519 pontificatus
711 5441 817 5504 nostri
845 5456 933 5503 anno
988 5440 1046 5502 aut
1059 5455 1116 5501 eos
1132 5439 1422 5501 excommunicare
1436 5438 1488 5499 vel
1501 5437 1712 5510 interdicere,
1727 5443 1787 5502 aut
1915 5476 1916 5489 ,

137 5537 252 5612 primo.
989 5538 1228 5615 appellationes
1245 5536 1286 5599 ab
1302 5537 1352 5599 eis
1369 5536 1423 5598 vel
1439 5535 1581 5597 invicem
1594 5535 1646 5597 vel
1667 5539 1783 5602 contra
