3968 6204
206 318 243 382 11
671 320 848 382 HONORII
868 322 914 382 111
935 321 1083 383 OPERA.
1101 353 1139 368 -
1155 325 1387 389 SERMONES.
1814 339 1855 399 12

206 478 258 542 tas
286 497 384 558 quem
414 483 517 546 semel
544 483 738 562 repleverit,
774 483 1003 547 invincibilem
1056 485 1173 548 beatus
1186 489 1332 551 loannes
1356 486 1560 564 evangelista
1582 490 1614 550 at
1639 488 1758 550 Daniel
1772 504 1855 567 pro-

206 577 326 641 reddit.
342 580 436 644 Unde
459 581 493 644 et
516 580 633 644 beatus
651 580 845 643 ambrosius
859 602 867 640 ε
879 598 900 645 θ
912 583 1002 644 Cha-
1057 584 1166 661 pheta.
1182 584 1334 647 &cunda
1348 585 1577 649 tessaradecas
1592 585 1759 661 significat
1772 587 1854 662 quia

207 673 291 737 ritas
298 678 489 753 quaedeseri
498 679 614 755 potest,
630 694 810 755 numquam
820 679 1002 741 veraluit.r
1057 696 1116 758 per
1127 682 1263 743 Beatam
1283 682 1423 743 Mariam
1438 683 1598 745 hahemus
1611 684 1753 744 fructum
1768 698 1855 760 qua-

247 773 328 836 ltem
356 776 526 837 sciendum
555 775 640 853 qnod
672 775 745 837 istae
768 778 1001 853 generationes
1055 779 1133 840 tuor
1146 779 1401 853 Evangeliorum
1413 783 1446 842 et
1458 780 1722 843 observationem
1739 781 1853 840 decem

206 870 397 947 significant
411 873 561 935 coelestes
580 874 813 936 beatitudines.
834 874 1002 936 Abrabam
1056 876 1214 951 legalium
1230 875 1485 939 mandatorum?
1498 880 1608 940 Tertia
1622 878 1853 940 tessaradecas

206 969 263 1043 qui
286 970 525 1047 interpretatur
550 975 650 1033 Pater
678 972 794 1034 videns
816 973 1000 1050 populum,
1057 974 1224 1049 significat
1238 975 1316 1051 quia
1329 991 1388 1051 per
1400 978 1534 1037 Beatam
1550 977 1690 1038 Mariam
1706 991 1854 1052 compre·

206 1064 410 1129 demonstrat
433 1069 528 1130 nobis
549 1070 633 1147 quod
658 1073 746 1132 Deus
761 1074 861 1132 Pater
879 1071 1002 1133 videbit
1057 1071 1238 1132 baudemus
1253 1088 1326 1132 cum
1340 1074 1491 1134 omnibus
1513 1075 1638 1135 sanctis
1653 1090 1726 1149 quae
1742 1072 1784 1133 sit
1799 1073 1853 1132 la-

204 1178 266 1224 nos
279 1165 385 1226 oculis
397 1165 512 1241 gloriae
526 1184 595 1228 suae
609 1168 756 1229 incaelis.
773 1168 863 1230 Vidit
872 1185 1003 1246 semper
1055 1168 1173 1239 titud0,
1190 1170 1371 1245 longitudo,
1386 1171 1571 1233 sublimitas
1592 1175 1626 1233 et
1640 1170 1850 1247 protundum,

206 1260 425 1337 glorificando
437 1280 517 1340 nos;
534 1266 567 1327 et
581 1266 667 1328 sicut
678 1267 1000 1343 paterdiligiitilios,

206 1358 254 1421 ita
267 1360 340 1437 ipse
355 1360 472 1438 diliget
485 1378 546 1424 nos
567 1364 600 1426 et
622 1364 724 1426 faciet
743 1364 893 1426 haeredes
910 1381 1000 1436 suos,

207 1456 439 1520 utbabeamus
459 1461 630 1537 paternam
650 1461 890 1535 haereditatem,
907 1465 1002 1540 cujus

205 1554 242 1614 in
253 1554 449 1619 boemundo
461 1558 672 1635 amplectitur
684 1558 891 1623 charitatem.
909 1560 1002 1622 Unda

205 1653 402 1729 Apostolus:
422 1659 590 1719 Hceredes
605 1660 743 1731 paridem
756 1662 831 1730 Dei,
847 1662 1001 1720 roboare-

205 1753 265 1813 dea
279 1753 397 1814 autem
408 1755 537 1816 Obruit
550 1754 658 1833 (Rom.
671 1771 744 1828 vm,
761 1755 823 1835 17).
838 1760 931 1818 isaac
946 1757 1002 1834 qui

206 1846 446 1925 interpretatur
479 1852 583 1925 risus,
625 1853 792 1929 significat
832 1854 1000 1930 gaudium,

209 1947 296 2023 quod
312 1946 473 2009 babemus
498 1949 533 2009 in
553 1950 742 2014 coelestibus
762 1952 802 2013 de
817 1952 1003 2013 salvatione

207 2044 332 2117 nestra,
349 2048 382 2107 et
401 2046 441 2107 de
462 2047 592 2109 visione
610 2049 734 2110 divina.
763 2050 857 2112 Unde
874 2050 1000 2111 David:

208 2144 432 2204 lrcaeteruum
450 2145 663 2219 occultabunt,
687 2149 721 2209 et
741 2150 944 2211 inhabitabis
966 2151 1003 2208 tn

208 2253 260 2311 ea,
275 2253 294 2301 o
308 2244 412 2313 Deus,
429 2245 488 2315 qut
499 2258 536 2304 es
550 2248 613 2304 tace
627 2260 712 2306 cera
726 2244 829 2323 (Psal.
846 2247 877 2317 5,
888 2244 951 2323 12).
965 2246 1003 2306 Et

207 2336 315 2398 alibi:
336 2340 552 2401 Eeuitabuut
567 2343 680 2403 carecti
698 2345 735 2402 ta
755 2346 877 2419 gloria,
905 2344 1004 2403 taetaae

208 2436 337 2496 burttur
356 2439 394 2496 tra
407 2439 568 2498 cubilibus
587 2441 671 2510 suta,
690 2438 786 2512 idest,
808 2440 846 2500 in
866 2439 1003 2500 aeternis

206 2531 446 2594 mansionibus.
461 2534 564 2595 Jacob
586 2535 642 2612 qui
662 2537 900 2613 interpretatur
918 2554 1002 2614 sup-

205 2630 373 2707 plantator
387 2630 554 2707 siguificat
577 2633 664 2709 quod
688 2650 819 2711 semper
834 2635 1002 2711 supplan-

205 2727 350 2790 tabimus
364 2728 518 2791 inimicos
539 2732 670 2792 nostros
690 2734 764 2809 post
781 2733 1004 2794 resurrectio-

208 2841 316 2887 nema
340 2829 407 2888 Deo
431 2827 676 2891 condemnatos.
704 2831 797 2892 Unde
818 2830 1003 2892 Malachiae

210 2924 378 3001 Propheta
395 2929 628 3003 :Egredimint
640 2928 674 2989 et
680 2930 852 2989 calcabitis
866 2932 1002 3002 impios,

208 3037 288 3084 eum
307 3024 439 3097 ficerunt
451 3027 550 3085 ciuis
568 3026 762 3099 stabeletate
776 3030 904 3100 pedum
925 3042 1004 3088 ces-

210 3121 347 3183 trorum
363 3121 521 3199 (Malao-h.
542 3138 587 3195 1v,
599 3125 628 3191 2,
638 3121 683 3201 3).
702 3124 814 3184 Sancti
829 3124 1005 3200 egredien-

207 3218 274 3290 tur,
291 3217 387 3290 idest,
405 3219 714 3297 contemplabuntur
728 3221 892 3282 tormenta
905 3223 1002 3283 dam-

207 3314 372 3389 natorum,
420 3318 453 3378 et
499 3317 676 3380 calcabunt
721 3319 858 3396 impios,
905 3320 1001 3392 idest,

209 3412 475 3476 condemnabunt
495 3415 597 3492 ipsos,
623 3416 656 3477 et
680 3416 776 3493 impii
796 3418 894 3478 erunt
918 3418 1005 3479 siout

209 3511 306 3583 cinis,
337 3511 433 3584 idest,
467 3513 650 3574 combustio
683 3514 770 3589 ignis
806 3515 935 3587 aeterni,
972 3517 1005 3578 et

209 3610 307 3670 erunt
340 3609 409 3670 sub.
435 3610 573 3687 pedihus
602 3613 782 3687 justorum,
810 3613 889 3690 quia
920 3613 1004 3690 justi

207 3709 305 3768 eruut
323 3706 357 3768 in
379 3708 474 3780 coelo,
497 3707 562 3785 ipsi
583 3710 693 3769 autem
715 3709 955 3771 cruciabuntur
966 3711 1002 3772 in

207 3803 349 3866 inferno.

247 3904 329 3964 Item
348 3902 518 3964 sciendum
541 3906 699 3981 estquod
722 3905 756 3965 in
783 3904 846 3966 hac
861 3904 1003 3967 lectione

207 3998 439 4061 describuntur
476 4002 544 4061 tres
570 4002 869 4075 tessaraedecades‚
900 4003 1001 4075 idest,

205 4100 258 4158 ter
271 4084 531 4173 quatuordecim.
560 4099 599 4159 Et
623 4101 703 4159 nota
723 4098 810 4175 quod
832 4100 939 4176 prima
954 4101 1004 4162 est

206 4193 248 4255 ab
270 4193 439 4255 Abrabam
463 4209 567 4271 usque
592 4194 634 4256 ad
658 4196 774 4269 David,
811 4198 955 4257 secunda
982 4215 1002 4258 a

205 4292 310 4353 liavid
326 4308 430 4369 usque
453 4292 495 4353 ad
519 4293 845 4369 transmigrationem
860 4294 1003 4373 Babylo-

205 4389 269 4462 nis,
288 4390 388 4451 tertia
401 4405 421 4450 a
436 4390 730 4465 transmigratione
751 4392 929 4469 Babylonis
945 4410 1004 4453 us-

205 4502 270 4565 que
287 4486 341 4548 vad
363 4487 541 4550 Christum.
565 4489 678 4550 Prima
700 4490 930 4552 tessaradecas
955 4491 1003 4550 si-

203 4585 341 4663 gnifieat
356 4587 434 4662 quia
452 4600 511 4663 per
526 4587 662 4647 Beatam
684 4588 825 4648 Mariam
842 4588 1002 4650 habemus

204 4685 427 4761 contemptum
439 4683 683 4761 temporalium,
696 4686 729 4746 et
741 4684 1001 4749 destructionem

203 4783 392 4845 mortalium
408 4782 595 4844 criminum.
613 4783 698 4844 Nam
713 4784 910 4860 temporalia
925 4786 1003 4848 sunt

203 4882 239 4942 in
263 4882 404 4958 quatuor
424 4881 608 4954 elementis,
631 4882 664 4943 et
685 4882 839 4944 mortalia
859 4882 1001 4944 crimina

202 4978 316 5040 decem
329 4978 562 5039 describuntur
583 4978 624 5040 ah
639 4980 807 5057 apostolo,
825 4980 881 5041 ubi
897 4980 999 5043 dicit:

200 5077 319 5149 Neque
337 5077 531 5150 fornicarii,
550 5091 658 5150 neque
680 5080 777 5139 idolis
795 5079 999 5151 servientes,

1057 1267 1143 1327 sicut
1157 1267 1237 1329 dicit
1250 1268 1427 1344 Apostolus
1446 1267 1542 1346 (pr.
1566 1284 1616 1340 111,
1643 1266 1692 1339 18)
1716 1284 1789 1344 quae
1808 1267 1853 1327 sit

1057 1364 1196 1426 latitudo
1224 1364 1408 1438 charitatis,
1433 1366 1528 1437 idest,
1555 1382 1653 1443 quam
1679 1364 1788 1440 ampla
1808 1364 1853 1424 sit

1057 1461 1214 1530 ebaritas,
1232 1478 1296 1539 qua
1315 1465 1403 1523 Deus
1421 1463 1530 1539 diligit
1544 1479 1619 1536 n0s3
1637 1478 1710 1539 quae
1725 1462 1768 1522 sit
1782 1460 1854 1521 lon·

1057 1559 1182 1635 gitudo,
1205 1559 1299 1631 idest,
1326 1560 1495 1622 aeternitas
1518 1562 1554 1621 in
1581 1575 1646 1637 qua
1670 1556 1854 1620 vivificabit

1057 1673 1133 1732 noa,
1157 1673 1230 1734 quae
1249 1657 1292 1718 sit
1311 1657 1507 1731 sublimitas,
1533 1657 1629 1730 idest,
1653 1656 1797 1733 potestas
1815 1654 1852 1715 in

1058 1770 1122 1832 qua
1138 1754 1337 1831 glorificabit
1362 1772 1441 1829 nos3
1467 1755 1553 1831 quod
1578 1755 1622 1816 sit
1640 1753 1851 1831 profundum,

1057 1853 1152 1923 idest,
1168 1854 1332 1929 sapientia
1355 1853 1395 1913 de
1415 1868 1478 1929 qua
1494 1851 1634 1928 replebit
1648 1868 1720 1912 nos.
1736 1849 1852 1911 Habe·

1058 1967 1130 2010 inus
1152 1951 1250 2012 etiam
1273 1966 1331 2027 per
1354 1952 1489 2011 Beatam
1513 1951 1653 2011 Mariam
1677 1948 1854 2008 denarium

1058 2050 1190 2109 aeternae
1219 2047 1457 2118 retributionis,
1485 2050 1517 2108 et
1549 2048 1597 2107 sic
1629 2061 1689 2123 per
1716 2048 1854 2105 Beatam

1058 2146 1199 2206 Mariam
1218 2146 1253 2206 in
1277 2146 1433 2222 praesenti
1448 2144 1606 2204 babemus
1619 2144 1706 2204 dona
1721 2143 1851 2218 gratiae,

1057 2246 1090 2305 et
1102 2243 1136 2303 in
1150 2243 1259 2303 futuro
1275 2243 1362 2303 dona
1377 2243 1520 2303 coelestis
1530 2241 1657 2316 gloriae.
1673 2242 1747 2316 Ipso
1763 2239 1856 2316 adju·

1057 2342 1156 2402 vante
1175 2340 1230 2416 qui
1252 2340 1335 2400 vivit
1361 2340 1394 2402 et
1412 2341 1530 2414 regnat
1551 2342 1638 2401 Deus
1660 2354 1718 2416 per
1740 2336 1854 2397 omnia

1058 2436 1180 2499 saecula
1195 2437 1404 2498 saeculorum.
1414 2441 1529 2498 Amen.

1432 2616 1474 2700 Π

1059 2768 1104 2828 ΙΝ
1131 2768 1460 2830 PURIFIGATIONE
1485 2767 1637 2828 BEATAE
1663 2766 1856 2828 VIRGINIS

1375 2883 1528 2944 MARIAE
1594 2943 1596 2946 .

1097 3026 1286 3099 Postquam
1297 3024 1455 3100 completi
1475 3025 1556 3085 sunt
1574 3026 1647 3085 dies
1668 3023 1853 3098 purgatio-

1058 3125 1114 3184 nis
1125 3126 1252 3185 Murice
1268 3127 1456 3185 secundem
1476 3128 1585 3198 legem
1605 3124 1744 3195 Moysis,
1762 3120 1853 3180 tule-

1057 3225 1138 3282 rvtul
1151 3223 1270 3282 lesum
1282 3224 1319 3281 tc
1328 3224 1522 3282 Jerusalem
1542 3221 1582 3280 ut
1600 3218 1854 3280 sistereuteum

1057 3321 1215 3389 Deeratne,
1231 3320 1320 3380 sicut
1329 3318 1497 3391 scriptu-m
1508 3318 1559 3378 est
1569 3321 1606 3377 in
1617 3322 1690 3392 tepc
1699 3318 1852 3387 Domini,

1058 3413 1854 3489 quodomnemaecuttnumceoperieruvarvam

1057 3514 1216 3573 saccetum
1225 3517 1372 3574 Doattuo
1382 3514 1559 3574 vocabitur
1569 3511 1663 3590 (Luc.
1676 3527 1712 3583 11,
1723 3513 1773 3581 22,
1785 3508 1851 3588 23).

1100 3610 1253 3673 Miranda
1277 3610 1409 3688 quidem
1428 3611 1461 3671 et
1484 3608 1724 3686 quodammodo
1744 3608 1854 3668 minus

1058 3708 1290 3769 convenientia
1305 3708 1339 3769 in
1359 3708 1421 3769 boc
1446 3707 1627 3782 Evangelio
1649 3706 1850 3781 referentum

1057 3805 1223 3879 videlicet,
1246 3807 1332 3884 quod
1347 3805 1469 3867 munda
1491 3805 1663 3881 purgatur,
1680 3803 1767 3880 quod
1782 3818 1856 3863 om-

1058 3908 1150 3968 nium
1163 3906 1258 3966 dator
1272 3905 1378 3974 datur,
1394 3903 1479 3981 quod
1502 3902 1600 3963 bomo
1615 3903 1655 3963 de
1671 3903 1776 3962 morte
1790 3901 1854 3962 lae-

1058 4006 1159 4076 latur,
1174 4001 1279 4063 libera
1303 4001 1369 4075 legi
1389 3999 1578 4076 subjicitur;
1591 3998 1646 4074 qui
1659 3997 1723 4059 sert
1741 3998 1854 4059 omnia

1058 4099 1174 4169 lemur,
1196 4097 1232 4157 in
1256 4095 1436 4173 praesentia
1449 4093 1526 4155 vitae
1542 4107 1631 4153 mors
1646 4092 1852 4167 expectatur.

1058 4196 1122 4257 Sed
1137 4193 1244 4256 tribus
1258 4209 1302 4253 ex
1316 4192 1427 4252 causis
1441 4190 1547 4251 voluit
1561 4188 1683 4250 munda
1699 4189 1852 4266 purgari3

1057 4292 1222 4364 videlicet,
1239 4307 1281 4351 ne
1301 4289 1358 4351 lex
1370 4288 1564 4359 violaretur,
1582 4302 1623 4348 ne
1641 4287 1754 4347 fractae
1769 4284 1855 4361 legis

1057 4390 1301 4460 criminaretur,
1316 4390 1349 4450 et
1363 4386 1533 4447 humilitas
1549 4387 1749 4446 servaretur.
1769 4387 1856 4444 Pur-

1056 4493 1134 4566 gata
1150 4488 1200 4550 est
1214 4487 1255 4548 de
1270 4486 1404 4564 propria
1420 4483 1600 4555 voluntate,
1617 4498 1684 4544 non
1695 4482 1734 4543 de
1749 4481 1855 4542 immi·

1057 4588 1156 4649 nente
1179 4585 1389 4654 necessitate,
1412 4582 1499 4660 quod
1515 4598 1582 4642 non
1603 4584 1676 4642 erat
1696 4596 1854 4641 necessa·
1898 4565 1910 4593 '

1056 4687 1108 4747 ria
1137 4683 1323 4763 purificatio
1351 4681 1406 4741 ubi
1437 4695 1503 4741 non
1533 4679 1751 4756 praecesserat
1779 4693 1856 4738 cor-

1056 4782 1178 4860 ruptio.
1206 4784 1244 4842 ln
1271 4796 1310 4842 eo
1338 4778 1425 4856 quod
1449 4778 1600 4838 Christus
1635 4775 1785 4846 offertur,
1822 4777 1856 4836 et

1057 4880 1203 4942 omnium
1214 4878 1309 4940 dator
1321 4877 1429 4947 datur,
1443 4873 1684 4936 consideranda
1696 4871 1747 4933 est
1761 4872 1856 4947 lega-

1056 4977 1138 5039 lium
1153 4976 1393 5054 praeceptorum
1407 4972 1559 5042 historia,
1574 4972 1610 5032 ut
1622 4986 1665 5030 ex
1677 4971 1726 5030 eis
1738 4969 1856 5030 traba-

1055 5076 1110 5136 tur
1124 5074 1306 5146 moralitaS,
1321 5072 1472 5148 inspecta
1487 5068 1659 5144 allegoria.

200 5188 310 5248 raeque
324 5172 484 5244 adulteri,
507 5187 617 5245 raeque
639 5179 766 5247 molter,
783 5190 1002 5249 aequemus-
1096 5172 1251 5249 Legimus
1274 5171 1310 5231 in
1334 5170 1407 5246 lege
1429 5167 1566 5244 Moysis,
1594 5164 1680 5242 quod
1695 5163 1855 5226 Dominus

200 5271 616 5347 meorumcottcubttorea
632 5274 866 5347 neocaesarea,
892 5289 1001 5348 aegere
1058 5270 1215 5348 praecepit
1240 5268 1320 5329 filiis
1345 5265 1448 5328 lsrael
1473 5265 1509 5325 ut
1532 5262 1652 5324 mulier
1677 5279 1751 5340 quae
1774 5278 1854 5323 sus-

201 5373 314 5443 avcri,
342 5382 451 5443 raeque
471 5370 607 5429 ebriosi.
629 5384 738 5444 aveque
758 5374 1002 5442 maledictae·
1055 5370 1150 5446 cepto
1176 5366 1302 5429 semine
1325 5365 1391 5426 viri
1413 5362 1546 5440 pareret
1568 5361 1762 5430 masculum,
1791 5359 1857 5418 im-

199 5482 265 5541 que
285 5482 431 5542 rapaces
456 5480 604 5542 reputem
622 5469 687 5528 Det
708 5468 1000 5550 cessauerant-(1
1056 5466 1177 5527 munda
1202 5467 1290 5526 esset
1314 5461 1431 5523 diebus
1455 5462 1591 5538 septem,
1616 5460 1649 5519 et
1670 5457 1723 5518 die
1738 5458 1854 5518 octavo

201 5566 275 5626 Cor.
296 5581 342 5637 v1‚
367 5564 413 5644 9).
440 5568 518 5627 Haec
541 5564 655 5627 decem
680 5565 834 5628 mortalia
858 5567 999 5629 crimina
1056 5562 1355 5626 circumdederetur
1383 5574 1476 5637 puer.
1508 5561 1583 5634 Ipsa
1606 5572 1688 5617 vero
1716 5554 1853 5629 triginta

200 5662 405 5725 suntdecom
429 5678 555 5725 cornua
575 5662 703 5735 bestiae,
725 5681 824 5741 quam
840 5665 997 5728 describit
1054 5662 1160 5725 tribus
1184 5658 1299 5721 diebus
1325 5657 1402 5718 aliis
1426 5655 1608 5717 abstineret
1630 5653 1671 5714 ab
1697 5653 1853 5728 ingressu
