3982 6196
830 209 1005 275 HONORII
1028 211 1072 273 111
1094 212 1240 273 orbus.
1815 214 1875 274 ddi

223 218 282 277 607

263 375 410 438 Dilectus
425 373 513 435 tilius
527 374 644 435 cantor
660 370 874 432 suessionen.
892 371 928 432 in
940 386 1021 433 nos·
1073 371 1165 433 dium
1178 373 1289 432 Terra
1305 371 1446 442 Sancta,
1464 385 1525 432 nec
1539 387 1605 432 non
1619 388 1706 433 unus
1720 376 1879 451 conjudi·
1981 434 1982 453 p

224 474 277 536 tra
303 472 481 551 praesentia
509 469 708 532 constitutus
731 468 827 530 nobis
849 467 1021 530 humiliter
1076 485 1152 530 cum
1176 468 1217 530 ad
1238 467 1349 545 partes
1373 467 1458 529 alias
1482 470 1534 531 est
1554 469 1749 543 translatus,
1774 487 1879 534 causa
1981 496 1982 539 1

223 570 426 649 supplicavit
454 571 492 629 ut
517 567 661 628 AElidem
696 565 860 641 virginem
889 569 1020 643 neptem
1075 566 1147 642 ipsa
1162 566 1323 626 remansit
1344 565 1505 627 hactenus
1529 567 1688 628 indecisa.
1714 558 1877 631 Veientes

225 685 331 740 suam,
343 682 417 745 quae
428 666 504 728 voto
517 664 680 727 castitatis
695 663 829 735 emisso,
842 663 877 724 in
893 679 1021 724 monas·
1074 663 1177 738 Igitur
1189 664 1225 723 ut
1240 661 1317 723 finis
1329 661 1442 724 litibus
1457 663 1658 740 imponatur,
1676 665 1875 728 discretioni

225 766 310 827 terio
335 764 446 826 vestro
473 761 534 823 sub
557 761 705 838 regulari
731 761 856 833 habitu,
882 761 1021 822 Domino
1074 762 1194 821 vestrae
1214 773 1274 835 per
1298 759 1488 836 apostolica
1516 760 1639 837 scripta
1663 763 1879 837 mandamus

226 862 397 940 proposuit
421 860 586 931 famulari,
611 860 646 920 in
670 858 848 920 monialem
870 858 904 919 et
927 873 1023 919 soro·
1075 856 1250 933 quatenus,
1268 856 1298 916 si
1319 858 1371 917 est
1385 858 1442 929 ita,
1461 872 1521 919 vos
1543 858 1578 918 in
1600 859 1716 919 eodem
1739 861 1880 935 negotio

224 974 296 1021 rem
321 959 466 1020 vestram
489 958 594 1034 recipi
618 957 813 1018 faceremus.
830 957 899 1017 Nos
919 954 1022 1030 igitur
1071 953 1169 1028 juxta
1181 954 1373 1030 praecedens
1389 954 1643 1030 praedecessoris
1660 957 1767 1017 nostri
1780 973 1879 1017 man-

225 1054 523 1134 supplicationibus
563 1052 710 1132 eJusdem
744 1053 889 1114 cantoris
926 1051 1023 1113 beni·
1076 1049 1199 1120 datum,
1214 1050 1435 1127 appellatione
1450 1053 1588 1124 remota,
1603 1053 1734 1113 ratione
1749 1055 1876 1129 praevia

225 1169 326 1228 gnum
345 1153 572 1230 impertiemus
587 1166 771 1222 assensum,
781 1153 814 1212 et
828 1150 918 1226 pium
935 1165 1023 1225 prae·
1077 1147 1273 1224 procedatis.
1286 1147 1377 1220 Quod
1391 1148 1419 1208 si
1435 1164 1623 1210 nonomnes
1638 1150 1681 1209 iis
1691 1165 1877 1227 exsequen-

226 1250 322 1311 dictae
342 1249 461 1327 puellae
475 1249 679 1326 propositum
705 1248 740 1308 in
766 1246 905 1308 Domino
931 1260 1023 1307 com·
1077 1244 1128 1305 dis
1160 1244 1334 1322 potueritis
1363 1245 1540 1317 interesse,
1566 1245 1632 1307 duo
1658 1249 1807 1307 vestrum
1837 1264 1878 1309 ea

227 1347 434 1420 mandantes,
447 1346 696 1408 universitatem
710 1344 854 1407 vestram
867 1358 1022 1420 rogamus
1077 1340 1296 1402 nihilominus
1316 1346 1552 1419 exsequantur.
1568 1344 1688 1404 Datum
1707 1345 1878 1416 Laterani,

225 1447 258 1507 et
286 1459 457 1506 monemus
487 1444 523 1505 in
562 1444 713 1514 Domino,
741 1456 800 1519 per
831 1440 1022 1517 Apostolica
1077 1439 1121 1499 VI
1144 1437 1305 1499 kalendas
1329 1438 1508 1512 februarii,
1533 1439 1745 1517 pontificatus
1771 1443 1880 1502 nostri

224 1541 319 1603 uobis
347 1541 469 1618 scripta
495 1540 702 1610 mandantes,
729 1539 891 1616 quatenus
918 1536 1023 1598 divini
1078 1550 1166 1596 anno
1182 1536 1338 1596 secundo.

226 1640 350 1700 amoris
369 1639 502 1709 intuitu,
523 1639 556 1698 et
583 1638 772 1697 nostrarum
804 1650 940 1713 precum
965 1632 1025 1695 ob-

225 1738 330 1807 tentu,
360 1736 395 1796 in
426 1750 574 1797 sororem
600 1736 745 1794 vestram
773 1734 807 1793 et
844 1730 1024 1792 monialem

225 1832 436 1893 admittentes
452 1830 612 1897 eamdem,
632 1830 747 1890 mutua
762 1829 868 1905 ipsam
885 1827 1024 1889 caritate

223 1926 384 2000 tractetis,
402 1930 438 1989 ut
450 1928 522 2005 ipsa
534 1928 647 1988 votum
662 1942 758 1987 sunm
778 1925 889 1986 valeat
917 1924 1026 1985 adim-

225 2026 328 2103 plere,
343 2025 504 2102 vobisque
518 2025 558 2085 de
574 2024 764 2100 receptione
792 2022 884 2083 illius
907 2038 1026 2083 cumu-

1397 1706 1559 1793 CXVIII

1108 1864 1159 1923 Ad
1173 1866 1354 1925 Nicolaum
1367 1865 1523 1926 abbatem
1537 1866 1655 1926 scruti
1672 1868 1850 1927 theodosii

1332 1964 1473 2035 musque
1486 1962 1629 2036 tratres.

225 2123 279 2183 lus
299 2123 432 2184 aeternae
457 2120 685 2182 retributionis
709 2119 1024 2181 accrescat.1)atum

226 2219 382 2281 Laterani
412 2219 506 2280 sexto
543 2217 703 2279 kalendas
739 2216 899 2279 februarii
936 2231 1024 2277 anno

227 2316 384 2377 secundo.

265 2414 303 2472 ln
329 2412 481 2473 eumdem
509 2410 642 2472 modum
660 2401 820 2487 scriptum
849 2410 1025 2486 estsuper

227 2508 329 2569 hoc...
360 2507 471 2569 abbati
499 2510 566 2570 et...
597 2508 723 2568 decano
754 2507 860 2567 sancti
889 2505 1024 2568 Vedasti

230 2604 456 2675 suessionem,
473 2605 510 2665 ut
528 2618 585 2664 eos
604 2603 645 2664 ad
670 2602 732 2663 hoc
755 2603 935 2679 prudenter
953 2617 1026 2663 mo-

146 2687 151 2699 ’
226 2700 337 2773 neant,
364 2702 397 2763 et
419 2700 600 2762 esiicuciter
620 2699 777 2761 inducere
805 2714 871 2760 non
897 2702 1026 2776 postpo-

228 2800 319 2860 nant.
348 2798 439 2870 Quod
470 2798 499 2858 si
525 2813 591 2858 non
620 2812 746 2867 omnes,
766 2797 842 2869 etc,
864 2795 928 2856 duo
949 2812 1027 2857 ues-

231 2896 330 2968 trum,
347 2896 409 2958 etc.
426 2897 544 2957 Datum
560 2896 718 2973 utsupra.

558 3091 698 3176 CXVII

227 3243 279 3301 Act
293 3239 451 3300 abbatem
469 3241 510 3300 de
528 3241 626 3299 leto
640 3239 840 3300 &curtensis
858 3238 1023 3309 dioecesis,

268 3338 549 3397 archidiaconum
587 3336 621 3396 et
660 3336 839 3396 calolorem
872 3338 1026 3407 eusdem

267 3434 426 3494 ecclestae.

522 3527 556 3586 27
575 3526 636 3601 iun.
654 3527 733 3585 lile.

335 3651 459 3711 [Menum.
478 3648 612 3713 ilungarim
626 3649 823 3713 bist.uip1.,vl‚
835 3646 902 3715 itm

1368 2091 1403 2148 as
1425 2091 1486 2166 jan.
1510 2092 1589 2149 lilii.

1158 2210 1288 2275 libatum,
1301 2214 1368 2264 bion
1382 2214 1442 2273 hist,
1456 2214 1589 2279 llungeria
1600 2214 1684 2265 illust.
1695 2222 1716 2265 t.
1731 2216 1752 2273 I,
1764 2215 1802 2279 s]

1080 2320 1283 2377 blonasterIum
1309 2320 1403 2378 Sancti
1425 2320 1579 2378 Theodosii
1603 2320 1818 2380 Coenobiarchta
1845 2320 1884 2380 de

1116 2407 1248 2465 baberria
1272 2408 1300 2465 in
1324 2424 1375 2466 sua
1393 2410 1569 2481 protectione
1591 2411 1710 2481 suscipit
1738 2411 1878 2483 pontifex,

1115 2505 1242 2555 statuens
1258 2505 1290 2554 ut
1310 2497 1415 2555 ibidem
1436 2498 1533 2572 regula
1558 2500 1590 2555 Β.
1611 2499 1707 2556 Basilii
1734 2502 1882 2572 perpetuis

1116 2586 1292 2657 temporibus
1299 2586 1482 2657 observelur3
1494 2601 1652 2658 omnesque
1666 2589 1879 2659 possessiones,

1113 2672 1177 2746 jura
1193 2681 1222 2732 et
1236 2674 1384 2748 privilegia
1399 2674 1558 2732 eontlrmat.

1120 2801 1286 2862 Honorius
1301 2801 1475 2878 episcopus
1489 2818 1605 2863 servus
1615 2818 1790 2863 serrorum
1805 2804 1876 2873 Dei,

1081 2896 1201 2959 dilecto
1238 2897 1307 2959 tilio
1352 2898 1492 2960 Nicolao
1534 2898 1646 2960 abbati
1683 2900 1878 2961 monasterii

1082 2995 1882 3075 &TheodosiiCoenobiarchaedeLaberria‚ejus-

1081 3107 1144 3168 que
1159 3091 1317 3153 iratribus
1330 3092 1396 3154 tam
1409 3093 1627 3170 praesentibus
1640 3111 1740 3172 quam
1759 3095 1879 3156 suturis

1080 3189 1267 3266 regularem
1291 3190 1393 3251 uitam
1418 3190 1577 3267 protessis
1606 3190 1640 3251 in
1664 3193 1877 3268 perpetuum,

1081 3287 1221 3347 salutem
1241 3289 1273 3347 et
1290 3288 1512 3364 Apostohcam
1530 3287 1808 3350 benedictionem.

1121 3383 1323 3460 Religiosam
1338 3384 1440 3445 vitam
1453 3385 1662 3460 eligentibus,
1679 3386 1757 3457 etc„
1772 3402 1882 3460 ttsqtte

1081 3479 1251 3557 infringat.
1281 3485 1327 3542 lla
1359 3484 1504 3559 propter,
1534 3482 1647 3544 dilecti
1677 3483 1713 3543 in
1739 3484 1884 3544 Domino

1081 3577 1155 3648 dlii,
1165 3578 1284 3639 vestris
1293 3579 1395 3655 justis
1410 3578 1688 3655 postulationibus
1699 3579 1886 3640 clementer

1081 3673 1271 3746 annuimus,
1288 3676 1320 3737 et
1334 3676 1509 3752 praelatum
1523 3676 1762 3739 monasterium
1776 3678 1883 3738 sancti

229 3765 288 3823 lllis
302 3765 453 3822 committit
465 3780 581 3822 causam
598 3780 662 3838 qum
679 3765 751 3820 inter
775 3748 909 3821 abbatem
919 3762 955 3821 de
971 3764 1027 3820 Piis
1081 3772 1258 3834 Th90d0sfi
1269 3772 1517 3835 coenobjarchae
1530 3774 1571 3835 (10
1583 3773 1755 3845 Lampia,
1768 3776 1804 3834 jn
1819 3791 1883 3852 quo

264 3861 293 3910 et
315 3850 447 3910 abbatem
464 3851 559 3910 Sancti
574 3853 686 3910 blsrtiui
702 3852 737 3909 de
752 3853 899 3910 Pannonia
912 3849 948 3908 dc
962 3851 1025 3924 qui-
1082 3869 1194 3931 divino
1210 3870 1389 3947 manprati
1402 3872 1482 3932 estis
1497 3870 1666 3948 Obsequio,
1681 3872 1758 3943 θη.)
1774 3887 1885 3947 mque

262 3941 382 3999 busdam
393 3941 512 3999 decimis
526 3948 554 3998 et
568 3941 654 3999 rebus
667 3940 729 3998 aliis
744 3942 871 3999 vertitur.
1081 3968 1334 4028 communimus·
1363 3970 1400 4027 In
1434 3968 1551 4044 primis
1583 3968 1765 4045 siquidem,
1805 3972 1883 4037 etc„

268 4069 436 4128 Honorius
450 4068 636 4143 episcopus,
645 4083 761 4127 servus
773 4081 944 4127 servorum
953 4066 1024 4137 Dei,
1080 4079 1188 4138 usqua
1202 4063 1382 4125 secundum
1393 4066 1494 4125 heum
1507 4068 1540 4125 et
1554 4064 1644 4126 beati
1656 4065 1776 4126 Basilii
1789 4081 1886 4141 regu·

229 4164 359 4225 dilectIs
372 4163 450 4224 tiliis
462 4161 570 4225 abbati
584 4163 624 4224 de
639 4162 745 4234 Libin,
758 4163 930 4224 Geuriens.
943 4162 1027 4222 dioe-
1081 4159 1147 4220 lam
1163 4160 1196 4220 in
1206 4160 1321 4221 eodem
1330 4161 1544 4232 monasterio,
1561 4164 1758 4236 oleamque
1773 4162 1886 4223 obser·

230 4261 327 4330 cesis,
352 4259 599 4330 archidiacono,
623 4262 656 4320 et
682 4260 810 4320 cantori
838 4258 1024 4331 Gaurionsi,
1081 4258 1187 4317 vetur.
1226 4259 1383 4318 Preterea
1424 4273 1651 4335 quascumque
1692 4260 1885 4335 possessio-

230 4359 372 4419 salutem
387 4357 421 4417 et
435 4354 650 4432 apostolicam
662 4355 938 4417 benedictionem.
1081 4370 1150 4424 nes,
1182 4354 1257 4425 eto,
1287 4370 1393 4428 tuque
1419 4354 1546 4416 illibata
1574 4360 1805 4432 permaneant.
1831 4360 1884 4445 ‘ln

268 4453 386 4515 Dilecti
415 4452 476 4513 tilii
500 4451 602 4512 abbas
639 4452 672 4513 et
703 4453 884 4513 conventus
918 4455 1026 4515 sancti
1081 4450 1198 4527 quibus
1222 4450 1306 4523 llaec,
1333 4452 1409 4522 etc,
1432 4466 1540 4525 vidue
1559 4451 1745 4523 V0⁰ab111182
1771 4454 1882 4517 locum

229 4550 363 4613 Martini
389 4550 429 4611 de
458 4549 631 4610 Pannonia
660 4564 720 4609 sua
746 4547 842 4609 nobis
868 4550 1026 4626 petitione
1081 4549 1201 4625 ipsum,
1214 4548 1249 4608 in
1259 4565 1324 4624 quo
1339 4548 1512 4624 praelatum
1526 4550 1765 4611 monasterium
1780 4552 1881 4614 situm

229 4648 466 4717 monstrarunt,
478 4647 564 4725 quod
576 4662 649 4707 cum
663 4645 771 4708 felicis
785 4646 1025 4708 recordationis
1081 4646 1141 4713 est,
1166 4661 1241 4707 cum
1263 4644 1415 4707 omnibus
1438 4647 1647 4723 pertiuentiis
1676 4648 1765 4723 suis3
1793 4650 1881 4726 apud

229 4745 442 4807 Innocentius
458 4760 543 4822 papa
558 4744 787 4821 praedecessor
806 4745 920 4806 noster
946 4760 1026 4805 cau·
1081 4742 1355 4819 Hierosolymam,
1372 4743 1546 4805 ecclesiam
1566 4745 1674 4805 sancti
1697 4745 1880 4807 Theodosii

229 4859 312 4914 sam,
329 4841 662 4921 quaeinteripsosex
682 4842 866 4918 parteuna,
882 4840 1027 4902 etabba-
1081 4856 1155 4900 cum
1181 4840 1338 4916 hospitali
1374 4842 1407 4902 et
1439 4841 1622 4918 apothecis
1652 4844 1687 4903 et
1722 4842 1822 4904 furno
1851 4847 1884 4905 et

228 4942 295 5002 tem
308 4955 347 5000 ac
363 4938 542 5000 monachos
558 4939 598 4999 de
611 4938 681 4998 Plis
696 4938 1027 5000 cisterciensisordi-
1080 4935 1201 5011 vineis3
1219 4937 1252 4997 in
1267 4936 1394 4998 dnobus
1413 4939 1625 5000 monasteriis
1640 4940 1750 5001 sancti
1773 4942 1882 5003 loan-

228 5037 281 5098 nIs
295 5035 551 5113 vesprimiensis
566 5034 719 5096 dioecesis
736 5052 780 5096 ex
791 5035 909 5106 altera,
926 5051 1026 5112 super
1081 5034 1132 5093 nis
1147 5035 1302 5111 Baptistae
1317 5036 1351 5097 et
1364 5037 1469 5098 sancti
1481 5036 1615 5111 Georgii
1630 5036 1717 5113 apud
1733 5038 1883 5100 Ramelae

229 5132 425 5213 quibusdam
440 5132 577 5194 decimis
598 5133 632 5194 et
659 5131 757 5193 rebus
783 5132 860 5193 aliis
884 5133 1025 5194 vertitur
1079 5133 1201 5206 terras3
1218 5132 1305 5209 apud
1321 5132 1464 5194 Schalon
1481 5134 1587 5194 terras
1606 5134 1639 5195 et
1659 5134 1777 5196 vineas
1805 5152 1883 5196 cum

228 5230 413 5295 venerabili
427 5229 522 5291 tratri
537 5229 692 5306 episcopo
716 5229 889 5291 Geuriensi
906 5232 938 5291 et
952 5232 1025 5306 ejus
1080 5228 1252 5306 hospitali;
1277 5231 1371 5292 extra
1403 5230 1524 5292 ,latiam
1564 5231 1743 5292 ecclesiam
1774 5234 1884 5294 sancti

229 5329 367 5406 collegis
378 5325 842 5398 commiseritterminandam,
852 5329 922 5390 tum
931 5342 1026 5404 prop·
1078 5328 1184 5396 lona,
1198 5328 1233 5388 et
1245 5326 1337 5389 intus
1349 5327 1531 5405 apothecas
1555 5328 1588 5389 et
1615 5327 1781 5405 hospitale
1807 5346 1884 5391 cum

228 5427 280 5488 ter
295 5413 504 5488 mandatoris
517 5425 667 5497 mortem,
684 5425 753 5486 tum
774 5425 852 5502 quia
868 5424 1024 5502 praetatus
1078 5423 1177 5485 vinea
1188 5439 1326 5500 magna,
1341 5423 1424 5486 duas
1439 5441 1541 5486 naves
1560 5425 1684 5486 liberas
1700 5442 1761 5503 per
1776 5428 1884 5489 totum

230 5522 406 5599 episcopus
436 5521 670 5586 transfretasse
701 5522 823 5585 dicitur
850 5539 886 5584 1n
915 5521 1025 5583 subsi·
1080 5537 1171 5582 mare
1186 5520 1272 5597 apud
1284 5521 1416 5597 latiam3
1431 5522 1651 5584 obedientiam
1671 5524 1759 5601 apud
1772 5525 1881 5598 Zerel,
