3968 6204
138 287 176 349 53
541 283 580 343 V.
599 310 640 326 -
660 280 708 341 IN
728 278 1027 341 ASSUMPTIONE
1051 278 1204 340 BEATAE
1234 278 1397 341 MARIAE.
1764 277 1804 338 54

139 443 256 523 spiritu
271 443 308 505 et
323 441 475 505 veritate
487 443 559 505 reri
569 442 667 520 atque
679 441 810 504 veracis
820 438 951 501 Domini

140 557 212 605 sese
239 539 448 617 profiteatur
471 541 638 609 ancillam,
656 539 860 610 desiderans,
876 554 953 614 spe-

142 656 218 702 rans
233 643 268 700 et
282 640 467 716 postulans
491 639 564 700 fieri
587 638 651 699 sibi
673 637 853 699 secundum
870 652 950 697 rer-

140 738 215 799 bum
225 737 472 814 promissionis
486 740 570 815 ejus.

177 835 273 897 Unde
293 834 445 912 legimus
458 834 545 912 quod
565 834 631 895 tria
653 831 820 893 mirabilia
842 830 950 892 mira-

140 933 255 994 bilium
269 934 371 994 actor
393 934 551 1010 operatus
574 932 625 993 θεῖ
645 931 681 991 in
702 930 804 991 Beata
828 929 948 991 Maria.

141 1031 376 1107 integritatem
409 1030 582 1091 munditiae
613 1028 811 1090 mirabiliter
843 1029 951 1089 susci-

141 1129 232 1199 tarit,
262 1129 302 1189 ut
326 1144 409 1190 arca
437 1128 641 1189 Testamenti
665 1143 747 1188 auro
769 1126 950 1204 purissimo

143 1227 334 1304 tegeretur3
363 1227 544 1304 puritatem
570 1225 757 1300 virgineam
783 1224 951 1301 potentia-

140 1325 217 1387 liter
230 1324 455 1398 foecundavit,
472 1325 509 1386 ut
521 1324 625 1385 rubus
639 1324 761 1385 ardens
777 1339 844 1383 non
859 1339 951 1384 com·

140 1423 341 1497 bureretur;
359 1424 427 1485 ima
442 1422 596 1499 supernis
611 1420 828 1482 ineffabiliter
842 1436 949 1497 copu-

140 1522 239 1593 lavit,
277 1523 317 1584 ut
353 1521 445 1582 scala
476 1520 580 1583 Jacob
616 1519 782 1581 mediante
816 1520 949 1581 terrena

140 1619 337 1681 caelestibus
365 1619 560 1680 unirentur:
583 1618 661 1679 Tria
686 1616 782 1679 nobis
811 1616 950 1679 contulit

142 1718 345 1783 ioecunditas
380 1719 492 1779 Beatae
527 1717 654 1778 Mariae.
676 1716 807 1778 Avertit
833 1718 949 1792 jugum

142 1816 350 1892 captivitatis
366 1815 533 1891 antiquae;
549 1814 677 1875 remisit
688 1814 774 1877 iram
788 1814 948 1889 indigna-

141 1914 245 1977 tionis
257 1914 403 1988 diriuae3
420 1912 543 1974 delevit
557 1914 667 1974 notam
682 1911 869 1989 iniquitatis
884 1911 950 1971 hu-

141 2026 262 2073 manae.

181 2108 343 2186 Sequitur
360 2108 488 2169 :Beata
511 2107 618 2168 Maria
642 2105 705 2168 fuit
727 2106 829 2168 turris
852 2105 950 2167 lorti·

140 2207 280 2279 tudinis,
295 2206 385 2282 qnod
397 2206 483 2267 nihil
497 2205 602 2283 potuit
613 2205 770 2267 inimicus
785 2204 949 2281 proficere

141 2306 250 2366 inea.
277 2304 374 2367 Unde
397 2304 458 2366 tali
483 2303 579 2366 modo
601 2304 709 2381 potest
724 2303 861 2365 formari
877 2303 949 2365 haec

141 2403 324 2464 salutatio:
341 2406 411 2464 Ave
427 2403 538 2478 gratia
557 2402 666 2479 plena,
682 2418 743 2463 are
759 2402 862 2463 turris
879 2400 949 2463 for-

140 2501 306 2563 titudinis.
319 2504 366 2562 De
388 2516 454 2577 qua
466 2501 551 2562 turri
572 2501 730 2561 Salomon
750 2498 785 2559 in
802 2499 947 2561 canticis

142 2600 356 2661 canticorum
382 2621 390 2659 :
417 2599 514 2661 Sicut
545 2600 658 2660 turris
682 2601 795 2660 David
827 2600 947 2659 cottum

142 2698 255 2770 tuum,
279 2712 357 2771 qum
377 2696 549 2769 edificata
569 2698 622 2758 cst
643 2712 723 2759 cum
744 2710 948 2771 propenso-

141 2799 224 2857 cults
248 2798 352 2867 suts;
379 2798 471 2856 mille
502 2798 610 2870 clupei
636 2796 787 2868 pendero
814 2810 862 2856 cco
889 2808 944 2855 cc,

141 2896 251 2956 omrrts
284 2894 473 2954 arrectiora
499 2893 645 2967 sortiunt
682 2890 789 2971 (Cant.
820 2908 868 2965 1v,
899 2893 945 2974 4).

141 2992 209 3051 Hoc
234 2989 358 3052 dicitnr
381 2989 423 3050 ad
447 3005 615 3066 sponsam,
638 2989 726 3052 idest
747 2990 944 3065 Ecclesiam,

140 3091 234 3165 cujus
258 3087 359 3165 capnt
381 3089 434 3149 est
456 3087 616 3160 Christus,
643 3088 792 3153 membra
816 3089 945 3163 fideles,

142 3187 262 3249 conum
279 3188 381 3248 Beata
396 3185 515 3254 Maria,
531 3186 628 3263 quod,
646 3187 733 3251 sicut
744 3203 804 3263 per
824 3187 946 3249 collum

141 3287 240 3362 caput
262 3284 420 3362 juugitur
446 3282 619 3356 membris,
647 3284 695 3345 ita
722 3300 782 3361 per
808 3286 945 3347 Beatam

141 3385 284 3445 Mariam
312 3380 506 3443 hominibus
528 3382 681 3458 jungitur
714 3385 814 3443 Deus,
842 3385 945 3447 Beata

140 3482 246 3542 Maria
272 3480 338 3541 suit
369 3480 456 3541 sicut
481 3479 584 3540 turris
609 3478 704 3541 sortis
733 3480 888 3543 videlicet
912 3484 947 3545 et

139 3578 440 3657 inexpugnabnlis,
465 3577 628 3641 aedificata
654 3594 729 3639 cum
755 3596 944 3657 propugna-

140 3678 224 3739 culis
244 3678 329 3749 suis,
345 3677 441 3748 idest,
456 3676 650 3752 angelorum
663 3677 841 3753 praesidiis.
852 3678 945 3741 Mille

140 3776 248 3853 clypei
263 3774 410 3852 pendent
429 3789 473 3835 ex
489 3789 538 3845 ea,
553 3773 649 3845 idest,
667 3774 772 3834 multa
795 3776 942 3852 prophe-

139 3873 247 3933 tarum
271 3870 464 3933 testimonia
484 3870 611 3947 in'ipsa
626 3870 659 3932 et
673 3870 852 3949 peripsam
866 3873 944 3934 sunt

139 3968 941 4044 consummata.0mnisarmaturafortiumidest,

140 4068 246 4130 omnis
256 4067 366 4130 virtus
378 4067 580 4138 sauctorum,
595 4067 681 4143 quod
694 4069 728 4128 et
740 4083 854 4130 omnes
870 4086 944 4146 pro·

138 4165 247 4242 phetae
255 4165 308 4225 illi
317 4163 542 4227 testimonium
551 4165 776 4238 reddiderunt,
787 4167 942 4229 etomnes

136 4264 279 4325 virtutes
307 4263 342 4323 in
367 4262 426 4323 illa
450 4262 547 4339 quasi
568 4277 661 4325 arma
685 4262 829 4327 fuerunt.
848 4266 942 4326 Unde

137 4362 261 4423 missus
285 4360 328 4421 ad
352 4375 427 4421 eam
450 4360 679 4437 archangelus
699 4361 941 4424 officiosissime

137 4460 235 4536 atque
264 4458 479 4519 devotissime
506 4458 738 4521 salutationem
766 4460 940 4536 praemisit.

138 4556 276 4618 Plenam
291 4556 409 4632 gratiae
424 4555 608 4617 nominavit
622 4556 735 4619 dicens
753 4579 760 4619 :
776 4562 849 4621 Aac
862 4575 942 4635 pra-

138 4656 186 4717 tia
203 4661 320 4728 pleno,
343 4656 513 4715 Dominus
535 4655 658 4715 lacuna.

174 4754 257 4813 Item
280 4754 384 4813 Beata
399 4751 508 4812 Maria
529 4751 580 4812 est
601 4752 717 4814 domus
740 4754 937 4827 sanctitatis

137 4851 222 4912 sicut
240 4850 325 4911 dicit
343 4849 468 4911 David:
484 4852 703 4924 chtcbtmur
716 4854 753 4911 tn
769 4855 863 4914 bonis
874 4857 938 4914 do·

136 4964 212 5011 mus
222 4950 311 5019 turm
323 4949 484 5008 sunctum
497 4948 549 5008 cst
563 4950 727 5021 templum
742 4950 850 5023 trium,
866 4955 937 5013 mt-

136 5050 240 5109 robtle
264 5050 303 5107 in
322 5045 487 5119 equitate
501 5043 607 5123 (Psal.
629 5060 721 5118 nmv,
740 5045 785 5125 5).
807 5048 938 5111 Fideles

136 5145 306 5222 replentur
334 5143 432 5205 bonis
459 5143 576 5204 domus
610 5144 758 5214 Domini,
785 5147 871 5222 quod
897 5150 938 5209 de

1005 438 1148 515 Domini,
1169 436 1289 515 etipsa
1304 436 1419 498 domus
1434 434 1566 498 Domini
1580 435 1631 498 est
1643 434 1803 513 templum

1006 537 1174 608 sanctum,
1200 536 1370 608 videlicet,
1399 533 1440 596 ab
1469 533 1677 595 immunditia
1705 534 1803 610 peni-

1005 636 1058 697 tus
1071 635 1227 696 alienum.
1240 634 1393 695 Mirabile
1407 633 1442 693 in
1453 632 1619 710 aequitate.
1628 633 1802 710 AEcquitas

1006 734 1057 794 est
1075 749 1117 793 ex
1140 748 1234 810 aequo
1256 747 1317 792 sua
1333 732 1450 808 cuique
1469 730 1625 803 tribuere,
1648 731 1681 792 et
1701 731 1804 792 Beata

1005 832 1112 892 Maria
1128 831 1249 893 dicitur
1260 829 1417 906 templum
1430 828 1584 891 mirabile
1597 831 1633 890 iu
1648 829 1803 907 aequitate

1005 930 1103 1007 qnod,
1120 932 1187 990 Deo
1210 928 1417 990 inhabitante
1439 929 1473 989 et
1493 928 1651 1004 operante
1667 927 1701 989 in
1715 928 1801 1004 ipsa,

1005 1044 1066 1088 sua
1081 1027 1198 1089 tribuit
1217 1029 1295 1099 Deo,
1316 1026 1441 1103 pariter
1459 1026 1588 1102 angelis
1610 1027 1643 1087 et
1657 1025 1804 1087 homiui-

1005 1125 1078 1186 bus,
1104 1128 1172 1187 Deo
1192 1123 1311 1186 tribuit
1329 1125 1474 1185 animam
1497 1125 1529 1185 et
1547 1139 1666 1200 corpus
1688 1140 1802 1198 suum;

1005 1223 1135 1300 angelis
1145 1223 1363 1299 repletionem
1375 1222 1559 1283 coelestium
1576 1222 1716 1291 sedium,
1728 1238 1802 1299 quae

1004 1320 1238 1383 remanserant
1263 1336 1378 1381 vacuae
1411 1319 1624 1397 peccantibus
1652 1319 1800 1395 angelis3

1005 1418 1195 1480 homiuibus
1209 1418 1352 1479 reddidit
1364 1418 1566 1495 paradisum.

1044 1516 1209 1577 Mirabilis
1229 1518 1281 1578 θεῖ
1299 1532 1378 1593 ergo
1392 1516 1494 1578 Beata
1509 1515 1617 1577 Maria
1635 1514 1671 1574 in
1691 1514 1801 1591 aequi·

1003 1614 1083 1687 tate,
1101 1614 1187 1691 qnod
1207 1630 1266 1691 per
1281 1613 1387 1691 ipsam
1402 1614 1435 1677 et
1453 1614 1604 1676 coelestes
1624 1613 1719 1674 sedes
1740 1627 1801 1673 re-

1004 1713 1146 1789 plentur,
1168 1714 1202 1774 et
1220 1710 1371 1774 homines
1394 1711 1547 1789 paradiso
1566 1710 1750 1772 redduntur
1769 1710 1803 1770 et

1004 1810 1170 1871 daemones
1195 1811 1422 1871 conteruntur.
1447 1812 1518 1871 Hoc
1541 1809 1623 1870 satis
1649 1806 1803 1868 mirabile

1004 1910 1055 1970 est
1069 1908 1142 1969 lieri
1157 1925 1217 1986 per
1232 1925 1332 1969 unam
1347 1907 1502 1985 puellam,
1520 1907 1625 1968 sedin
1640 1906 1684 1967 iis
1699 1906 1805 1967 atten-

1004 2007 1112 2068 dimus
1127 2007 1318 2083 operantem
1338 2007 1397 2067 Dei
1412 2006 1604 2083 potentiam.
1622 2005 1715 2065 Unde
1734 2006 1804 2064 An-

1003 2104 1098 2183 gelus
1115 2120 1321 2180 cognoscens
1335 2104 1428 2176 talia,
1445 2119 1519 2164 eam
1533 2102 1803 2165 reverentissime

1005 2202 1162 2264 salutarit
1174 2202 1287 2264 dicens
1301 2224 1308 2262 z
1322 2205 1395 2264 Ace
1409 2202 1526 2278 pretio
1535 2206 1690 2274 picam...

1385 2452 1421 2538 V

1003 2640 1135 2700 I.-IN
1156 2639 1456 2700 ASSUMPTIONE
1477 2639 1628 2699 BDATAE
1649 2638 1802 2698 MARIAE

1297 2745 1499 2806 VIRGINIS.

1043 2897 1196 2959 Intravit
1208 2898 1309 2957 Jcsus
1323 2899 1361 2956 tn
1379 2897 1550 2969 quoddam
1567 2894 1753 2965 castellum,
1767 2895 1803 2955 ct

1001 2997 1127 3055 multer
1146 2996 1304 3067 quaedom
1331 2994 1473 3054 Martha
1497 2995 1637 3053 rzomtnc
1664 2993 1802 3066 accepit

1001 3094 1096 3153 illum
1110 3095 1147 3153 tn
1161 3095 1302 3154 domum
1315 3106 1417 3153 soom
1431 3090 1525 3169 (Luc.
1541 3106 1575 3162 x,
1592 3087 1658 3168 38).

1042 3189 1132 3251 Solet
1146 3190 1251 3266 qnaeri
1266 3188 1493 3267 aquibusdam
1504 3203 1607 3266 quare
1624 3188 1687 3247 hoc
1700 3202 1798 3248 evan·

1001 3287 1124 3362 gelium
1137 3287 1259 3362 legitur
1268 3286 1301 3347 in
1310 3287 1543 3364 assumptione
1549 3286 1660 3348 Beatae
1669 3284 1797 3356 Mariae,

1001 3401 1075 3446 cum
1088 3401 1155 3447 non
1169 3385 1322 3447 videatur
1337 3386 1378 3446 ad
1391 3386 1483 3446 illam
1498 3384 1676 3461 pertinere.
1694 3382 1758 3443 Sed
1771 3383 1800 3443 si

1001 3482 1178 3559 diligenter
1192 3484 1412 3556 attendamus,
1432 3484 1546 3560 aperta
1560 3482 1701 3544 veritate
1715 3497 1799 3556 cog-

1000 3581 1178 3654 noscimus,
1209 3582 1311 3660 quod,
1338 3581 1495 3659 quidquid
1524 3581 1647 3642 dicitur
1671 3580 1707 3640 iu
1735 3580 1799 3639 hoc

998 3680 1184 3756 evangelio,
1209 3680 1314 3741 totum
1338 3697 1398 3757 per
1419 3680 1614 3757 mysterium
1640 3676 1795 3739 convenit

998 3779 1109 3839 Beatae
1122 3779 1264 3855 Virgini.

1038 3876 1190 3937 latravit
1214 3880 1316 3937 Jcsos
1341 3878 1378 3936 tn
1406 3877 1574 3949 quoddam
1609 3871 1796 3933 castellnm.

997 3972 1099 4033 Beata
1122 3973 1229 4035 Maria
1250 3974 1302 4034 est
1318 3972 1503 4044 castellum,
1524 3971 1560 4032 in
1576 3985 1640 4048 quo
1659 3969 1798 4030 intravit

996 4071 1014 4130 J
1017 4084 1105 4144 esus,
1119 4072 1250 4149 quando
1265 4071 1441 4132 inclinavit
1454 4070 1554 4131 coelos
1570 4069 1603 4130 et
1614 4066 1795 4138 descendit,

997 4172 1092 4245 idest,
1121 4170 1252 4248 quando
1277 4169 1423 4231 Verbum
1446 4183 1524 4229 caro
1545 4168 1668 4229 factum
1690 4166 1741 4227 est
1764 4165 1797 4226 et

997 4269 1160 4332 habitarit
1180 4269 1216 4329 in
1240 4266 1347 4338 nobis,
1365 4267 1451 4327 sicut
1464 4266 1611 4341 Angelus
1630 4264 1681 4325 illi
1703 4280 1794 4341 prae-

997 4368 1146 4429 dixerat:
1171 4368 1325 4441 Sptrc'tus
1347 4364 1495 4425 Sarwtus
1515 4362 1738 4436 superveniet
1759 4365 1796 4422 in

997 4468 1041 4537 tc,
1051 4467 1085 4525 ct
1097 4465 1212 4526 virtus
1221 4463 1390 4525 altissimi
1398 4460 1609 4521 obtenebrabit
1623 4460 1691 4519 ttbi.
1703 4460 1797 4524 ormo

995 4563 1159 4624 irascetur
1183 4576 1230 4623 cm
1249 4562 1282 4621 tc
1308 4560 1481 4629 soractem,
1505 4557 1685 4618 vocabitur
1702 4557 1795 4628 fitius

994 4665 1059 4722 Dei
1074 4659 1168 4739 (Luc.
1184 4675 1207 4731 1,
1224 4657 1289 4737 35),
1307 4659 1343 4718 ut
1358 4658 1444 4717 sicut
1458 4671 1518 4732 per
1531 4654 1689 4714 seminam
1704 4667 1792 4712 mors

994 4757 1132 4819 intrarit
1143 4757 1178 4817 in
1194 4755 1319 4823 orbem,
1333 4755 1380 4815 ita
1395 4769 1455 4830 per
1469 4752 1641 4812 mulierem
1655 4750 1725 4811 vita
1738 4766 1795 4810 re-

994 4856 1081 4916 diret
1095 4854 1129 4915 in
1145 4853 1269 4914 orbem.
1285 4852 1323 4912 nt
1335 4851 1409 4912 ideo
1425 4849 1512 4926 quod
1528 4848 1696 4910 damnavit
1711 4850 1791 4921 Eva,

994 4954 1137 5014 salvavit
1150 4951 1268 5022 Maria,
1280 4950 1316 5010 ut
1324 4949 1410 5010 unde
1418 4964 1507 5008 mors
1521 4947 1701 5019 oriebatur,
1715 4947 1795 5007 inde

992 5051 1062 5113 rita
1081 5050 1281 5125 resurgeret.
1301 5051 1376 5124 ipsa
1393 5061 1535 5123 namque
1549 5046 1601 5107 est
1619 5046 1792 5107 castellum

994 5149 1120 5209 Summi
1137 5148 1249 5223 Regis,
1266 5145 1353 5224 quod
1372 5145 1435 5206 suit
1448 5144 1681 5221 praemunitum
1694 5157 1793 5217 ange

135 5243 343 5321 plenitudine
353 5241 473 5317 gratiae
487 5241 633 5317 quaefuit
644 5243 678 5303 in
691 5243 810 5314 Maria,
824 5260 937 5307 omnes
991 5247 1100 5307 lorum
1117 5245 1287 5308 custodiis
1312 5246 1350 5304 ln
1367 5243 1431 5303 hoc
1449 5242 1516 5303 tam
1537 5241 1639 5302 nobili
1655 5238 1790 5299 castello

135 5341 337 5419 accepimus.
354 5342 440 5401 Nam
456 5339 485 5399 si
501 5340 608 5401 omnis
624 5340 793 5417 plenitudo
809 5343 936 5404 divini-

135 5440 210 5502 tatis
221 5441 254 5502 et
266 5439 386 5516 gratiae
399 5439 435 5498 in
450 5438 592 5510 Christe,
610 5439 643 5500 et
653 5439 804 5501 Christus
819 5439 854 5500 in
869 5444 937 5504 Ma-

136 5539 193 5609 ria,
207 5537 319 5599 omnis
335 5535 511 5613 plenitudo
526 5535 709 5598 divinitatis
725 5538 757 5598 et
768 5540 885 5613 gratiae
901 5541 935 5601 in

992 5344 1062 5416 Dei,
1079 5344 1159 5406 licet
1172 5343 1277 5405 multa
1291 5342 1467 5403 rideantur
1482 5337 1703 5407 admirabilia,
1713 5352 1792 5412 qua·

991 5444 1197 5504 tuortamen
1212 5442 1332 5504 vestroe
1352 5437 1554 5500 fraternitati
1575 5434 1792 5512 proponimus

991 5541 1200 5612 attendenda,
1215 5538 1370 5601 videlicet
1381 5552 1510 5596 murum
1524 5535 1556 5596 et
1566 5533 1786 5603 antemurale,

135 5637 249 5701 llaria.
273 5634 421 5699 Proinde
436 5632 641 5710 replebimur
653 5634 689 5696 in
707 5635 804 5696 bonis
818 5638 934 5699 domus
989 5641 1113 5701 turrem
1129 5641 1162 5699 et
1173 5636 1432 5715 propugnacula.
