3958 6204
131 277 194 341 197
408 276 510 339 XVII.
523 304 565 322 -
578 275 623 337 IN
645 274 897 338 NATIVITATE
918 274 1067 338 SANCTI
1085 275 1265 339 JOANNIS
1285 276 1515 339 BAPTISTAE.
1723 280 1791 341 198·

129 438 181 513 est
209 436 245 497 in
271 430 453 513 allegoria.
479 425 632 497 molinet
658 433 746 495 enim
775 433 931 496 Ecclesiae
985 433 1103 513 ipsius,
1119 435 1152 497 et
1166 433 1293 497 devotis
1315 434 1520 499 orationibus
1544 438 1577 501 et
1592 438 1702 501 coenat
1723 437 1786 503 illa

130 532 392 602 sacramentum,
408 532 506 594 tidem
521 533 554 594 et
569 531 711 610 gratiam
722 531 930 609 populorum.
985 534 1147 605 cumbae,
1158 532 1424 610 quiadelectatur
1434 534 1784 612 spiritualidulcedine

130 629 302 693 Elisabeth
315 629 487 705 significat
500 629 650 689 sanctam
665 628 846 689 Ecclesiam
854 642 932 703 qua·
987 628 1101 705 ipsius,
1125 630 1210 706 quod
1233 629 1375 693 faciebat
1397 632 1514 703 David,
1539 649 1614 694 cum
1630 632 1780 695 diceret:

129 729 201 790 tuor
220 727 263 787 de
293 723 429 802 causis3
457 722 564 803 prima
585 741 606 786 a
625 725 769 796 nomine,
786 723 930 785 secunda
986 727 1095 791 Quom
1103 727 1783 803 mapinmutuuaooutceumtscuano·

127 842 147 887 a
165 825 437 895 conversatione,
454 823 771 894 tertiaasenectute,
783 821 930 900 quartaa
984 825 1077 885 uctue
1093 821 1163 902 (Ps.
1179 825 1228 896 30,
1245 823 1310 903 20).
1330 825 1424 886 Unde
1450 826 1554 888 isaias
1571 844 1579 886 :
1595 831 1732 906 sepem,
1744 831 1782 889 tu

128 922 288 984 diuturna
303 917 495 983 sterilitate.
984 918 1106 982 decore
1119 934 1181 983 suo
1194 922 1365 994 videbunt,
1375 923 1409 985 ct
1424 923 1559 1007 terram
1572 931 1701 1003 alonge
1710 940 1783 987 ccr-

165 1022 191 1081 A
215 1019 370 1091 nomine,
396 1019 474 1096 quia
495 1014 665 1079 Elisabeth
691 1015 931 1094 interpretatur
984 1017 1067 1079 ueut
1089 1021 1177 1080 ocutt
1191 1021 1265 1092 cius
1289 1015 1781 1101 (Is.xsxv111,17).QuiDeum

127 1117 184 1178 Dei
200 1115 269 1179 mei
295 1116 469 1177 saturitas.
487 1116 524 1176 ln
539 1130 603 1192 quo
622 1113 830 1191 significatur
844 1112 930 1191 quod
985 1115 1073 1176 recte
1087 1115 1212 1187 vident,
1225 1116 1348 1178 terram
1362 1133 1382 1178 a
1396 1118 1494 1195 longe
1510 1117 1661 1191 cernunt,
1682 1120 1778 1193 idest,

129 1214 276 1277 Ecclesia
300 1213 404 1275 satiat
424 1212 591 1279 Christum
611 1210 708 1273 bonis
720 1210 886 1289 operibus,
898 1210 931 1272 et
984 1210 1095 1275 omnia
1109 1215 1244 1275 terrena
1257 1214 1452 1292 despiciunt.
1467 1219 1547 1290 Quae
1563 1217 1652 1279 enim
1664 1216 1780 1295 despi-

129 1310 255 1373 desotis
269 1310 494 1379 orationibus,
515 1310 548 1370 et
562 1309 736 1371 satiatura
751 1308 882 1370 Christo
894 1308 930 1369 in
984 1310 1127 1384 ciuntur,
1143 1310 1278 1388 alonge
1293 1312 1402 1375 videri
1415 1313 1533 1377 solent.
1549 1314 1654 1377 isaias
1664 1316 1779 1377 nomi·

128 1408 287 1486 praesenti
307 1408 459 1484 tempore
478 1406 573 1469 donis
592 1405 835 1483 spiritualibus,
852 1405 930 1467 etin
984 1407 1077 1470 navit
1099 1423 1212 1485 regem
1240 1409 1408 1471 Christum
1426 1427 1525 1488 quem
1543 1410 1728 1474 videbimus
1743 1412 1780 1473 in

127 1505 237 1568 tuturo
262 1504 399 1581 gaudiis
420 1503 621 1565 coelestibus
645 1502 793 1564 Ecclesia
809 1502 930 1564 dicitur
985 1504 1103 1566 decore
1133 1521 1204 1578 suo,
1234 1502 1332 1579 idest,
1357 1507 1392 1569 in
1418 1508 1571 1571 claritate
1595 1508 1781 1575 divinitatis

61 1606 65 1611 '
127 1602 278 1679 pluribus
295 1601 414 1673 modis,
429 1600 487 1662 sed
502 1616 561 1678 per
571 1599 767 1663 brevitatem
782 1599 823 1662 ad
838 1614 928 1679 proe·
985 1617 1064 1675 suas,
1091 1603 1176 1665 sicut
1197 1603 1320 1681 legitur
1337 1605 1374 1667 in
1392 1608 1572 1684 Evangelio
1590 1630 1598 1669 ε
1615 1610 1699 1669 Cum
1716 1622 1779 1669 ce-

127 1715 206 1762 sens
228 1698 429 1761 omittimus.
453 1697 601 1759 Ecclesia
619 1697 684 1759 ista
705 1697 826 1760 dicitur
844 1712 929 1758 con·
984 1701 1076 1760 lusu
1112 1701 1205 1773 littus
1244 1706 1393 1764 lsomtuts
1431 1708 1469 1765 tu
1501 1706 1684 1779 umectata
1714 1719 1780 1765 saco

131 1797 285 1873 gregatio
313 1794 474 1857 fidelium.
510 1796 601 1856 Tunc
631 1793 754 1855 dicitur
780 1793 930 1856 Ecclesia
986 1795 1116 1874 (Matth.
1127 1814 1206 1869 xxv,
1218 1796 1283 1877 31),
1300 1798 1398 1871 idest,
1411 1801 1447 1860 in
1461 1798 1569 1876 gloria
1584 1817 1653 1862 suae
1662 1800 1782 1861 divini-

126 1892 345 1970 congregatio
361 1892 520 1964 fidelium,
536 1890 668 1969 qtmndo
684 1891 763 1954 boni
778 1891 939 1965 homines
983 1893 1072 1954 tatis.
1093 1894 1134 1956 Et
1152 1894 1215 1957 Job
1232 1911 1240 1956 :
1256 1899 1300 1957 lo
1317 1909 1424 1959 comte
1444 1910 1523 1959 mea
1533 1899 1650 1959 amobe
1670 1901 1781 1959 Deum

129 1991 378 2068 congregantur
391 1990 434 2050 ad
448 1989 609 2052 honorem
622 1990 654 2051 et
669 1989 800 2050 laudem
819 1990 852 2051 et
863 1988 930 2065 glo
984 1991 1200 2055 saluatorem
1210 2007 1327 2055 ussum
1337 1991 1424 2072 (Job.
1437 2009 1509 2066 m,
1526 1993 1590 2074 26).

127 2089 212 2150 riam
234 2091 320 2152 Jesu
341 2088 477 2162 Christi,
500 2087 542 2149 ad
565 2086 774 2150 tractandum
797 2086 853 2148 sel
873 2084 929 2147 ia·
1023 2089 1785 2167 Aconversation03ElisabethdesignatEccle-

129 2186 284 2249 ciendum
324 2185 449 2247 bonum
487 2200 580 2263 opus.
615 2185 709 2248 Unda
742 2184 779 2246 in
817 2185 930 2244 Evan-
985 2185 1081 2255 siam,
1095 2184 1173 2261 quia
1188 2185 1368 2249 sicutdicit
1382 2188 1490 2248 Lucas
1509 2188 1716 2264 evangelista
1742 2187 1783 2251 de

127 2283 235 2360 gello:
254 2285 315 2345 Ubi
335 2286 403 2345 duo
425 2283 565 2345 veltres
582 2281 782 2359 cougregati
798 2281 930 2355 moriat
984 2281 1181 2359 ipsoetviro
1194 2284 1265 2360 eius
1278 2277 1784 2358 ZachariazEroutJustiambo

131 2383 167 2441 ta
197 2383 342 2442 nornine
367 2393 463 2448 meo,
493 2382 532 2441 tu
556 2382 670 2443 mettio
699 2393 821 2440 eorum
851 2393 930 2440 sum
985 2379 1065 2440 oute
1073 2382 1183 2441 Detcm
1195 2380 1389 2442 incedentes
1398 2384 1437 2441 tu
1445 2383 1601 2443 omuibus
1611 2382 1785 2444 mortdotts

131 2475 262 2554 (daun.
279 2492 379 2548 mu,
396 2474 464 2556 20).
481 2475 543 2538 Ubi
562 2477 640 2538 sunt
656 2476 732 2549 duo,
749 2491 844 2538 amor
857 2474 928 2547 Dei,
985 2475 1018 2537 et
1038 2476 1345 2549 justificationibus
1376 2479 1516 2539 Domini
1540 2481 1616 2540 stuc
1646 2484 1785 2552 quercla

10 2654 11 2657 Ἴ
132 2575 298 2646 videlicet,
311 2576 345 2635 et
355 2589 450 2636 amor
464 2573 608 2651 proximi
622 2573 670 2635 ibi
684 2590 757 2635 sum
771 2574 807 2635 in
822 2573 930 2634 medio
986 2570 1080 2650 (Luc.
1097 2588 1120 2644 1,
1143 2571 1187 2651 6).
1203 2573 1295 2645 Quod
1308 2571 1435 2635 duobus
1445 2573 1552 2635 modis
1565 2575 1786 2653 potestintel·

130 2687 256 2734 eorum.
281 2671 343 2732 Vel
355 2670 413 2732 ubi
426 2672 505 2732 sunt
517 2671 585 2732 tres
596 2669 748 2743 slrtutes,
761 2670 929 2743 videlicet,
985 2664 1057 2746 ligi,
1081 2666 1159 2746 quia
1173 2666 1221 2731 ita
1235 2670 1320 2747 Justi
1334 2670 1432 2732 erant
1443 2671 1479 2732 in
1493 2672 1738 2748 conspectuhei
1752 2673 1785 2734 et

132 2768 223 2840 tides,
247 2783 325 2845 spes
349 2770 383 2830 et
406 2767 566 2840 charitas,
592 2767 638 2829 ibi
661 2784 714 2828 me
741 2767 929 2829 manifesto.
985 2766 1681 2846 hominum,qu0dnemoconquerebaturde
1690 2768 1782 2846 ipsis.

133 2866 280 2927 Ecclesia
292 2865 606 2943 satiaturachristo
622 2865 659 2926 in
670 2865 828 2942 praesenti
841 2865 929 2925 tem-
986 2863 1080 2925 Unde
1107 2863 1189 2925 dicit
1218 2860 1394 2940 Apostolus
1417 2867 1673 2927 :Providentes
1696 2870 1783 2927 bono

133 2978 210 3040 pore
229 2962 328 3024 donis
347 2961 588 3038 spiritualibus.
615 2961 708 3023 Unde
733 2962 929 3038 Apostolus:
985 2975 1055 3021 uon
1067 2960 1204 3022 tautum
1219 2976 1340 3022 corum
1353 2964 1435 3032 Deo,
1456 2965 1516 3024 sed
1535 2962 1641 3023 ettam
1663 2977 1784 3024 corum

136 3063 320 3134 Unicuique
333 3060 494 3122 uestrum
507 3059 590 3121 duta
610 3059 663 3121 est
675 3059 795 3135 gnatia
807 3073 931 3121 secuu-
986 3060 1142 3119 omatibus
1168 3061 1360 3120 bominibus
1378 3057 1422 3136 (ll
1445 3059 1518 3121 Cor.
1533 3073 1607 3131 vsu,
1623 3058 1688 3137 21)
1708 3060 1783 3120 Non

131 3160 213 3219 dum
240 3171 447 3219 mensuram
472 3156 669 3219 douattoru's
693 3152 832 3219 Christi.
863 3159 931 3218 Atti
986 3152 1107 3215 sufficit
1126 3152 1222 3216 bonis
1241 3154 1275 3217 et
1290 3154 1391 3232 justis
1410 3154 1535 3216 habere
1558 3155 1783 3217 testimonium

132 3255 366 3317 daturscrmo
381 3246 572 3329 mulcuttoe,
597 3256 659 3315 atti
680 3268 796 3316 semuo
819 3256 932 3315 scieu-
986 3249 1027 3311 ab
1041 3249 1085 3311 iis
1099 3250 1156 3328 qui
1168 3251 1246 3312 sunt
1258 3251 1357 3321 intus,
1371 3250 1713 3323 idestaconscientia,
1726 3252 1783 3313 sed

99 3347 199 3424 '‘ttae,
235 3352 297 3412 ulit
330 3351 437 3423 fides,
471 3354 531 3413 ulit
557 3351 676 3429 grotta
701 3350 929 3413 sanitatum...
985 3346 1080 3408 abiis
1088 3348 1145 3425 qui
1155 3347 1233 3409 sunt
1243 3346 1334 3419 ioris,
1342 3346 1477 3410 idestab
1489 3347 1690 3410 hominibus.
1698 3350 1784 3411 Nam

134 3446 227 3526 (Eph.
251 3463 297 3520 rs,
313 3449 359 3522 7),
382 3448 417 3509 et
438 3447 472 3510 in
494 3447 604 3509 futuro
625 3444 755 3523 gaudiis
781 3445 930 3509 coelesti·
986 3444 1124 3522 quilibet
1147 3443 1254 3507 bonus
1280 3444 1377 3507 debet
1402 3444 1527 3508 babere
1545 3446 1786 3507 conscientiam

133 3544 203 3616 bus,
219 3545 300 3622 quia
312 3544 349 3605 in
363 3543 475 3606 littura
490 3544 559 3605 vita
577 3542 773 3606 satiabimur
786 3543 827 3605 de
850 3546 929 3616 Deo,
985 3539 1106 3603 bonam
1121 3540 1207 3618 apud
1218 3542 1322 3602 Deum
1332 3541 1366 3603 et
1378 3540 1501 3603 famam
1516 3543 1602 3620 apud
1617 3542 1783 3604 homines.

134 3643 209 3720 quia
223 3641 413 3705 videbimus
427 3657 502 3703 eum
519 3640 605 3702 facie
621 3640 663 3702 ad
684 3640 814 3713 taciem,
832 3639 931 3702 sicuti
985 3637 1080 3700 Unde
1100 3637 1136 3698 in
1157 3637 1336 3714 Evangelio
1358 3654 1366 3698 τ
1388 3641 1446 3711 Stc
1467 3640 1578 3701 luceat
1588 3644 1651 3711 lus
1665 3639 1785 3701 cestra

132 3741 191 3811 est,
205 3740 295 3801 sicut
314 3739 439 3800 dicitur
452 3737 488 3800 in
508 3738 636 3814 psalmo
652 3759 661 3798 s
675 3738 837 3799 satiabor
849 3740 931 3798 dum
985 3750 1105 3796 coram
1117 3737 1346 3797 bominibus...
1364 3733 1494 3814 (matth.
1509 3750 1542 3806 v,
1556 3732 1620 3813 16).
1634 3737 1695 3798 Vel
1710 3736 1783 3798 sine
1847 3780 1849 3785 «

132 3836 413 3910 mustisestobe'tur
425 3837 536 3911 glorio
548 3835 619 3897 tuo.
639 3832 733 3894 Unde
748 3833 784 3894 in
797 3836 930 3911 Apoca-
985 3829 1132 3907 querela,
1163 3827 1241 3907 quia
1266 3830 1314 3891 ita
1334 3831 1419 3907 J'usti
1437 3832 1471 3892 et
1492 3831 1656 3907 patientes
1675 3831 1782 3905 erant,

133 3933 217 4011 lypsi
230 3954 240 3992 ι
255 3933 399 4009 Eoosto
417 3933 463 3993 ud
482 3930 657 3994 osttumet
667 3934 767 4005 pulso
792 3933 932 4005 :siquis
985 3926 1072 4004 quod
1096 3925 1161 4003 ipsi
1186 3939 1253 3986 non
1275 3925 1563 4002 conquerebantur
1589 3926 1630 3988 de
1656 3927 1781 4005 aliquo,

131 4031 280 4092 cudunt
305 4043 427 4091 vocem
456 4028 633 4090 meamet
661 4028 844 4103 apcmccrtt
865 4031 930 4101 ja·
985 4019 1072 4098 quod
1087 4019 1153 4098 ipsi
1172 4034 1232 4098 pro
1247 4035 1360 4081 amore
1381 4018 1442 4082 Dei
1461 4020 1626 4099 patienter
1637 4022 1786 4084 sustine-

131 4142 235 4189 uuam
248 4127 388 4188 intrabo
398 4128 444 4187 ad
453 4128 546 4188 titum
560 4126 594 4188 et
614 4126 753 4187 coenabo
766 4139 846 4186 cum
862 4127 928 4199 uto,
984 4117 1065 4187 bant
1086 4116 1208 4179 omnia.
1222 4117 1262 4179 nt
1276 4117 1351 4179 ideo
1373 4120 1469 4179 erant
1476 4118 1561 4196 justi
1575 4120 1652 4181 ante
1667 4121 1782 4180 Deum.

132 4223 163 4286 ct
181 4227 236 4287 tlte
248 4220 662 4302 mecum(hpoc.1u,10).
692 4298 695 4303 Ι
1024 4213 1166 4289 Quidam
1187 4215 1265 4277 sunt
1280 4217 1358 4277 ante
1373 4218 1477 4278 Deum
1489 4217 1523 4277 et
1544 4233 1612 4279 non
1626 4218 1704 4280 ante
1718 4218 1783 4280 ho-

170 4320 332 4381 hominns
354 4319 420 4381 stat
438 4319 480 4380 ad
508 4319 639 4391 ostium,
663 4318 742 4397 quia
765 4318 932 4379 illuminat
986 4313 1108 4388 mines3
1121 4311 1344 4390 quidamaute
1355 4316 1458 4375 Deum
1472 4314 1595 4377 etanta
1610 4316 1780 4391 homines3

132 4415 337 4479 intellectum
363 4416 524 4479 nostrum.
550 4418 615 4477 Per
638 4415 767 4477 ostium·
788 4429 930 4493 namque
986 4410 1120 4487 quidam
1141 4425 1203 4471 nec
1224 4410 1300 4472 ante
1319 4412 1423 4472 Deum
1442 4427 1505 4474 nec
1524 4414 1601 4475 ante
1618 4412 1780 4474 homines.

132 4512 318 4575 intellectus
330 4512 535 4590 designatur.
548 4513 633 4586 Quia
642 4513 729 4574 sicut
737 4527 797 4589 per
809 4512 930 4574 ostium
985 4510 1002 4571 J
1006 4507 1071 4569 usti
1092 4508 1170 4568 sunt
1187 4508 1266 4569 ante
1280 4506 1431 4570 homines
1449 4509 1482 4570 et
1501 4524 1570 4571 non
1587 4511 1663 4571 ante
1677 4512 1782 4571 Deum

133 4609 228 4673 homo
247 4609 450 4687 ingreditur,
471 4609 518 4672 ita
536 4610 570 4671 et
583 4625 643 4688 per
653 4609 857 4672 intellectum
871 4609 930 4670 lux
985 4605 1177 4684 hypocrite,
1195 4605 1252 4685 qui
1266 4605 1381 4669 dicunt
1400 4606 1433 4668 et
1453 4622 1520 4668 non
1534 4607 1672 4680 iaciunt,
1696 4608 1782 4669 sicut

133 4706 243 4785 divina
254 4706 359 4770 menti
369 4705 566 4769 infunditur.
578 4707 665 4768 Deus
680 4706 859 4769 autemlux
868 4706 928 4779 est,
985 4704 1106 4766 dicitur
1119 4704 1156 4764 in
1170 4702 1350 4778 Evangelio
1367 4707 1613 4776 :Quaecumque
1624 4705 1781 4766 diseunt

134 4819 203 4880 que
217 4804 389 4881 intratpsr
400 4804 532 4874 ostium,
544 4803 640 4875 idest,
653 4819 715 4880 per
726 4802 929 4865 intellectum
984 4803 1078 4862 vobis
1104 4800 1243 4861 sauata
1271 4799 1306 4861 et
1331 4800 1461 4873 focum·
1484 4802 1673 4887 secuudum
1696 4816 1782 4864 vero

131 4901 465 4963 nostrumhominus
475 4900 585 4978 pulsat
598 4900 640 4962 ad
650 4901 783 4972 ostium,
798 4900 929 4978 quando
984 4912 1091 4973 opero
1104 4911 1225 4959 eorum
1234 4896 1338 4957 uelde
1351 4898 1467 4971 fucere
1482 4893 1718 4975 (Matthxxur,
1734 4898 1780 4980 2).

134 4996 255 5059 crebris
270 4996 520 5061 visitationibus
532 4998 725 5076 compungit
738 5013 797 5060 cor
807 4996 930 5061 hnma-
984 4993 1173 5073 Hypocritae
1184 4991 1343 5055 simulant
1356 4991 1533 5055 se-habere
1548 4997 1740 5059 sanctitates
1750 5000 1784 5060 ct

134 5109 220 5167 num,
232 5094 337 5168 audit,
354 5094 452 5169 idest,
468 5094 605 5157 exaudit
617 5110 734 5158 vocem
753 5094 857 5168 illius,
873 5096 930 5172 qui
985 5091 1124 5155 virtutes
1139 5104 1221 5167 quas
1235 5105 1303 5152 non
1318 5089 1452 5164 habent,
1475 5093 1508 5153 et
1520 5091 1732 5156 dissimulant
1745 5109 1782 5155 se

135 5192 367 5269 perficitopere
375 5191 463 5270 qnod
472 5191 648 5255 votthem.
656 5192 928 5271 Aperitjanuam,
985 5205 1052 5252 non
1064 5186 1189 5251 habere
1202 5187 1286 5251 vitia
1300 5187 1333 5250 et
1344 5188 1480 5266 peccata
1500 5189 1783 5269 quaehabent.1)e

135 5286 216 5350 idest
229 5290 468 5366 cogitationem
484 5304 559 5368 quae
578 5289 703 5367 cogitat
719 5304 761 5352 ea
780 5304 854 5369 quae
871 5289 931 5352 hei
985 5287 1059 5349 istis
1072 5285 1154 5349 dicit
1164 5284 1323 5369 Dominus
1336 5285 1373 5347 in
1387 5287 1592 5365 Evangelio:
1618 5290 1674 5349 Vae
1688 5290 1782 5350 vobis

9 5418 11 5439 ÷
136 5387 218 5448 sunt.
234 5386 397 5451 Dominus
411 5386 514 5450 intrat
534 5387 577 5448 ad
595 5386 702 5461 illum,
719 5386 852 5465 quando
870 5403 930 5448 sua
985 5384 1485 5460 onomagulum-ilesunc
1493 5387 1681 5459 sepulchris
1694 5387 1783 5448 dcccl·

137 5483 238 5557 gratia
262 5484 372 5562 replet
394 5499 454 5548 cor
478 5483 659 5547 humanum
683 5484 716 5547 et
735 5486 931 5549 coenatcum
986 5483 1083 5555 botis,
1099 5487 1177 5556 duur
1196 5483 1285 5557 soris
1300 5482 1472 5558 apparent
1491 5483 1683 5545 bominibus
1701 5497 1782 5559 spe-

138 5577 202 5654 illo,
218 5581 297 5661 quia
311 5581 497 5646 delectatur
507 5597 583 5645 cum
595 5582 655 5664 illo
669 5582 765 5647 bonis
776 5582 931 5669 operibus
985 5583 1091 5656 closo,
1103 5580 1326 5643 latusculum
1339 5579 1421 5643 suut
1430 5580 1533 5654 plena
1542 5582 1675 5642 osstbzu
1685 5596 1783 5644 mor-
