3946 6196
1797 379 1858 439 ecs

205 368 266 430 463
828 368 1003 431 HONORII
1027 373 1071 433 III
1093 372 1241 433 oraha,

206 526 288 590 suls.
305 528 488 593 Ecclesiam
517 528 647 591 Sancte
674 529 800 594 llariae.
823 530 1004 592 Ecclesiam
1060 532 1234 594 castellani
1258 532 1292 593 et
1311 529 1353 593 ab
1367 532 1440 609 eius
1453 530 1644 595 hominibus
1665 536 1858 614 acquisistis

207 629 320 690 Sancti
331 628 485 690 Nichclai
493 643 567 689 cum
580 625 718 689 decimis
731 629 812 689 suis.
822 629 1004 691 Ecclesiam
1059 631 1145 692 sicut
1168 631 1204 691 in
1232 630 1333 707 cartis
1354 630 1553 693 authenticis
1573 633 1732 696 confectis
1756 651 1859 713 super

207 727 319 789 Sancti
334 724 449 789 Jaccbi
474 725 513 786 de
533 727 626 787 Nora
643 726 762 803 palude
777 743 850 789 cnm
866 726 1003 789 decimis
1058 729 1122 790 hoc
1136 729 1335 797 continetur,
1346 730 1544 792 auctoritate
1558 730 1652 792 vobis
1665 733 1858 809 apostolica

205 825 286 885 suis.
311 825 444 885 Partem
468 824 571 901 sylvae
592 824 633 886 de
658 825 884 901 vulverdinga
904 842 1002 902 quam
1058 827 1302 887 confirmamus.
1327 827 1605 904 compositionem
1624 831 1788 906 praeterea
1805 832 1859 892 in-

204 923 338 984 inclitus
354 922 519 1000 quondam
535 923 702 984 Flandriae
724 927 757 985 et
779 923 1002 985 Viromandiae
1057 927 1109 986 ter
1134 942 1192 986 vos
1221 925 1254 986 et
1277 924 1478 987 abbatissam
1507 925 1546 987 de
1563 926 1736 1005 Brobborg
1757 946 1859 1006 super

204 1037 315 1081 comes
328 1020 502 1098 Philippus
513 1021 647 1082 vobisin
659 1022 903 1099 eleemesynam
913 1021 1004 1084 dedit
1057 1023 1208 1084 terminis
1232 1023 1398 1100 parochiae
1420 1023 1539 1085 restrae
1563 1023 1605 1085 de
1618 1041 1761 1086 assensu
1778 1044 1860 1104 par·

204 1120 237 1181 et
251 1119 445 1196 scriptcsuc
459 1119 668 1181 confirmavit
682 1121 809 1198 etqucd
825 1120 1002 1182 aGilbertc
1056 1120 1139 1182 tium
1165 1120 1297 1189 factam,
1323 1120 1410 1181 sicut
1430 1120 1503 1183 sine
1531 1122 1695 1198 pravitate
1718 1124 1859 1201 provide

203 1217 244 1278 de
256 1218 468 1279 Hareslrerca
484 1233 588 1295 prope
603 1219 751 1280 eamdem
764 1219 892 1296 sylvam
907 1219 1001 1280 elee—
1057 1218 1143 1280 facta
1158 1220 1219 1291 cst,
1235 1221 1270 1281 et
1292 1218 1370 1280 hinc
1392 1219 1470 1280 lude
1483 1222 1617 1296 recepta
1632 1221 1665 1281 et
1682 1220 1717 1282 in
1733 1222 1858 1299 scripto

203 1332 353 1394 mosyna,
366 1315 531 1393 emptione
542 1315 595 1377 vel
603 1315 796 1379 concambio
810 1316 1001 1394 acquisistis
1056 1314 1249 1377 authentico
1270 1316 1445 1388 Desiderii,
1468 1317 1633 1393 quondam
1655 1320 1858 1381 Morinensis

203 1416 236 1475 et
263 1413 431 1475 residuam
462 1417 591 1491 partem
620 1414 768 1491 ejusdem
798 1415 901 1492 sylvae
927 1431 1001 1493 quae
1056 1414 1214 1492 episcopi,
1228 1414 1425 1486 continetur,
1440 1416 1547 1476 ratam
1562 1414 1725 1477 habemus
1738 1417 1772 1479 et
1783 1434 1859 1479 eam

203 1511 394 1574 extenditur
414 1528 520 1589 usque
546 1512 587 1573 ad
612 1528 729 1573 nemus
743 1513 830 1590 quod
847 1513 1001 1575 Theodo-

201 1610 292 1673 ricus
307 1626 417 1671 comes
431 1611 582 1672 ecclesiae
597 1611 785 1672 Watineusi
806 1612 840 1672 in
852 1611 1000 1673 eleemo-

202 1725 318 1786 synam
329 1708 430 1781 dedit,
443 1708 530 1771 sicut
541 1710 575 1769 in
587 1709 709 1786 scripto
719 1709 889 1770 Baldevint
906 1711 1001 1773 Flan-

202 1807 284 1868 driae
293 1807 493 1868 etHancniae
501 1807 631 1868 comitis
638 1808 670 1868 et
680 1808 872 1884 Margaritae
885 1809 999 1869 uxoris

196 1907 255 1982 J‘us
270 1906 469 1968 continetur.
484 1908 544 1968 Jus
559 1905 659 1967 etiam
675 1906 706 1967 et
723 1905 893 1967 libertates
917 1922 999 1983 quas

200 2003 237 2063 in
264 2005 388 2065 terram
418 2002 683 2078 Brcburgensem
713 2020 755 2065 ex
785 2004 999 2066 concessione

200 2100 455 2162 Flandrensium
468 2101 624 2162 comitum
636 2101 778 2174 habetis,
795 2102 881 2163 sicut
888 2103 924 2163 in
938 2118 999 2164 ec·

199 2215 274 2260 rum
295 2198 499 2260 authenticis
520 2200 718 2261 continetur.
735 2202 794 2263 Jus
815 2202 849 2262 et
863 2216 999 2277 posses·

200 2298 312 2358 siones
336 2313 418 2374 quas
438 2296 569 2360 habetis
591 2298 627 2359 in
655 2297 737 2359 villa
765 2300 799 2359 et
826 2298 932 2359 altare
958 2298 999 2359 de

199 2395 410 2471 Ligternelda
420 2411 495 2456 cum
507 2395 644 2456 decimis
653 2395 902 2472 etpertinentiis
914 2396 996 2457 suis.

199 2496 337 2554 Terram
352 2508 451 2570 quam
475 2492 669 2554 Berwaldus
693 2494 877 2555 Monkelin
893 2509 997 2571 parc-

199 2591 276 2652 chia
291 2590 332 2652 de
342 2590 548 2663 Wolrichen,
565 2591 686 2668 partlm
700 2595 836 2669 propter
849 2608 999 2653 concam-

197 2689 300 2761 bium,
317 2690 437 2766 partim
453 2692 587 2767 propter
601 2689 776 2766 pecuniam
795 2690 999 2752 monasterio

199 2789 310 2849 restro
330 2787 419 2849 dedit
432 2811 443 2862 ;v
464 2790 498 2849 et
523 2788 647 2850 terram
673 2788 861 2866 Stapelveld
877 2789 998 2851 dictam

200 2903 298 2963 quam
316 2902 336 2947 a
355 2886 498 2947 Widcne
513 2886 554 2947 de
574 2887 736 2948 Gnisseka
756 2902 816 2964 per
838 2902 998 2949 concam-

199 2985 290 3045 bium
305 2984 489 3061 acquisitis,
504 2982 580 3045 data
595 2984 626 3044 ei
640 2984 781 3061 quadam
796 2988 886 3045 terra
901 3000 998 3061 quam

200 3099 303 3161 prope
323 3081 455 3143 domum
484 3081 632 3159 ejusdem
664 3081 847 3143 habebatis.
881 3084 998 3144 Totum

200 3180 285 3259 quod
301 3180 342 3239 de
357 3178 455 3240 feudo
470 3178 645 3240 castellani
662 3181 838 3254 Bergensis
851 3181 884 3242 et
898 3181 997 3257 quid-

200 3277 277 3355 quid
300 3275 424 3337 alicubl
444 3275 484 3336 de
504 3276 770 3352 possessionibus
792 3277 998 3339 feudatorum

199 3376 270 3435 sive
285 3373 535 3435 censuariorum
548 3376 734 3436 vestrorum
747 3375 949 3452 acquisistis,
967 3375 1000 3437 et

200 3473 303 3535 totum
316 3471 402 3549 quod
418 3471 609 3549 acquisistis
630 3473 666 3532 in
681 3473 763 3534 villa
782 3473 823 3534 de
837 3476 998 3535 Barwar-

201 3572 327 3632 uestem
349 3571 389 3631 de
415 3570 512 3631 feudo
535 3570 701 3632 Baldivini
724 3573 764 3633 de
785 3573 939 3634 Geminas
967 3575 1000 3635 et

199 3668 313 3731 villam
330 3668 370 3730 de
388 3668 556 3729 Caumond
580 3685 655 3729 cum
681 3670 891 3746 pertinentiis
916 3670 996 3743 suis,

199 3770 295 3846 cujus
310 3768 519 3829 medietatem
535 3767 686 3829 ecclesiae
697 3769 804 3830 sancti
820 3769 998 3830 audomari

200 3866 260 3927 sub
282 3883 393 3928 annuo
413 3882 516 3927 censu
530 3865 705 3927 duodecim
723 3867 884 3928 librarum
897 3867 1001 3928 Flan-

199 3965 330 4027 drensis
356 3967 497 4027 monetae
524 3967 684 4042 perpetuo
704 3964 799 4025 vobis
822 3965 996 4037 concessit,

199 4064 286 4126 sicut
300 4064 334 4124 in
347 4062 495 4140 ejusdem
510 4062 660 4123 ecclesiae
675 4063 845 4139 praepositi
860 4063 893 4124 et
907 4063 1000 4139 capi-

200 4161 259 4222 tuli
292 4161 425 4236 scriptis
456 4158 850 4238 authentiersfgeonleetis
879 4160 1001 4221 exinde

200 4259 399 4329 continetur,
410 4258 505 4319 vobis
520 4258 737 4319 nihilominus
752 4257 997 4318 confirmamus.

239 4356 405 4417 Praeterea
432 4356 565 4417 feudum
599 4356 774 4430 sexaginta
816 4355 999 4416 solidorum

200 4454 286 4531 quod
311 4454 368 4519 Ida
397 4470 416 4515 a
441 4453 592 4515 Walterc
618 4453 659 4514 de
679 4452 794 4514 Stablo
812 4451 914 4514 fratre
938 4469 998 4514 suc

200 4553 290 4625 emit,
318 4552 359 4613 ab
385 4568 425 4615 ea
447 4551 481 4612 in
497 4550 848 4628 eleemosynamrobis
862 4566 1000 4612 conces-

201 4669 285 4723 sum,
296 4652 328 4713 et
343 4652 534 4713 comitatum
545 4650 585 4711 de
600 4649 675 4710 Wal
690 4648 889 4711 etdeBueco
902 4665 999 4726 quem

201 4750 389 4835 ¹lllillelmus
404 4750 445 4811 de
470 4748 674 4824 Arfendighe
694 4747 728 4808 iu
755 4747 998 4824 eleemosynam

199 4847 294 4909 vobis
309 4849 483 4921 concessit,
502 4849 588 4909 sicut
607 4848 697 4908 carta
714 4846 844 4907 comitis
860 4844 900 4906 de
913 4848 997 4906 Wa-

200 4946 320 5021 riughe
333 4947 458 5007 donrini
472 4945 524 5006 sui
535 4946 685 5008 testatur.
697 4947 715 5007 J
719 4960 756 5005 us
770 4943 855 5021 quod
869 4944 903 5004 iu
918 4943 998 5004 villa

199 5044 239 5105 «le
265 5044 393 5120 Acqniu
423 5046 544 5119 symon
572 5044 613 5105 de
646 5041 744 5103 Waal
777 5058 836 5119 per
864 5058 998 5103 manum

199 5142 340 5203 Walteri
362 5141 473 5202 Boteri
485 5141 608 5202 domini
625 5141 689 5211 sui,
703 5140 827 5202 terram
843 5141 877 5201 in
899 5155 1000 5216 paro-

199 5240 274 5300 chia
287 5241 416 5301 Sanctae
425 5239 622 5315 Margaretae
635 5237 722 5299 infra
735 5236 877 5315 burgum
886 5238 998 5299 ‘sancti

197 5338 378 5402 Audomari
386 5338 554 5416 jacentem
570 5353 669 5414 quarn
683 5336 855 5398 lohannes
871 5336 911 5397 de
927 5336 999 5397 Siu-

1055 1511 1253 1573 auctcritate
1275 1511 1465 1588 apostolica
1493 1512 1739 1577 confirmamus.
1764 1516 1858 1586 Quod

1055 1610 1165 1670 autem
1180 1609 1220 1670 de
1233 1610 1360 1687 capella
1374 1609 1406 1669 et
1427 1610 1617 1672 coemeterio
1632 1613 1856 1688 Leprcsorum

1055 1706 1095 1767 de
1107 1706 1276 1783 Brobhorg
1299 1723 1319 1769 a
1334 1706 1467 1780 Milone,
1484 1707 1732 1785 praedecessore
1748 1708 1857 1785 ipsius

1055 1805 1212 1882 episcopi,
1236 1805 1479 1867 rationabiliter
1499 1807 1658 1868 statutum
1674 1806 1725 1868 est
1741 1810 1775 1869 et
1796 1824 1857 1869 suo

1054 1903 1177 1980 scripto
1205 1902 1382 1976 firmatum,
1412 1902 1658 1975 confirmamus,
1685 1905 1718 1965 et
1745 1907 1858 1967 ratum

1055 2016 1189 2062 manere
1204 2017 1389 2074 censemus,
1405 2000 1452 2062 ita
1470 2001 1625 2064 videlicet
1638 2002 1675 2063 ut
1689 2000 1724 2061 in
1740 2003 1858 2064 eadem

1054 2099 1181 2176 capella
1197 2100 1352 2175 Leprcsis
1366 2099 1494 2160 tantum
1511 2098 1544 2161 et
1556 2098 1620 2159 sibi
1633 2099 1859 2162 servientibus

1054 2198 1202 2258 divinum
1215 2196 1402 2258 celebretur
1412 2196 1569 2264 officium,
1581 2198 1680 2274 atque
1691 2198 1726 2258 in
1740 2215 1858 2260 eorum

1053 2295 1242 2357 coemeteric
1257 2295 1340 2356 nulli
1355 2294 1420 2356 nisi
1442 2294 1507 2372 ipsi
1522 2295 1733 2373 aliquatenus
1747 2299 1858 2358 tumu-

1053 2394 1173 2455 lentur.

1093 2495 1130 2553 lu
1145 2489 1494 2569 monasteric'quoque
1507 2492 1621 2554 Sancti
1638 2492 1756 2553 Silvini
1766 2492 1856 2569 apud

1052 2590 1258 2663 Alchiacum,
1285 2589 1387 2651 abhas
1410 2594 1521 2651 vester
1543 2590 1600 2668 qui
1622 2606 1682 2668 pro
1704 2590 1857 2667 tempore

1053 2688 1163 2761 fuerit,
1179 2690 1339 2765 tanquam
1354 2704 1414 2748 sua
1430 2688 1569 2765 speciali
1584 2688 1652 2748 fllia
1670 2688 1856 2749 secundum

1053 2785 1113 2848 bei
1139 2788 1291 2848 timorem
1320 2785 1353 2848 et
1386 2784 1475 2848 beati
1510 2786 1679 2848 Benedicti
1703 2785 1856 2862 regulam

1053 2884 1242 2961 corrigendi
1260 2901 1333 2961 quae
1360 2883 1556 2960 corrigenda
1578 2885 1656 2946 sunt
1676 2900 1752 2944 cum
1769 2884 1856 2945 reli·

1053 2982 1530 3058 gioscrumrircrumconsilic
1541 2981 1674 3060 plenam
1684 2982 1858 3044 sicuthac·

1053 3085 1149 3141 tenus
1164 3078 1285 3141 habeat
1311 3078 1512 3139 facultatem.
1546 3079 1728 3140 statuimus
1751 3079 1857 3140 ctiam

1054 3177 1090 3237 ut
1117 3174 1205 3237 infra
1230 3176 1392 3237 terminos
1414 3174 1650 3252 parochiarum
1664 3176 1858 3236 vestrarum

1054 3273 1165 3334 nullus
1181 3272 1357 3334 ecclesiam
1369 3273 1421 3334 rel
1437 3272 1620 3333 oratorium
1637 3271 1762 3348 absque
1777 3289 1859 3333 res-

1053 3372 1105 3433 tro
1140 3387 1280 3432 assensu
1317 3370 1483 3432 edificare
1519 3372 1712 3447 praesumat3
1752 3369 1859 3431 salvis

1052 3473 1163 3532 tamen
1179 3468 1366 3546 privilegiis
1389 3467 1586 3549 Pontificum
1609 3471 1857 3543 Romanorum3

1054 3569 1213 3628 stationes
1226 3569 1337 3628 autem
1349 3566 1498 3643 publicas
1509 3565 1551 3627 ab
1562 3566 1718 3642 episcopo
1734 3566 1770 3626 in
1783 3583 1859 3627 mc-

1054 3665 1200 3727 nasterio
1226 3665 1338 3726 vestro
1364 3660 1448 3737 fieri,
1475 3680 1534 3725 seu
1562 3664 1756 3741 episcopum
1775 3663 1858 3725 illuc

1054 3763 1212 3825 accedere
1233 3762 1299 3824 nisi
1320 3761 1361 3823 ab
1388 3761 1505 3823 abbate
1527 3763 1561 3823 et
1579 3761 1741 3822 fratribus
1755 3760 1858 3824 fuerit

1054 3863 1210 3923 evocatus
1224 3862 1359 3939 penitus
1371 3859 1595 3937 prohibemus.
1617 3861 1858 3921 Possessicnes

1054 3964 1215 4039 praeterea
1249 3961 1281 4021 et
1315 3958 1460 4020 decimas
1497 3974 1580 4042 quas
1615 3958 1858 4018 monasterium

1054 4060 1200 4121 vestrum
1228 4074 1247 4118 a
1282 4055 1500 4134 quadraginta
1528 4056 1626 4115 annis
1657 4055 1859 4117 inconcusse

1054 4156 1201 4234 possedit
1215 4157 1248 4217 et
1262 4154 1296 4215 in
1312 4153 1564 4231 praesentiarum
1579 4153 1653 4213 sine
1666 4154 1862 4215 controver-

1054 4255 1104 4316 sia
1118 4253 1276 4331 possidet,
1293 4251 1386 4319 vobis
1402 4253 1434 4313 et
1448 4266 1508 4329 per
1522 4268 1580 4311 vos
1596 4249 1704 4310 eidem
1720 4267 1860 4311 monas-

1054 4353 1138 4414 terio
1162 4351 1362 4413 auctoritate
1387 4348 1578 4433 apostolica
1604 4348 1859 4412 confirmamus.

1054 4453 1143 4512 Saue
1157 4449 1328 4510 novalium
1343 4449 1528 4508 vestrorum
1542 4461 1615 4522 quae
1629 4445 1777 4523 propriis
1793 4463 1862 4507 ma·

1054 4548 1151 4609 nibus
1173 4547 1231 4608 aut
1246 4545 1430 4622 sumptibus
1445 4543 1555 4605 colitis
1574 4543 1645 4604 sive
1669 4544 1713 4604 de
1725 4554 1866 4606 vestm-

1054 4662 1127 4707 rum
1143 4644 1340 4707 animalium
1364 4642 1577 4704 nutrimentis
1592 4641 1705 4701 nullus
1722 4657 1744 4702 a
1763 4642 1862 4704 vebis

1054 4745 1199 4805 decimas
1224 4743 1359 4818 exigere
1381 4741 1433 4803 vel
1449 4740 1647 4825 extorquere
1661 4743 1859 4817 praesumat.

1054 4842 1168 4903 Liceat
1205 4856 1335 4923 quoque
1372 4838 1467 4901 vobis
1500 4837 1639 4898 clericos
1667 4836 1720 4898 vel
1753 4838 1861 4900 laicos
1969 4912 1970 4917 ἵ

1054 4940 1177 5002 liberos
1198 4939 1232 5000 et
1257 4936 1427 4999 absolutos
1450 4951 1468 4997 e
1490 4935 1603 4996 seculo
1627 4933 1798 5011 fugientes
1819 4936 1861 4997 ad
1969 4930 1970 5015 ζ

1054 5032 1861 5111 conversionemrecipereeteosabsquecontra-
1969 5088 1970 5091 ,

1054 5136 1200 5197 dictione
1210 5135 1323 5212 aliqua
1336 5133 1491 5194 retinere.
1969 5144 1970 5161 ¹

1105 5232 1323 5295 Prohibemus
1362 5231 1500 5306 iusuper
1525 5229 1561 5291 ut
1595 5227 1680 5289 nulli
1716 5228 1862 5290 fratrum

1054 5334 1239 5393 vestrorum
1250 5332 1324 5407 post
1337 5329 1458 5390 factam
1473 5328 1508 5387 in
1524 5326 1727 5388 monasterio
1743 5330 1859 5388 vestro

197 5436 344 5513 niglrem,
366 5439 399 5498 et
417 5437 542 5498 terram
562 5452 660 5513 quam
675 5435 864 5496 Willelmus
883 5434 999 5495 castel·
1055 5428 1294 5506 professionem
1310 5425 1413 5504 possit
1425 5425 1502 5487 sinc
1513 5424 1642 5487 abbatis
1656 5425 1708 5484 sui
1719 5423 1861 5486 licentia

196 5534 294 5594 lanus
310 5536 423 5596 Sancti
444 5534 625 5596 Audcmari
641 5533 727 5594 inter
741 5534 836 5594 vetus
859 5548 997 5592 monas·
1053 5527 1094 5589 de
1109 5527 1224 5589 eodem
1244 5525 1317 5587 lccc
1339 5525 1405 5585 nisi
1426 5522 1582 5584 arctioris
1602 5521 1780 5598 religionis
1795 5522 1860 5584 ch-

198 5629 320 5690 terium
343 5635 376 5693 et
394 5634 553 5694 Watenes
573 5631 667 5693 vobis
692 5631 727 5691 in
753 5631 998 5707 eleemosynam
1054 5628 1146 5687 tentu
1172 5624 1361 5697 discedere;
1388 5621 1611 5683 discedentem
1637 5620 1863 5698 reroebsque

198 5730 445 5799 concesserunt,
462 5730 495 5789 et
509 5729 668 5809 quidquid
683 5728 725 5789 de
737 5727 836 5791 feudo
848 5727 996 5806 ejusdem
1055 5724 1279 5791 communium
1297 5721 1484 5786 litterarum
1498 5719 1686 5783 vestrarum
1698 5719 1862 5785 cautione
1969 5794 1970 5797 Ἴ
