3968 6204
104 297 157 359 121
540 296 581 357 X.
595 324 634 343 -
655 293 702 358 IN
724 289 1022 359 CONVERSIONE
1041 291 1166 361 BEATI
1187 295 1326 360 PAULI.
1698 302 1767 367 122.

105 458 171 538 lpse
184 453 411 518 convertatur
426 453 471 518 ad
494 469 566 529 nos,
582 454 619 518 ut
636 452 758 518 liberet
778 468 840 517 nos
865 451 906 516 de
1002 452 1096 516 Unde
1116 453 1189 532 lpse
1203 454 1244 518 de
1263 471 1300 519 se
1318 455 1366 523 alt
1381 477 1389 519 ε
1406 457 1471 526 oar
1482 459 1585 534 prim
1607 459 1762 538 Maspio-

103 552 264 637 proinndo
287 551 502 617 confusionis
529 569 603 633 quoe
630 552 714 616 latet
737 552 773 614 in
806 553 905 615 corde
959 553 1085 614 temet
1095 556 1300 628 persecutor
1317 556 1352 618 et
1371 557 1636 622 coretumetiosus
1650 563 1759 625 orbe-

103 668 316 734 perpraram
330 652 582 729 cogitationem,
597 666 671 730 ouoe
684 650 775 729 patet
798 650 833 711 in
847 666 906 713 ore
959 652 1149 712 secordiam
1172 654 1374 717 consecutas
1395 670 1475 717 sum
1493 654 1522 736 (1
1541 657 1624 719 Tim.
1650 656 1759 739 1,13).

102 751 630 832 periniquamlocutionem·,quae
640 749 905 826 manetinopere
960 747 1063 820 Quasi
1092 748 1216 812 diceret
1241 751 1332 824 :Qui
1355 753 1449 830 prius
1472 752 1519 815 ini
1545 754 1760 834 blasphemus

103 868 158 930 per
170 850 301 912 malam
316 849 603 912 consuetudinem.
624 848 685 910 His
707 846 814 909 tribus
829 862 904 908 mo·
960 846 996 907 in
1012 848 1210 920 Jerusalem,
1231 849 1265 911 et
1285 852 1479 927 persecutor
1493 853 1701 928 Sanctorum,
1728 854 1761 918 et

102 950 149 1011 dis
163 964 266 1011 omne
283 950 460 1028 peccatum
484 947 605 1024 agituu’,
622 961 688 1025 quo
703 946 744 1007 ad
765 945 905 1008 mortem
960 945 1220 1009 contumeliosus
1234 947 1270 1009 in
1290 949 1538 1027 comprehensis
1553 953 1684 1015 Sanctis
1706 952 1761 1014 in·

103 1049 300 1128 perpetuam
314 1047 520 1125 pervenitur.
536 1045 631 1108 Unde
652 1044 769 1107 beatus
780 1045 906 1106 Paulus
959 1043 1071 1105 ferens
1096 1045 1326 1120 contumelias,
1346 1047 1621 1111 'misericordiam‘
1637 1066 1755 1115 conse·

103 1146 287 1226 apostolus,
302 1148 401 1223 cujus
420 1143 520 1207 lrodie
546 1142 798 1206 conversionem
817 1143 904 1205 coli⁶
960 1143 1056 1204 cutus
1087 1159 1177 1212 sum,
1211 1142 1314 1217 idest,
1346 1146 1579 1211 remissionem
1611 1148 1759 1213 omnium

103 1261 183 1317 mus,
198 1260 280 1307 cum
302 1242 431 1321 tripiici
451 1241 558 1305 morte
571 1241 740 1321 spirituali
756 1241 905 1303 mortuus
961 1242 1176 1317 peccatorum
1187 1242 1608 1320 perDeimisericordiam.
1636 1249 1683 1309 De
1698 1247 1761 1313 liac

104 1345 200 1415 osset,
226 1342 274 1405 ad
294 1341 413 1414 vitam,
429 1342 498 1403 Deo
511 1340 669 1413 romnte,
699 1338 906 1417 dignoscitur
959 1340 1192 1402 misericordia
1209 1341 1332 1404 dicitur
1344 1342 1387 1404 'in
1404 1344 1661 1409 Ecclesiastico:
1679 1348 1764 1424 Spa-

104 1440 255 1504 rgffisse,
960 1438 1763 1521 ciosaestmisericordiaDeiiutemporetribu·

138 1540 217 1601 'iria
248 1540 330 1601 sunt
356 1538 569 1601 vocationum
597 1552 731 1615 genera.
767 1537 905 1599 vocatio
959 1535 1114 1609 lationis,
1151 1537 1239 1602 sicut
1267 1538 1373 1603 nubes
1403 1540 1524 1617 pluviae
1550 1542 1762 1621 intempore

103 1638 225 1701 etenim
237 1637 307 1699 alia
324 1652 369 1698 ex
383 1639 463 1708 Deo,
483 1636 550 1697 alia
565 1651 625 1714 per
638 1635 818 1709 hominem,
838 1635 905 1697 alla
960 1632 1121 1696 siccitatis
1140 1632 1256 1715 (Decii.
1272 1652 1377 1709 xxxv,
1400 1637 1465 1719 26).
1493 1642 1636 1718 Tempus
1657 1641 1762 1705 sicci·

101 1754 147 1799 ex
171 1735 387 1798 necessitate.
409 1733 548 1797 vocatio
573 1749 617 1796 ex
644 1736 713 1797 Deo
736 1734 798 1806 est,
823 1749 907 1813 quo-
946 1728 1049 1804 'tatis,
1077 1730 1174 1806 idest,
1197 1734 1328 1812 tempus
1341 1735 1568 1801 tribulationis
1589 1738 1652 1801 luit
1665 1737 1763 1803 beato

102 1834 164 1896 ties
191 1832 311 1896 divina
335 1831 513 1909 inspiratio
536 1833 578 1894 ad
603 1831 806 1894 desiderium
828 1831 906 1893 ritae
960 1830 1065 1894 Paulo
1088 1832 1262 1908 apostolo,
1295 1833 1427 1911 quando
1460 1832 1626 1912 lapidatus
1650 1838 1704 1900 est
1728 1837 1762 1899 et

100 1935 235 1995 aeternae
256 1947 323 1994 nos
339 1930 476 1992 excitat.
499 1929 637 1993 vocatio
651 1945 711 2008 per
736 1929 905 1992 hominem
960 1928 1065 2006 virgis
1080 1944 1187 1991 caesus
1202 1928 1285 1992 etin
1298 1944 1468 1995 carcerem
1479 1933 1615 2013 missus,
1629 1935 1662 1997 et
1674 1934 1763 2001 lame

104 2029 225 2092 dicitur
238 2027 328 2101 fleri,
350 2027 480 2106 quoties
504 2027 665 2105 exemplis
692 2027 746 2090 vel
771 2027 906 2089 monitis
961 2027 994 2088 et
1009 2026 1066 2090 siti
1080 2028 1114 2090 et
1124 2028 1238 2090 multis
1252 2028 1525 2094 tribulationibus
1540 2032 1573 2094 ei
1585 2032 1762 2099 tormentis

103 2130 295 2190 sanctorum
311 2127 463 2189 uirorum
485 2125 633 2202 instigati
647 2125 689 2187 ad
705 2125 905 2187 desiderium
960 2124 1114 2188 afflictus.
1139 2124 1203 2187 Sed
1221 2130 1309 2188 Deus
1328 2127 1419 2189 dedit
1436 2128 1468 2189 ei
1490 2128 1611 2191 nubem
1626 2129 1761 2207 pluviae,

103 2242 238 2287 summa
272 2223 394 2287 salutis
415 2223 655 2289 accendimur.
690 2224 828 2288 vocatio
862 2239 906 2286 ex
960 2222 1056 2295 idest,
1082 2221 1296 2300 reirigerium
1310 2220 1452 2287 internae
1468 2226 1598 2302 gratiae
1621 2227 1761 2291 dicens:

105 2323 306 2385 necessitate
325 2323 390 2394 est,
418 2338 493 2383 cum
517 2321 642 2384 divitiis
668 2320 767 2399 hrnjus
791 2321 906 2384 mundi
962 2320 1091 2383 Suiilcit
1111 2320 1183 2394 tibi,
1212 2321 1327 2386 Paule.
1350 2324 1459 2398 gratia
1474 2339 1560 2394 mea,
1576 2325 1612 2386 in
1633 2326 1762 2389 tautum

105 2422 155 2482 rel
167 2419 400 2498 voluptatibus
419 2419 568 2496 obligati,
595 2419 827 2496 ingruentibus
845 2436 905 2483 re·
960 2417 1047 2496 quod
1064 2417 1168 2481 fames
1184 2419 1257 2482 erat
1268 2418 1302 2482 ei
1315 2419 1466 2490 reiectio,
1493 2425 1526 2484 et
1544 2424 1762 2489 necessitates

106 2520 198 2596 pente
210 2517 458 2582 tentationibus
473 2534 546 2595 quae
560 2517 614 2579 rel
629 2516 745 2580 mortis
757 2518 905 2596 pericula
959 2516 1182 2594 refrigeratio,
1197 2517 1230 2579 et
1243 2518 1364 2581 caetera
1376 2520 1541 2583 tormenta
1554 2521 1650 2598 quasi
1665 2539 1760 2600 quae·

106 2616 364 2687 comminantur,
380 2615 434 2678 rel
449 2615 664 2678 amissionem
677 2614 839 2679 bonorum
852 2617 906 2679 vel
960 2613 1035 2676 dam
1048 2615 1159 2677 dulcia
1174 2615 1309 2692 gaudia.
1322 2617 1416 2678 Unde
1428 2616 1500 2693 ipse
1514 2635 1575 2695 pro
1588 2619 1649 2681 tali
1664 2620 1763 2684 mise·

107 2714 383 2793 proscriptionem
417 2714 608 2791 percutiunt
641 2713 696 2777 vel
728 2713 906 2778 charorum
959 2713 1105 2775 ricordia
1117 2712 1213 2785 dixit,
1226 2713 1312 2790 quod
1328 2729 1436 2792 neque
1449 2730 1550 2788 mors,
1560 2732 1667 2794 neque
1677 2718 1758 2793 vita,

108 2813 207 2875 morie
229 2812 473 2889 compungunt,
496 2813 533 2875 ut
553 2811 596 2874 ad
619 2814 723 2875 Deum
747 2830 844 2891 quem
870 2814 905 2876 in
959 2824 1068 2888 neque
1082 2810 1273 2889 praesentia,
1290 2826 1398 2889 neque
1413 2810 1524 2877 lutura
1539 2815 1695 2890 poterunt
1710 2832 1763 2879 se

108 2911 326 2989 prosperitate
353 2910 449 2988 sequi
479 2911 752 2988 contempsimus,
787 2912 905 2975 saltem
960 2925 1080 2987 parare
1094 2925 1115 2971 a
1129 2908 1292 2973 charitate
1313 2908 1384 2983 Dei,
1409 2924 1484 2988 quae
1505 2912 1555 2977 est
1578 2911 1613 2973 in
1629 2903 1761 2979 Christo

109 3008 198 3070 inriti
212 3023 399 3087 properare
415 3007 663 3087 compellamur.
688 3011 748 3073 list
763 3009 816 3073 hae
830 3011 905 3072 duae
959 3012 1051 3072 Jesu.
1412 3020 1415 3024 ·

109 3106 298 3171 rorationes
325 3104 498 3182 decipiunt
524 3108 557 3168 et
582 3105 804 3184 decipiuntur,
832 3123 905 3186 quae
1001 3105 1096 3168 Unde
1116 3103 1233 3169 beatus
1254 3105 1436 3183 Gregorius
1453 3129 1462 3169 z
1478 3124 1497 3171 c
1516 3109 1669 3183 Pensate,
1686 3109 1759 3173 sra-

108 3201 227 3264 iuerint
250 3218 315 3279 per
341 3202 521 3275 hominem,
547 3203 606 3265 aut
628 3216 673 3265 er
695 3205 904 3269 necessitate.
959 3204 1039 3277 tres,
1054 3204 1177 3282 quauta
1194 3204 1246 3266 est
1262 3204 1422 3282 patientia
1436 3205 1509 3278 Dei,
1526 3208 1560 3269 et
1571 3208 1695 3285 quanta
1710 3209 1762 3273 est

108 3301 213 3362 Tertia
233 3316 319 3363 sero
341 3315 416 3378 quae
438 3299 475 3362 fit
494 3314 515 3361 a
536 3303 604 3364 Deo
618 3312 797 3381 numquam
822 3302 907 3365 saint
960 3300 1170 3379 impatientia
1185 3302 1310 3365 nostra.
1323 3319 1342 3363 a
1356 3304 1425 3365 Nos
1440 3304 1469 3365 si
1483 3303 1619 3382 injuriis
1630 3307 1689 3369 aut
1702 3307 1762 3368 ali·
1883 3316 1886 3324 ¹

108 3399 156 3460 rel
170 3398 313 3462 iallitur.
961 3416 1026 3478 qua
1049 3398 1188 3463 laesione
1214 3415 1447 3478 provocamur,
1483 3401 1597 3471 furore
1624 3408 1682 3467 aut
1708 3405 1761 3471 ira

142 3498 238 3560 Unde
252 3499 289 3559 et
306 3496 344 3558 iu
365 3513 406 3559 eo
421 3497 619 3576 completum
638 3500 724 3579 quod
746 3500 906 3562 Dominus
961 3497 1116 3561 commoti
1139 3497 1199 3561 aut
1224 3498 1384 3576 quantum
1402 3515 1590 3576 possumus,
1615 3504 1763 3566 nosmet-

107 3595 306 3674 promisorat
337 3610 398 3672 per
429 3596 623 3674 prophetam
658 3598 864 3661 Ezechielem
896 3620 905 3661 ι
960 3596 1051 3674 ipsos
1073 3595 1282 3670 ulciscimur,
1306 3597 1364 3659 aut
1382 3597 1471 3675 quod
1495 3614 1563 3660 non
1586 3615 1762 3677 possumus

113 3697 190 3756 Vivo
218 3708 301 3771 eoo,
337 3693 420 3759 dicit
446 3694 621 3769 Dominus,
656 3702 732 3759 uolo
758 3699 907 3760 onortem
960 3694 1082 3767 lacere,
1110 3693 1318 3757 mandamus.
1345 3696 1451 3768 Unde,
1471 3686 1685 3774 adimpletum
1711 3699 1763 3761 est

101 3793 305 3866 peccatoris.
322 3792 475 3854 Mortuus
494 3793 581 3856 euim
595 3795 670 3856 erat
682 3793 799 3858 beatus
812 3798 906 3856 Pau·
960 3793 1061 3857 etiam
1076 3792 1111 3853 in
1127 3792 1202 3870 ipso
1216 3792 1304 3870 quod
1319 3792 1398 3853 olim
1413 3794 1572 3855 Dominus
1584 3810 1645 3871 per
1662 3797 1762 3873 Moy·

106 3890 155 3951 lus
168 3890 296 3962 mente,
312 3891 465 3952 mortuus
479 3890 604 3968 lingua,
621 3893 655 3954 et
668 3894 820 3955 mortuus
834 3894 907 3957 erat
961 3908 1021 3953 sen
1041 3890 1241 3968 protestatus
1255 3888 1316 3960 ast,
1340 3889 1454 3950 dicens
1471 3911 1479 3949 ε
1495 3893 1582 3951 Ecce
1608 3895 1761 3959 occidam

106 4003 223 4062 manu,
252 3987 357 4059 idest,
388 4002 499 4066 opere.
536 3990 687 4052 Mortuus
722 3992 812 4055 certe
834 3994 906 4055 erat
960 3990 1126 4051 otvioere
1138 3989 1277 4062 sociam,
1299 3986 1542 4061 perculsorum
1556 4002 1619 4065 epo
1632 3993 1761 4055 sarrabo

107 4086 229 4158 mente,
262 4086 422 4163 quoniam
451 4087 658 4151 sicutmodo
687 4104 730 4152 ex
764 4090 907 4154 lectione
961 4086 1071 4167 (Daui.
1087 4098 1196 4158 xxxii,
1208 4083 1274 4164 39).
1287 4083 1414 4147 Occidit
1423 4085 1512 4147 enim
1527 4101 1613 4158 eum,
1625 4088 1758 4164 quando
1810 4160 1814 4166 .

106 4185 246 4245 ictuum
258 4182 495 4260 apostolorum
510 4184 649 4248 audistis
670 4208 679 4247 z
702 4190 826 4250 samm
838 4192 904 4251 ad·
961 4184 1038 4247 dum
1056 4185 1120 4247 iter
1138 4184 1268 4260 ageret,
1298 4181 1518 4246 circumfulsit
1541 4200 1616 4246 eum
1637 4185 1696 4248 lux
1717 4184 1759 4249 de

107 4284 169 4344 buc
185 4285 331 4356 spirans
350 4285 541 4355 missarum,
563 4286 597 4346 et
618 4288 720 4349 codis
741 4288 779 4347 in
798 4289 905 4348 elmet-
961 4283 1056 4356 coelo,
1085 4281 1118 4344 et
1139 4281 1261 4344 cadens
1285 4281 1322 4345 iu
1348 4280 1472 4345 terram
1498 4282 1627 4345 audivit
1644 4300 1761 4348 rocem
1881 4356 1885 4364 ,

104 4385 201 4454 ordor
226 4382 370 4443 Domtm
395 4377 482 4458 (Act.
511 4395 559 4452 rx,
583 4380 628 4461 1).
658 4382 809 4445 Mortuus
835 4387 907 4447 erat
961 4382 1125 4444 dicentem
1139 4379 1204 4442 sibi
1218 4382 1634 4455 :saumsoomoutcnw
1645 4398 1762 4458 perse·

108 4476 236 4553 lingua,
269 4477 429 4555 quoniam
465 4479 606 4541 accessit
640 4480 682 4542 ad
716 4481 907 4560 Principem
960 4481 1100 4556 queris?
1121 4482 1259 4542 Durrcm
1283 4477 1336 4543 est
1358 4477 1418 4543 tur
1439 4479 1562 4541 contra
1581 4481 1762 4545 attritorum

108 4572 328 4646 sacerdotum,
352 4575 386 4635 et
399 4572 495 4650 petiit
507 4573 548 4636 ab
563 4590 602 4637 eo
618 4575 776 4653 epistolas
791 4576 826 4639 in
840 4580 908 4640 Da·
960 4579 1155 4641 calcitrare.
1180 4577 1226 4638 Et
1245 4575 1399 4638 tremens
1416 4591 1458 4637 ac
1477 4576 1620 4650 strepens
1637 4568 1761 4642 amet:

109 4686 253 4732 muscum
269 4671 312 4733 ad
330 4687 529 4749 synagogas.
543 4673 694 4735 Mortuus
708 4676 905 4749 eratmanu,
962 4679 1044 4745 Quis
1069 4690 1116 4748 es,
1141 4676 1307 4737 notiores
1327 4674 1374 4736 nt
1395 4677 1567 4736 Dominus
1586 4677 1632 4734 od
1654 4689 1761 4738 eum:

110 4766 200 4841 idest,
225 4768 371 4842 actione,
397 4770 554 4847 quoniam
571 4770 646 4833 ideo
667 4772 764 4850 petiit
784 4774 909 4851 episto·
960 4779 1126 4853 Eposum
1136 4775 1238 4834 leeris
1253 4775 1576 4845 Nozoreuusouem
1590 4772 1628 4832 tu
1640 4787 1762 4847 persc-

110 4864 169 4935 las,
184 4866 231 4939 ut,
258 4867 289 4928 sl
304 4883 389 4945 quos
404 4868 587 4932 invenisset
602 4869 703 4947 hujus
717 4870 792 4943 riae,
809 4871 905 4945 idest,
961 4875 1079 4948 queris
1103 4868 1187 4948 (act.
1211 4884 1259 4941 rx,
1282 4868 1328 4948 4).
1355 4870 1429 4930 Lux
1452 4871 1599 4959 quaeest
1619 4869 1763 4950 desuper

110 4963 300 5037 clusianae
323 4964 500 5041 roligionis
525 4968 725 5042 sectatores,
753 4969 844 5031 viros
868 4985 908 5033 ac
962 4968 1144 5033 excaecavit
1157 4966 1253 5031 illum
1267 4966 1463 5043 incorpore,
1477 4968 1513 5028 ut
1528 4966 1587 5029 lux
1601 4985 1673 5046 quae
1688 4969 1764 5034 illu·

111 5060 263 5123 mulieres
273 5062 473 5139 perduceret
482 5062 518 5125 in
527 5065 723 5128 Jerusalem.
735 5067 809 5143 lpse
819 5068 907 5128 anim
963 5068 1068 5131 minat
1092 5080 1223 5128 omnem
1244 5064 1412 5129 hominem
1435 5064 1642 5129 illuminaret
1666 5068 1762 5131 illum

111 5160 341 5235 postmortem
362 5160 464 5238 primi
484 5163 641 5240 martyris
661 5163 820 5242 stephani
844 5164 907 5228 de·
963 5167 997 5228 in
1012 5165 1132 5227 mente.
1149 5164 1232 5236 nur,
1252 5161 1338 5229 idest
1351 5161 1514 5236 Christus,
1535 5164 1649 5227 intulit
1663 5166 1764 5228 caeci-

110 5256 258 5321 vastabat
278 5258 477 5332 Ecclesiam,
504 5274 565 5336 per
589 5260 704 5324 domos
726 5261 855 5325 intrans
876 5264 909 5326 et
962 5266 1075 5337 tatem,
1103 5262 1136 5325 et
1161 5261 1295 5327 caecitas
1322 5260 1436 5329 intulit
1460 5261 1580 5336 lucem,
1614 5262 1692 5340 quia
1721 5263 1763 5329 de

110 5355 241 5419 babens
261 5357 355 5419 viros
381 5373 422 5419 ac
444 5358 613 5431 mulieres,
638 5359 854 5438 tradebatque
872 5361 908 5427 in
964 5363 1065 5426 saulo
1094 5360 1201 5423 sactus
1225 5361 1276 5423 est
1304 5360 1446 5433 Paulus,
1482 5359 1523 5421 de
1549 5369 1762 5436 persecutore

8 5444 9 5451 ’
112 5453 302 5516 custodiam.
318 5455 360 5517 st
375 5470 452 5516 cum
464 5456 534 5519 tam
544 5456 672 5518 crudeli
684 5460 789 5520 morte
803 5459 914 5538 spiri-.
962 5462 1070 5525 iactus
1090 5460 1142 5522 est
1167 5458 1378 5537 praedicator,
1407 5458 1449 5520 de
1477 5457 1555 5533 lupo
1579 5455 1686 5533 sactus
1711 5461 1764 5523 est

112 5552 186 5613 tnali
199 5555 356 5615 mortuus
370 5553 473 5627 esset,
499 5553 664 5617 advitam
687 5557 748 5631 est,
769 5561 909 5623 vocante
964 5575 1086 5638 agnus,
1111 5557 1153 5621 de
1170 5556 1438 5635 blasphematore
1461 5553 1567 5616 Motus
1590 5555 1642 5618 est
1662 5572 1762 5625 verus

111 5649 254 5727 Domino,
270 5651 463 5715 revocatus.
965 5656 1128 5719 laudator.
