3968 6204
168 241 210 325 55
482 282 485 288 »
634 245 811 308 HONORII
833 246 877 307 111
898 247 1045 309 OPERA.
1063 277 1100 291 —
1117 250 1351 312 SERMONES.
1777 256 1825 318 50

209 401 324 465 Murus
348 401 515 481 significat
537 404 734 478 castitatem,
760 404 966 467 antemurale
1060 409 1183 471 Hortus
1212 409 1389 471 conclusus
1413 409 1475 473 tuit
1496 411 1533 472 in
1555 411 1729 476 nativitate
1756 413 1824 474 tilii

169 499 277 562 victus
290 499 513 574 sobrietatem,
525 503 628 564 turris
641 502 873 576 humilitatem,
884 520 965 580 pro·
1021 506 1084 578 sui,
1108 505 1194 583 quod
1218 524 1285 569 non
1308 507 1370 569 tuit
1390 511 1557 585 corrupta,
1586 526 1648 572 nec
1670 512 1704 571 in
1720 512 1826 588 partu

169 599 358 674 pugnacula
377 599 534 660 virtutum
549 599 756 662 varietatem.
782 603 899 662 Murus
914 602 965 662 si·
1021 618 1119 680 passa
1143 604 1207 665 iuit
1230 605 1392 680 dolorem,
1422 607 1509 683 quod
1533 607 1628 683 virgo
1654 607 1717 669 tuit
1742 609 1826 669 ante

168 695 306 771 gnificat
329 697 526 769 castitatem,
552 698 639 775 quod
661 699 746 760 sicut
770 715 884 760 murus
908 698 967 759 de-
1021 702 1162 777 partnm,
1177 702 1213 761 in
1226 702 1334 777 partu,
1349 704 1382 764 et
1397 703 1470 780 post
1482 706 1623 780 partum.
1638 707 1740 766 Beata
1753 708 1828 766 Ma·

168 792 275 855 tendit
302 794 474 854 castellum
500 794 541 856 ab
574 796 730 870 inimicia,
757 796 804 857 ita
830 797 966 859 castitas
1020 798 1072 858 ria
1087 798 1149 859 tuit
1163 798 1294 873 bortum
1312 800 1626 877 quodsicuthortus
1641 802 1828 864 tructitlcat

167 891 311 967 protegit
325 891 470 953 animam
490 909 509 953 a
532 893 769 955 tentationibus
784 895 968 955 daemonio-
1021 896 1057 956 in
1072 895 1186 956 herbis
1199 895 1337 958 ethonis
1352 896 1525 971 fructibus,
1538 899 1585 960 ita
1597 901 1700 962 Beata
1712 899 1826 960 Maria

169 1004 255 1060 rum,
281 989 314 1050 et
337 989 378 1050 ab
400 992 554 1053 omnibns
577 1007 692 1054 eornm
714 993 857 1064 insidiis,
880 992 966 1069 quod
1021 1009 1042 1055 a
1061 1008 1120 1054 sua
1131 994 1306 1069 juventute
1320 1010 1452 1071 semper
1471 995 1684 1059 fructificavit
1704 997 1739 1057 in
1754 998 1826 1074 piis

169 1085 335 1148 daemones
344 1089 472 1151 nullum
479 1090 676 1151 intentatum
685 1090 862 1153 dimittunt.
874 1088 967 1152 Unde
1021 1089 1177 1168 operibus
1192 1092 1351 1153 simultis
1367 1092 1558 1154 virtutibus.
1575 1096 1614 1156 nt
1629 1094 1716 1155 sicut
1735 1094 1826 1155 bor-

168 1185 290 1246 Beatus
306 1189 486 1263 Gregorius
499 1210 506 1248 :
519 1205 538 1248 a
552 1189 673 1250 Nullus
687 1189 723 1249 in
736 1189 799 1250 hac
811 1189 879 1250 vita
889 1190 966 1265 jus·
1021 1189 1074 1250 tus
1098 1188 1220 1251 colitur
1238 1190 1271 1252 et
1291 1189 1476 1251 custoditur
1495 1190 1536 1251 ab
1556 1190 1746 1263 hortulano,
1771 1192 1827 1254 ita

168 1283 278 1343 torum
292 1284 393 1357 venit,
411 1286 468 1362 qui
482 1302 550 1347 non
563 1286 692 1364 antiqui
706 1286 813 1348 hostis
826 1286 967 1347 insidias
1022 1288 1125 1348 Beata
1136 1287 1238 1363 Virgo
1253 1288 1361 1348 Maria
1379 1303 1439 1349 sua
1454 1288 1628 1350 nativitate
1643 1304 1774 1365 semper
1788 1288 1828 1350 et

168 1395 286 1456 passus
302 1382 355 1443 sit.
373 1399 392 1442 r
407 1384 447 1444 Εῖ
460 1384 616 1445 Salomon
630 1406 637 1444 :
651 1387 730 1457 Fili,
745 1387 909 1446 accedens
923 1386 968 1444 ad
1023 1385 1096 1445 sine
1111 1385 1357 1446 intermissione
1376 1385 1437 1447 tuit
1452 1387 1615 1447 custodita
1634 1385 1676 1446 ab
1691 1386 1827 1462 angelis

167 1479 374 1541 seruitutem
397 1484 472 1554 Dei,
495 1496 664 1557 praepara
689 1485 846 1543 animam
872 1482 968 1543 ticam
1022 1483 1055 1544 et
1080 1497 1101 1544 a
1130 1482 1256 1559 Spiritu
1287 1470 1431 1545 Sancto.¹
1452 1486 1499 1545 De
1526 1483 1590 1545 hoc
1618 1483 1714 1545 horto
1741 1483 1829 1544 dicit

166 1577 211 1635 ad
226 1575 452 1640 tentationem
468 1577 584 1658 (Uccli.
604 1595 642 1650 11,
659 1576 703 1660 1).
726 1579 819 1641 Unde
843 1578 877 1641 et
893 1595 968 1640 mu·
1023 1579 1127 1641 isaias
1140 1584 1243 1642 :Eris
1257 1582 1489 1655 emanantes
1503 1584 1672 1658 irrignus,
1686 1581 1827 1643 etsicnt

167 1687 225 1732 rus
249 1673 372 1736 dicitur
396 1692 436 1737 eo
462 1677 547 1755 quod
581 1678 721 1739 muniat.
750 1677 968 1754 apertissime
1021 1678 1098 1750 soris
1118 1692 1302 1751 aquaram,
1327 1681 1427 1751 onitas
1451 1693 1520 1739 non
1543 1678 1702 1750 deficient
1721 1691 1826 1751 aqna}

168 1770 305 1833 castitas
324 1772 445 1836 dicitur
460 1792 587 1849 murus,
612 1776 699 1853 quod
718 1776 826 1837 munit
846 1792 967 1852 corpus
1023 1772 1080 1853 (Is.
1097 1789 1190 1847 nuni,
1205 1773 1270 1853 11).

167 1868 201 1930 et
225 1869 382 1931 animam.
409 1872 449 1933 st
470 1872 557 1935 sicut
582 1890 702 1936 aurum
725 1874 776 1935 est
799 1873 911 1934 carius
934 1875 968 1935 et
1061 1874 1183 1933 Hortus
1206 1872 1355 1948 irriguus
1377 1872 1439 1934 tuit
1453 1873 1554 1933 Beata
1575 1872 1677 1948 Virgo
1699 1871 1822 1944 Maria,

167 1968 347 2043 pretiosius
360 1970 513 2032 omnibus
528 1971 683 2043 metallis,
702 1971 749 2032 ita
762 1971 897 2032 castitas
917 1970 968 2032 est
1022 1985 1095 2046 quae
1105 1969 1533 2045 suitirrigatavirtutibusa
1546 1969 1826 2047 SpirituSancto;

168 2064 279 2127 carior
290 2069 324 2129 et
338 2069 506 2145 acceptior
520 2072 588 2130 Deo
605 2068 759 2131 omnibus
775 2069 964 2141 virtutibus,
1022 2066 1095 2128 tons
1109 2083 1271 2144 aquarum
1282 2066 1355 2141 tuit,
1370 2068 1456 2145 quod
1470 2068 1555 2128 sicut
1568 2066 1642 2128 tons
1658 2081 1824 2143 aquarum

168 2163 254 2241 quod
267 2165 396 2225 nullum
410 2164 533 2227 bonum
547 2167 599 2229 θεῖ
613 2169 785 2244 acceptum
800 2169 879 2240 Deo,
901 2166 967 2227 nisi
1021 2166 1123 2227 satiat
1143 2169 1175 2228 et
1199 2165 1377 2242 refrigerat
1400 2180 1540 2242 corpora
1564 2164 1748 2233 bominum,
1773 2164 1823 2226 ita

168 2276 229 2336 per
241 2262 428 2325 castitatem
442 2264 486 2324 sit
498 2265 673 2325 munitum.
1020 2265 1122 2325 Beata
1137 2264 1239 2340 Virgo
1253 2263 1361 2324 Maria
1372 2279 1432 2340 per
1447 2263 1614 2325 orationes
1625 2278 1702 2322 suas
1718 2262 1822 2324 satiat

208 2359 387 2421 Castellum
415 2362 526 2423 Beatee
559 2362 675 2423 Mariae
706 2361 770 2424 fuit
803 2363 967 2424 munitum
1021 2362 1054 2423 et
1065 2360 1243 2438 refrigerat
1255 2361 1383 2422 animas
1399 2362 1619 2438 peccatorum.
1637 2360 1716 2432 Quis
1728 2359 1819 2420 enim

163 2470 258 2516 muro
274 2457 536 2535 inexpugnabili,
553 2460 648 2533 idest,
664 2460 817 2522 castitate
832 2461 965 2537 insupe·
1020 2458 1138 2521 devote
1158 2458 1328 2521 invocavit
1348 2474 1433 2530 eam,
1450 2458 1482 2519 et
1494 2473 1561 2518 non
1576 2458 1627 2518 est
1643 2456 1823 2518 exauditus

166 2551 278 2621 rabili,
298 2553 345 2615 ita
359 2555 396 2616 nt
416 2571 587 2634 nunquam
608 2572 744 2617 sensum
766 2559 838 2634 ejus
861 2555 966 2618 libido
1021 2554 1062 2615 ab
1081 2557 1140 2617 eat
1154 2557 1229 2632 Ipsa
1248 2556 1299 2617 est
1317 2556 1423 2617 mater
1442 2553 1630 2616 dilectionis
1650 2554 1683 2615 et
1696 2555 1824 2614 sanctae

167 2648 325 2726 tetigerit,
351 2668 411 2714 nec
430 2654 539 2716 tenuis
558 2655 714 2731 cogitatio
729 2656 873 2716 mentem
889 2655 965 2731 pol·
1021 2653 1103 2730 spei.
1121 2655 1161 2714 Et
1177 2653 1358 2715 notandum
1375 2653 1464 2730 quod
1478 2652 1529 2713 bis
1543 2651 1729 2713 nominavit
1743 2651 1828 2712 bor-

168 2746 279 2809 luerit.
298 2750 391 2812 Unde
404 2751 546 2829 legimus
560 2753 596 2815 in
607 2753 748 2815 Genesi:
764 2755 968 2828 ipsaconte·
1021 2753 1090 2813 tum
1102 2751 1309 2827 conclusnm3
1324 2751 1411 2829 quod
1423 2751 1501 2814 lecit
1513 2750 1646 2828 propter
1656 2748 1824 2825 duplicem

167 2846 224 2906 ret
237 2849 339 2923 capnt
355 2849 463 2923 tunm,
479 2852 512 2912 et
528 2852 565 2912 tn
577 2854 797 2913 insidiaberis
810 2856 967 2913 calcaneo
1022 2850 1224 2922 castitatem,
1249 2849 1420 2921 videlicet,
1455 2848 1604 2925 corporis
1630 2848 1664 2909 et
1685 2846 1818 2908 mentis.

169 2945 245 3015 ejas
260 2942 355 3025 (Gen.
371 2962 422 3020 111,
440 2947 504 3027 15).
525 2951 627 3010 Beata
644 2948 746 3025 Virgo
762 2948 870 3009 Maria
887 2964 969 3011 con·
1022 2947 1165 3009 castitas
1180 2947 1329 3024 corporis
1343 2948 1393 3008 est
1406 2961 1484 3008 caro
1497 2946 1687 3021 incorrupta
1701 2944 1734 3005 et
1746 2959 1824 3003 cas-

167 3041 261 3104 trivit
282 3045 381 3122 caput
399 3047 578 3123 serpentis,
599 3046 695 3119 idest,
721 3046 967 3123 suggestionem
1021 3045 1100 3106 titas
1115 3043 1234 3105 mentis
1249 3044 1310 3113 est,
1328 3044 1357 3103 si
1373 3043 1485 3104 anima
1500 3042 1602 3103 tuerit
1618 3057 1638 3103 a
1655 3055 1824 3102 consensu

168 3138 339 3214 daemonis,
357 3143 443 3220 quod
459 3159 520 3205 nec
535 3145 706 3221 peccatum
719 3145 826 3222 potuit
844 3145 875 3206 ei
889 3144 966 3206 dia·
1022 3142 1170 3203 libidinis
1187 3142 1309 3203 aliena.
1329 3142 1476 3218 Utraque
1496 3140 1632 3202 castitas
1652 3153 1824 3200 commen-

167 3235 263 3299 bolus
275 3240 427 3314 suadere,
441 3258 504 3303 nec
516 3245 588 3319 ejus
599 3242 746 3304 animum
758 3244 800 3305 ad
815 3243 967 3304 delecta-
1022 3241 1120 3302 datur
1134 3241 1170 3301 in
1182 3240 1285 3303 Beata
1299 3239 1448 3316 Virgine,
1466 3254 1539 3316 quae
1554 3252 1693 3314 corpore
1707 3238 1740 3298 et
1755 3235 1820 3312 spi-

168 3334 293 3397 tionem
311 3337 464 3400 illicitam
481 3339 656 3402 inclinare.
672 3340 735 3402 sed
751 3343 864 3403 tamen
879 3341 966 3402 insi·
1021 3340 1089 3401 ritu
1105 3339 1168 3400 tuit
1182 3340 1308 3410 sancta,
1326 3338 1412 3415 qnod
1432 3337 1516 3397 nibil
1531 3335 1667 3413 prodest
1683 3349 1821 3396 carnem

170 3432 280 3495 dietus
299 3435 350 3498 est
369 3437 526 3500 calcaneo
549 3442 632 3517 ejus,
649 3439 780 3517 quando
804 3439 839 3499 in
861 3439 968 3500 morte
1022 3438 1248 3514 incorruptam
1259 3450 1405 3507 servare,
1420 3435 1453 3496 et
1463 3433 1605 3495 mentem
1616 3449 1675 3510 per
1685 3447 1824 3494 consen-

169 3529 230 3591 illii
256 3532 308 3594 sui
331 3533 445 3598 dolore
468 3536 634 3613 passionis
655 3536 779 3599 afflicta
802 3539 864 3608 est,
882 3535 969 3599 sicut
1023 3552 1096 3597 sum
1122 3534 1270 3595 libidinis
1296 3532 1471 3594 inclinare.
1501 3531 1595 3592 Unde
1620 3529 1819 3607 Apostolus:

166 3627 292 3705 legitur
305 3631 341 3692 in
353 3633 553 3710 Evangelio:
571 3639 679 3697 inam
691 3638 801 3710 ipsias
812 3639 969 3697 animam
1022 3638 1150 3696 Mniier
1164 3632 1311 3706 innupta
1326 3632 1361 3693 et
1384 3634 1484 3707 virgo
1501 3628 1629 3705 cogitat
1647 3643 1724 3702 qicce
1742 3627 1827 3689 sunt

165 3728 395 3802 pertransibit
406 3735 540 3808 aiodins
553 3729 646 3812 (Luc.
661 3747 697 3803 11,
713 3730 780 3813 35).
1022 3731 1172 3801 Domini,
1195 3729 1235 3789 ai
1258 3727 1305 3788 sit
1324 3727 1447 3788 smecta
1466 3738 1612 3799 corpore
1635 3738 1676 3784 ac
1695 3721 1825 3797 spiritu

209 3828 312 3889 Beata
326 3830 435 3891 Maria
455 3830 627 3907 exemplar
644 3829 708 3892 iun
728 3829 891 3892 castitatis
904 3828 969 3892 uir·
1024 3824 1053 3907 (I
1066 3829 1140 3888 Cor.
1154 3840 1214 3897 vn,
1231 3822 1297 3902 34).

169 3922 302 3998 ginibus
314 3927 544 4004 etconjugatis
557 3927 762 3988 mulieribus.
780 3931 867 3989 ineo
879 3928 968 3989 enim
1061 3921 1275 3986 antemurale
1295 3918 1462 3995 significat
1478 3916 1712 3978 abstinentiam
1729 3915 1828 3977 cibo-

169 4021 256 4097 quod
275 4023 369 4098 virgo
391 4024 520 4100 peperit
536 4024 716 4097 Christum,
741 4026 885 4088 ostendit
898 4025 970 4088 vir·
1022 4039 1096 4083 rum
1117 4023 1150 4084 et
1170 4020 1318 4097 potuum,
1336 4016 1421 4094 quod
1446 4014 1532 4076 sicut
1547 4012 1753 4075 antemurale
1770 4014 1827 4075 est

170 4119 303 4194 ginibus
326 4120 560 4182 inestimabile
588 4122 721 4183 donum.
750 4126 788 4184 in
816 4140 855 4186 eo
881 4124 968 4201 quod
1024 4119 1163 4181 salvatio
1183 4118 1216 4178 et
1234 4114 1394 4192 protectio
1413 4114 1534 4182 turris,
1555 4112 1588 4173 et
1609 4111 1696 4172 muri
1719 4112 1823 4172 totius

170 4212 234 4276 fuit
254 4216 463 4293 desponsata,
492 4217 636 4281 ostendit
655 4220 843 4296 conjugatis
862 4236 882 4280 a
901 4223 968 4281 Deo
1024 4216 1135 4288 castri,
1152 4214 1199 4276 ita
1209 4212 1354 4291 parcitas
1368 4213 1401 4273 et
1411 4209 1613 4272 abstinentia
1625 4208 1774 4270 ciborum
1787 4213 1822 4270 et

170 4328 244 4374 esse
264 4313 439 4377 benedicta
463 4317 630 4394 conjugia.
655 4317 749 4379 Unde
771 4317 912 4394 legimus
934 4317 969 4378 in
1022 4316 1158 4393 potuum
1168 4310 1266 4374 ornat
1275 4311 1308 4371 et
1318 4309 1461 4387 protegit
1472 4308 1669 4369 castitatem.
1689 4306 1723 4367 Si
1734 4306 1824 4368 enim

170 4411 313 4474 canticis
326 4414 559 4476 canticorum:
576 4416 713 4478 Hortus
727 4421 905 4478 concitans
919 4430 967 4488 es,
1024 4426 1179 4473 mensura
1198 4410 1233 4471 in
1257 4408 1331 4469 cibo
1351 4409 1385 4469 et
1403 4407 1483 4483 potu
1506 4421 1573 4467 non
1595 4405 1736 4476 tenetur,
1756 4403 1821 4465 cito

170 4524 273 4573 saror
286 4526 375 4585 nica,
389 4514 511 4575 inertias
522 4519 700 4576 conclusas
716 4512 825 4594 (Cant.
839 4528 884 4584 iv,
902 4511 966 4592 12).
1024 4510 1130 4571 virtus
1142 4506 1305 4570 castitatis
1320 4504 1490 4582 polluitur.
1506 4503 1599 4565 Unde
1613 4501 1731 4564 beatus
1747 4504 1827 4562 Gre-

171 4608 322 4671 Uhristus
350 4610 532 4688 alloquitur
561 4611 732 4687 Virginem
758 4610 909 4683 Matrem,
937 4611 971 4672 et
1024 4607 1163 4685 gorius:
1181 4623 1199 4666 r
1219 4607 1301 4665 Cum
1316 4619 1436 4680 corpus
1454 4602 1488 4662 in
1502 4600 1695 4663 resectionis
1709 4599 1826 4660 delec-

171 4706 252 4768 dicit
266 4722 339 4769 eam
353 4708 406 4769 bis
421 4726 496 4771 esse
516 4709 648 4772 bortum
663 4709 867 4771 conclusum.
884 4710 972 4769 Hor·
1025 4706 1184 4768 tationem
1199 4701 1389 4773 resolvitur,
1411 4715 1489 4761 caro
1505 4699 1570 4761 cito
1591 4699 1632 4759 ad
1652 4696 1824 4758 libidinem

170 4804 224 4866 tus
239 4806 414 4867 conclusus
438 4807 501 4869 iuit
521 4808 557 4868 in
579 4809 796 4885 conceptione
819 4807 881 4867 tilii
905 4808 970 4876 sui,
1025 4803 1217 4866 effrenatur.
1231 4817 1250 4860 s
1265 4801 1305 4861 Et
1314 4797 1474 4860 Dominus
1484 4796 1565 4857 dicit
1577 4796 1612 4856 in
1623 4793 1827 4870 Evangelio:

173 4903 259 4980 quod
277 4920 457 4982 numquam
471 4904 535 4967 tuit
548 4906 686 4984 polluta,
704 4906 761 4968 sed
774 4905 972 4967 annuntiata
1025 4902 1200 4964 Attendite
1226 4913 1269 4960 ne
1289 4897 1485 4974 graventur
1512 4897 1618 4956 corda
1642 4893 1761 4953 vestra
1786 4894 1825 4952 tn

173 4999 237 5061 tuit
258 5000 299 5062 ab
317 5003 456 5078 angelo,
478 5004 564 5065 sicut
582 5004 614 5065 ei
631 5003 735 5065 dixit:
758 5007 846 5064 Ecce
859 5006 973 5064 conci-
1026 4997 1216 5074 marniaci
1234 4995 1401 5059 ebrietate
1420 4989 1515 5072 (Luc.
1536 5006 1607 5058 xm,
1630 4988 1696 5068 34).
1716 4991 1829 5060 Quare

170 5102 248 5174 pies
271 5101 304 5161 et
325 5104 447 5175 paries
470 5102 590 5175 tiliam,
611 5102 646 5163 et
666 5101 844 5162 vocabitur
862 5102 971 5162 Attis·
1027 5097 1188 5159 Dominus
1206 5092 1347 5154 dixisset
1365 5091 1429 5152 boc
1447 5088 1596 5160 verbum,
1618 5087 1684 5148 nisi
1704 5086 1827 5148 diffusa

172 5198 254 5259 simi
274 5199 366 5270 fitius
388 5195 482 5277 (Luc.
505 5213 528 5271 1,
550 5198 618 5278 31).
644 5197 826 5274 Respondit
848 5197 971 5274 Virgo:
1028 5193 1187 5257 comestio
1202 5191 1290 5252 esset
1303 5204 1406 5266 grase
1420 5188 1604 5265 peccatum.

174 5296 345 5361 Quomodo
367 5297 428 5370 liet
453 5297 557 5370 istud,
579 5300 743 5372 qnoniam
764 5299 883 5357 airam
904 5311 974 5357 non
1068 5297 1139 5366 Qua
1157 5291 1191 5352 in
1206 5307 1242 5351 re
1258 5289 1361 5350 Beata
1377 5288 1480 5363 Virgo
1496 5285 1604 5346 Maria
1619 5284 1746 5345 tantam
1761 5281 1827 5344 cibi

174 5397 357 5469 cognosco?
381 5392 492 5475 (ibid,
517 5394 586 5474 34.)
615 5396 655 5456 Εῖ
678 5394 726 5456 ait
750 5393 896 5470 Angelus
920 5394 972 5455 ei:
1029 5395 1061 5454 et
1075 5394 1171 5469 potus
1182 5388 1289 5450 tenuit
1304 5384 1539 5447 abstinentiam
1553 5384 1586 5444 et
1599 5382 1824 5454 sobrietatem,

175 5492 329 5564 Spiritus
374 5495 521 5556 Sanctus
553 5492 777 5569 stipamine
818 5496 854 5553 in
890 5493 971 5554 ta...
1029 5504 1065 5552 ut
1084 5503 1203 5564 corpus
1228 5487 1301 5562 eJus
1324 5481 1484 5545 meruerit
1506 5497 1580 5543 esse
1601 5478 1828 5541 habitaculum

176 5586 286 5668 (Ibida
299 5589 366 5671 35·)
1030 5585 1143 5649 Sancti
1165 5583 1322 5661 Spiritus,
1345 5583 1378 5644 et
1391 5580 1493 5643 totius
1515 5577 1688 5640 Trinitatis
1708 5576 1831 5653 bospi-
