3958 6204
180 327 241 401 247
646 329 823 392 HONORII
844 330 891 390 111
912 330 1060 393 OPERA.
1075 360 1117 376 -
1131 330 1364 396 SERMONES.
1773 336 1836 397 248

180 494 261 569 octa
277 490 356 569 qula
371 488 471 553 lactei
485 505 542 552 eos
557 504 655 566 reges
670 491 830 567 quantum
844 489 885 551 ad
901 488 980 568 pul·
1033 492 1131 570 quasi
1152 493 1279 571 vipera.
1303 493 1387 567 Quia
1409 493 1497 558 nont
1523 494 1641 573 vipera
1662 496 1715 560 est
1733 495 1836 573 plena

182 588 403 651 claritudinem
419 588 452 650 et
461 589 657 666 potestatem
671 589 705 650 et
716 586 919 658 felicitatem,
933 590 980 652 ita
1034 605 1172 663 veneno,
1189 589 1236 652 ita
1251 591 1386 668 iniquus
1400 591 1434 653 et
1448 607 1627 669 perversus
1643 594 1694 654 est
1713 593 1835 670 plenus

183 688 222 749 ut
234 688 346 748 omnia
361 686 506 748 habeant
520 700 579 763 pro
594 685 774 748 voluntate.
789 686 883 748 Unde
897 686 977 749 lob:
1034 687 1124 748 omni
1153 688 1281 750 malitia
1304 690 1338 751 et
1360 689 1547 766 iniquitate.
1575 689 1628 751 Ilii
1649 706 1730 753 vero
1755 690 1835 751 sunt

181 782 260 847 Non
271 785 407 858 cnseret
420 784 542 856 ajusto
553 788 666 846 ocutos
679 799 771 856 neos,
788 784 821 846 ct
834 788 981 861 reposta
1034 784 1183 860 perversi
1196 785 1341 861 quisunt
1353 785 1413 845 tilii
1422 800 1668 862 perversorum.
1684 788 1742 848 Isti
1756 790 1836 848 sunt

179 881 981 959 soltocottoccttcperpetnnm,etillicertountur
1034 881 1075 941 de
1089 882 1251 958 progenie
1269 882 1471 959 viperarum,
1502 884 1580 961 quia
1607 884 1770 946 venenosi
1792 884 1834 945 de

182 976 268 1057 (Job.
283 994 401 1051 xxxvr,
416 977 462 1058 7).
478 982 525 1041 Ac
539 979 570 1040 si
583 980 732 1042 diceret:
747 979 896 1041 Custodit
913 981 981 1040 Do-
1033 979 1210 1040 venenosis
1224 980 1334 1042 exorti
1346 982 1434 1043 sunt.
1452 981 1577 1054 Quibus
1592 981 1734 1043 dicitur:
1749 985 1834 1049 Quis

181 1077 294 1137 minus
308 1078 429 1153 justos,
445 1077 482 1138 ut
500 1078 614 1155 pastor
628 1093 773 1154 gregem,
790 1078 824 1139 et
837 1075 980 1138 collocat
1034 1077 1182 1138 ostendit
1199 1081 1293 1139 soon
1305 1080 1428 1154 nagera
1440 1093 1464 1140 o
1477 1079 1628 1141 cantura
1638 1082 1720 1140 arar
1742 1082 1790 1141 Ac
1803 1079 1834 1140 si

182 1175 290 1236 cosin
309 1174 431 1247 tuturo,
451 1177 546 1253 quasi
570 1191 667 1252 reges
683 1176 718 1236 in
739 1175 835 1245 solio,
858 1176 891 1237 et
910 1174 980 1236 illic
1034 1175 1148 1250 aperte
1162 1174 1251 1237 dicat
1266 1195 1274 1235 ε
1291 1176 1369 1253 quid
1391 1175 1568 1238 facietisin
1588 1176 1641 1237 die
1655 1176 1728 1249 irae,
1757 1192 1834 1238 clun

182 1274 358 1349 eriguntur
369 1274 427 1350 qui
441 1273 497 1336 bic
508 1273 729 1335 humiliantur
743 1274 777 1335 et
788 1262 981 1350 deprimun-
1034 1286 1101 1332 non
1114 1271 1245 1334 faciatis
1258 1272 1384 1335 tructus
1397 1273 1612 1350 poennennae,
1622 1289 1684 1335 nec
1696 1274 1836 1336 senten-

179 1371 245 1434 tur.
261 1369 501 1434 Gchaereditate
521 1372 663 1447 Christ13
680 1371 762 1449 quia
773 1371 860 1433 sicut
873 1370 980 1432 boeres
1034 1369 1114 1431 tiam
1130 1369 1257 1432 iudicis
1276 1371 1418 1434 valeatis
1439 1371 1607 1447 effugeret
1624 1373 1663 1432 In
1683 1371 1737 1433 die
1758 1372 1833 1445 irae,

177 1468 268 1547 juste
281 1469 429 1547 possidet
442 1470 671 1533 haereditatem
686 1470 806 1547 patris,
820 1468 867 1531 ita
882 1467 980 1529 electi
1034 1466 1120 1529 idest
1134 1467 1374 1546 indiejudlcii,
1383 1468 1513 1547 quaudo
1523 1468 1640 1532 reddet
1652 1468 1836 1547 unicuique

179 1568 327 1644 regalem
343 1568 471 1630 curiam
485 1570 518 1630 et
535 1567 775 1631 beatitudinem
795 1565 890 1642 regni
907 1582 980 1628 coe-
1034 1565 1219 1627 secundum
1247 1581 1349 1643 opera
1377 1581 1449 1635 sua,
1478 1568 1516 1628 et
1534 1565 1699 1643 judicabit
1719 1565 1836 1629 orbem

181 1665 285 1729 lestis.
312 1665 407 1728 Unde
427 1665 605 1744 Apostolus
628 1688 636 1726 z
658 1668 825 1729 Haeredes
843 1668 981 1740 quadem
1033 1663 1132 1725 terra
1144 1662 1330 1740 injustitia,
1347 1665 1381 1727 et
1393 1663 1534 1742 populos
1543 1664 1580 1725 in
1588 1664 1837 1740 aquitatetllis

178 1764 585 1836 Dei,coboercdesautem
596 1762 843 1842 Cbrtsttfflom.
856 1778 899 1835 ιι,
914 1760 978 1841 17),
1034 1759 1327 1838 praedicationibus
1350 1764 1384 1824 et
1406 1760 1669 1824 correctionibus
1692 1762 1836 1825 loannis

181 1860 405 1924 Similitudine
431 1861 507 1937 Dei3
531 1862 609 1940 quia
637 1861 724 1924 sicut
743 1864 889 1923 loannes
908 1861 977 1922 ait:
1034 1859 1191 1935 Baptistae
1206 1859 1301 1921 multi
1315 1861 1502 1937 compuncti
1518 1858 1676 1936 baptizati
1691 1860 1780 1930 sunt,
1801 1860 1837 1921 et

179 1959 310 2020 «Nunc
325 1959 385 2020 tilii
399 1960 458 2021 Dei
473 1976 590 2021 sumus
602 1960 637 2020 in
652 1959 716 2021 boc
730 1959 870 2031 mundo,
881 1958 979 2020 vide·
1034 1956 1083 2018 sic
1106 1955 1240 2019 incultae
1260 1959 1360 2019 terrae
1383 1957 1509 2034 proluit
1531 1956 1676 2019 vomeris
1701 1957 1836 2030 scissio,

180 2053 270 2127 licet,
286 2056 496 2133 pergratiam
505 2058 537 2118 et
551 2056 783 2129 imitationem,
793 2058 826 2117 et
835 2054 979 2117 nondum
1034 2053 1136 2126 idest,
1146 2055 1358 2131 peccatorum
1372 2055 1576 2133 increpatio.
1584 2057 1730 2117 mannes
1744 2057 1838 2131 Bap-

182 2153 346 2230 apparuit,
364 2153 442 2231 quid
453 2154 606 2215 erimus»
620 2152 649 2233 (Ι
662 2156 758 2216 Joan.
771 2169 821 2224 ιιι,
832 2153 880 2233 2).
895 2152 982 2214 Sub·
1034 2152 1112 2213 tiata
1148 2153 1240 2214 tenet
1275 2152 1331 2214 bic
1367 2168 1544 2230 personam
1575 2151 1655 2214 boni
1690 2151 1836 2229 praelatis

180 2250 315 2313 auditur
331 2251 367 2312 in
380 2250 544 2314 claritate.
558 2252 653 2314 Unde
667 2253 979 2327 bominusfflutoc-
1035 2249 1131 2322 Quia,
1160 2250 1246 2311 sicut
1268 2249 1340 2327 ipsa
1363 2249 1566 2328 praedicabat
1588 2250 1621 2311 et
1643 2248 1841 2325 corrigebat

181 2348 364 2422 buntjustt
377 2350 467 2411 stood
481 2355 532 2412 sot
547 2354 585 2412 tn
596 2364 705 2427 reone
718 2350 841 2413 Patris
858 2364 980 2411 cortem
1034 2346 1193 2424 populum
1207 2347 1243 2409 in
1264 2347 1407 2421 deserto,
1421 2348 1469 2410 ita
1482 2347 1590 2409 bourn
1607 2348 1723 2425 pastor
1737 2346 1839 2409 debet

183 2443 864 2526 (Mani.1111,43),quiavidebimuseum
882 2446 980 2510 sicuti
1034 2444 1229 2521 praedicare,
1255 2461 1401 2518 monere,
1434 2445 1468 2508 et
1492 2445 1661 2520 corrigere
1684 2443 1838 2506 subditos

181 2545 242 2615 est,
272 2543 307 2605 in
337 2545 510 2622 majestate
537 2544 703 2607 videlicet.
737 2546 842 2606 Erunt
868 2545 979 2621 itaque
1035 2543 1161 2607 suos-in
1171 2543 1331 2615 Ecclesia,
1350 2544 1429 2620 quia
1446 2543 1514 2620 ipsi
1526 2542 1602 2604 data
1622 2542 1672 2604 est
1686 2542 1838 2619 potestas

181 2640 363 2704 Christiani
381 2641 495 2718 magni
517 2657 614 2717 reges
640 2658 715 2704 cum
730 2656 859 2703 summo
877 2644 977 2718 Rege,
1034 2641 1239 2719 praedicandi
1255 2641 1289 2703 et
1307 2640 1501 2717 corrigendi
1515 2656 1535 2701 a
1550 2643 1636 2705 Deo..
1649 2642 1728 2713 Quae
1744 2639 1838 2700 enim

82 2752 87 2762 ·
180 2737 403 2801 baeredesiiei
416 2754 490 2800 cum
503 2739 633 2801 Christo
644 2738 834 2812 cohaerede,
843 2738 981 2816 praetul-
1034 2741 1142 2816 major
1164 2739 1407 2807 misericordia,
1435 2738 1492 2800 aut
1511 2738 1619 2815 pietas
1644 2738 1704 2808 est,
1733 2752 1841 2815 qlram

181 2837 309 2913 gentes,
332 2836 427 2910 idest,
444 2836 541 2898 valde
556 2836 766 2914 splendentes
781 2834 979 2898 Deisimili-
1034 2837 1164 2898 animas
1183 2836 1395 2899 morientium
1416 2835 1622 2899 subditorum
1647 2834 1835 2907 vivificare,

181 2930 309 2992 tudine.
318 2932 388 2992 Nos
400 2930 512 3007 igitur,
525 2930 743 3003 dilectissimi,
753 2930 892 2992 Domino
900 2932 980 2992 Jesu
1034 2936 1185 2997 errantes
1200 2934 1242 2995 ad
1265 2934 1355 2995 viam
1369 2933 1511 3011 justitiae
1525 2931 1838 3016 reduceretractos

180 3027 312 3090 Christo
335 3028 562 3089 ministremus
578 3028 615 3088 in
636 3028 795 3105 praesenti
816 3027 885 3089 vita
903 3043 979 3088 cum
1034 3032 1253 3105 consolidare,
1265 3032 1404 3094 moestos
1415 3031 1449 3094 et
1463 3046 1625 3109 pauperes
1640 3029 1838 3091 consolaril

181 3122 369 3187 humilitate
388 3128 422 3187 et
446 3125 618 3202 patientia,
644 3126 681 3187 ut
701 3125 832 3187 honore·
845 3124 983 3188 tandem
1034 3132 1074 3192 Et
1096 3130 1171 3191 ideo
1190 3129 1238 3191 ait
1265 3130 1462 3192 Joannesvin
1490 3143 1633 3206 persona
1657 3126 1839 3203 cuiuslibet

180 3221 385 3298 magnificati
398 3238 472 3284 cum
487 3222 560 3300 ipso
571 3212 763 3285 exultemus
772 3222 807 3284 in
817 3222 942 3300 patria.
1033 3228 1166 3305 predati
1189 3249 1198 3289 ε
1222 3230 1359 3304 Acasto·
1377 3229 1539 3289 Ecclesia
1563 3227 1686 3287 Sordts
1712 3243 1724 3285 .·
1750 3225 1838 3286 Esto

1033 3329 1181 3404 cloacas
1195 3326 1229 3388 ct
1241 3326 1650 3400 mnflmnorcliquo,quae
1658 3322 1838 3385 mon-itm

514 3448 627 3536 ΧΧΠ
1032 3419 1392 3501 erest(apoc.111,2).
1758 3516 1765 3530 ι

1073 3519 1289 3593 charissimi,
1305 3522 1377 3598 jam
1404 3519 1575 3583 moriturae
1605 3517 1684 3580 sunt
1711 3532 1837 3578 ammae

276 3645 474 3706 1NFEST0
494 3642 892 3707 EVANGBMSTARUM·
1034 3617 1251 3690 subditorum,
1268 3617 1334 3678 nisi
1345 3617 1583 3679 confirmentur
1596 3631 1656 3692 per
1669 3630 1783 3676 curam
1798 3615 1837 3676 et

1033 3715 1294 3779 sollicitudinem
1307 3715 1531 3794 praelatorum.
1547 3717 1652 3788 Quam
1664 3712 1837 3789 torpentes

218 3817 343 3877 Messa
370 3817 508 3889 qnidam
534 3814 654 3883 mono,
676 3815 834 3890 operarii
861 3812 980 3874 autem
1034 3812 1296 3889 et‘negligentes
1327 3813 1405 3884 sint,
1434 3811 1500 3889 ipsi
1527 3810 1683 3873 viderint.
1709 3808 1840 3884 vigilet

177 3916 289 3988 ponci.
318 3914 448 3989 Rogata
474 3926 558 3989 croc
582 3915 770 3973 Dominum
794 3913 924 3972 messis.
941 3912 981 3972 ut
1036 3926 1115 3987 ergo
1131 3910 1270 3989 quilibet
1291 3909 1450 3986 praelatus
1469 3909 1505 3970 et
1522 3907 1652 3970 laboret
1665 3905 1840 3983 implendo

178 4011 296 4072 mittat
310 4013 489 4086 oporamos
503 4013 541 4070 tn
559 4024 709 4072 messem
722 4024 823 4071 suam
846 4006 977 4088 (Mattb.
1036 4025 1138 4069 suum
1148 4007 1388 4070 ministerium..
1398 4007 1516 4069 Faciat
1524 4022 1607 4083 opus
1622 4002 1840 4079 evangelistae

176 4106 307 4186 1x‚37).
1036 4106 1108 4169 sive
1133 4104 1374 4184 praedicatoris,
1398 4104 1485 4165 sicut
1506 4103 1587 4165 dicit
1611 4101 1734 4164 Paulus
1756 4122 1764 4161 ε
1789 4104 1841 4163 Tu

218 4204 373 4279 Legimus
388 4204 424 4263 in
439 4204 543 4264 Sacra
556 4203 740 4280 Scriptura,
757 4202 844 4280 quod
860 4200 979 4262 messis
1035 4220 1119 4267 cero
1141 4208 1257 4282 otono,
1282 4207 1321 4265 ln
1343 4205 1500 4266 omnibns
1525 4205 1654 4271 moero,
1677 4214 1767 4273 opus.
1781 4200 1842 4272 soc

181 4299 325 4372 Domini,
341 4299 428 4361 sicut
441 4301 561 4361 messis
577 4299 722 4361 hominis
742 4299 870 4376 indiget
891 4315 978 4376 qua-
1036 4301 1272 4377 connoeltstoa,
1310 4300 1552 4362 ministerium
1592 4298 1691 4358 tunm
1731 4300 1841 4369 imple

181 4396 325 4474 druplici
340 4397 482 4469 cultura,
496 4396 593 4470 idest,
605 4397 750 4458 vomeris
765 4396 916 4458 aratione
926 4395 979 4457 vel
1037 4397 1083 4477 (II
1095 4399 1178 4459 Tim.
1197 4414 1244 4470 1v,
1261 4396 1306 4478 5).
1321 4396 1502 4459 Detalibus
1513 4393 1702 4473 pastoribus
1714 4393 1842 4454 dicitur

181 4494 355 4568 scissione,
378 4495 569 4572 pluviarum
585 4494 763 4566 inlusione,
786 4493 883 4555 falcis
900 4509 978 4555 sec·
1035 4511 1096 4574 per
1109 4496 1289 4558 Jeremiam
1305 4516 1314 4555 ι
1329 4498 1423 4557 Dabo
1441 4497 1535 4556 cobis
1547 4493 1706 4569 postcras
1719 4506 1844 4554 secun·

178 4594 279 4669 tione,
296 4594 330 4656 et
351 4608 439 4655 areae
457 4591 680 4656 trituratione.
694 4591 846 4654 vomeris
861 4591 980 4652 scissio
1036 4598 1119 4655 dum
1137 4608 1198 4655 cor
1219 4607 1350 4664 mcum,
1364 4593 1399 4654 et
1408 4591 1552 4666 pascent
1568 4604 1630 4653 vos
1643 4588 1790 4652 scientia
1805 4588 1842 4649 et

180 4693 231 4756 est
244 4693 456 4770 peccatorum
471 4690 670 4768 increpatio.
691 4691 777 4752 Nam
790 4690 877 4752 sicut
888 4690 978 4750 terra
1035 4691 1194 4754 doctrino
1210 4688 1346 4770 (Jerem.
1371 4704 1429 4761 111,
1445 4687 1509 4768 15).
1533 4689 1574 4751 Et
1591 4686 1719 4748 lsaias:
1736 4686 1843 4748 Beati

179 4789 262 4853 dura
278 4792 310 4852 et
323 4789 451 4851 inculta
463 4803 598 4850 vomere
612 4787 785 4861 scinditur,
802 4788 835 4850 et
850 4786 891 4848 ad
906 4787 981 4848 cul·
1035 4788 1281 4863 quiseontnctts
1290 4802 1397 4861 super
1406 4800 1526 4848 manes
1537 4798 1646 4859 equos
1655 4782 1712 4861 (Is.
1724 4797 1839 4855 unu,

179 4890 249 4951 tum
267 4887 429 4966 pervenit,
448 4888 496 4949 ita
513 4887 605 4948 durae
626 4887 752 4949 mentes
767 4885 980 4963 peccatorum
1034 4883 1101 4965 20).
1113 4888 1219 4962 Super
1227 4898 1341 4945 omnes
1353 4898 1459 4960 aquas
1467 4881 1635 4944 seminare
1645 4879 1840 4942 estcunctis

178 4986 284 5058 duris,
301 4985 432 5062 asperis
444 4989 479 5048 et
493 4983 619 5046 crebris
639 4982 924 5060 increpationibus
948 4984 981 5045 et
1036 4983 1167 5061 populis
1181 4981 1323 5044 verbum
1330 4982 1390 5043 Dei
1402 4980 1597 5057 praedicare,
1612 4978 1645 5041 et
1658 4976 1734 5039 ideo
1744 4975 1842 5039 beati

180 5083 443 5147 correctionibus
457 5082 656 5160 tranguntur
668 5082 701 5143 et
713 5066 919 5144 molliuntur.
934 5083 980 5143 De
1035 5082 1114 5142 sunt
1134 5080 1192 5158 qui
1218 5080 1394 5151 seminant,
1419 5078 1518 5151 idest,
1551 5077 1608 5155 qui
1639 5074 1838 5153 praedicant,

178 5178 981 5260 quibusincrepationibusdicitJoannesBaptista
1036 5180 1115 5257 quia
1129 5178 1257 5240 faciunt
1270 5176 1415 5238 fructum
1435 5174 1561 5237 vitaein
1585 5172 1752 5236 mentibus
1776 5189 1842 5234 au-

179 5280 214 5341 in
228 5277 410 5355 Evangelio
429 5293 437 5338 :
454 5280 645 5354 Progenies
667 5278 982 5352 cinanmomum
1037 5276 1209 5337 dientium.
1232 5277 1339 5351 Super
1363 5288 1478 5334 omnes
1497 5287 1615 5349 aquas,
1638 5270 1728 5348 quia,
1752 5269 1840 5332 sicut

178 5377 328 5441 ostendit
338 5379 431 5439 vobis
444 5376 755 5452 [accrescentem
769 5377 849 5435 irat
862 5374 982 5435 Facite
1036 5373 1118 5435 dicit
1132 5375 1280 5435 ioannes
1290 5370 1326 5432 in
1338 5369 1538 5448 apocalypsi
1553 5390 1560 5428 :
1574 5371 1682 5443 Aquas
1702 5368 1838 5440 multoc,

177 5488 263 5552 erpo
285 5475 421 5550 fructus
446 5476 567 5550 dignos
581 5473 800 5546 poercitcntioe
815 5468 909 5552 (Luc.
931 5486 980 5543 ιιι,
1033 5474 1150 5544 populi
1165 5471 1265 5531 multi
1280 5467 1395 5548 (apoc.
1416 5483 1500 5537 xvn,
1522 5465 1586 5551 15).
1609 5464 1713 5527 Debet
1727 5464 1842 5526 autem

177 5569 264 5651 7-8).
1037 5569 1151 5645 pastor
1164 5583 1231 5628 non
1246 5566 1354 5628 solum
1369 5565 1492 5627 babere
1515 5563 1654 5627 verbum
1672 5562 1843 5640 praedica-

222 5668 458 5746 Unusquisque
495 5668 630 5747 iniquus
656 5669 690 5730 et
722 5683 900 5746 perversus
932 5666 986 5728 est
1037 5666 1138 5729 tionis
1158 5664 1478 5736 evindicationem,
1496 5663 1553 5726 sed
1575 5660 1842 5738 etiamquinque
