3946 6196
121 288 181 349 493

121 444 253 506 199199
268 441 540 505 sextokalendas
558 440 764 519 septembris,
781 441 918 519 pontili-

121 542 216 603 catus
227 541 337 603 nostri
350 556 438 602 anno
451 539 606 602 secundo.

477 770 570 858 XIX

275 952 330 1011 Ad
343 949 487 1012 electum
501 904 776 1009 Lauduueasunc.

417 1090 450 1146 17
465 1102 533 1161 aug.
550 1087 629 1146 1117.

333 1220 504 1286 [11919191.
520 1221 553 1282 11,
563 1219 638 1285 epea
648 1217 717 1284 199]

123 1348 305 1408 1999119199
324 1345 484 1419 impertitur
503 1343 641 1416 quosdam
668 1340 835 1401 absolvendi
851 1356 925 1416 quos

276 1430 355 1488 9911.
371 1431 486 1504 legatus
501 1428 771 1487 eroommuuicavit.

164 1576 347 1648 Honorius,
366 1574 442 1646 919.,
467 1574 589 1636 1119919
609 1572 678 1634 lilio
700 1572 805 1635 electo
831 1574 924 1633 Lau·

128 1674 250 1735 19999.

164 1772 215 1831 Ex
230 1771 326 1847 parte
340 1769 397 1830 tua
413 1767 475 1830 1911
495 1767 592 1829 nobis
611 1766 782 1828 humiliter
803 1765 925 1843 suppli·

126 1867 249 1938 catum,
262 1867 382 1928 91999
398 1865 493 1927 multi
506 1865 620 1926 clerici
635 1866 668 1926 91
678 1864 757 1926 19191
767 1864 832 1926 tuae
845 1863 924 1924 dioe-

125 1965 222 2036 cesis,
253 1963 451 2025 auctoritate
482 1962 596 2024 dilecti
630 1961 692 2023 tilii
724 1961 829 2023 nostri
856 1963 926 2023 Ro-

124 2061 209 2125 berti
227 2060 317 2123 tituli
332 2060 439 2122 sancti
458 2059 617 2137 Stephani
633 2060 670 2120 in
691 2059 793 2120 Coelio
812 2059 923 2119 monte

126 2158 313 2236 presbyteri
329 2156 521 2228 cardinalis,
536 2158 614 2218 1999
633 2154 833 2234 inpartibus
855 2155 924 2216 illis

124 2254 304 2333 legationis
331 2254 477 2316 91119199
505 2253 704 2322 exercentis,
731 2267 925 2315 excommu-

125 2351 306 2414 nicationis
327 2351 459 2413 vinculo
473 2350 622 2412 innodati
637 2349 710 2412 sine
727 2348 923 2411 auctoritate

124 2449 327 2526 apostoncae
354 2447 449 2508 Sedis
478 2447 697 2508 absolutionis
725 2445 923 2507 beneficium

124 2546 295 2622 nequeant
311 2543 470 2616 obtinere,
490 2560 590 2621 super
611 2545 674 2605 boc
690 2544 825 2606 illorum
842 2560 924 2621 pro·

124 2643 241 2705 videre
252 2642 355 2704 saluti
367 2642 507 2720 paterna
527 2641 751 2704 sollicitudine
763 2641 923 2719 dignare·

124 2756 209 2802 mur.
219 2739 380 2801 (terentes
396 2738 497 2815 igitur
507 2738 547 2800 de
561 2739 620 2800 tua
631 2738 830 2800 discretione
838 2738 925 2799 1119-

125 2838 212 2899 ciam
223 2836 415 2914 specialem,
431 2836 644 2914 praesentium
655 2835 716 2898 tihi
727 2836 924 2898 auctoritate
990 2896 993 2900 .

124 2935 334 3007 mandamus,
349 2935 512 3010 quatenus
529 2933 709 2995 9911919911
719 2932 760 2994 ab
776 2933 826 2994 eis
842 2949 924 2995 cau-

123 3034 215 3094 tione
229 3032 377 3108 recepta,
390 3029 459 3091 illis
478 3031 676 3095 auctoritate
691 3032 805 3093 nostra
823 3030 926 3093 bene-

5 3138 7 3187 t
124 3127 656 3205 ficiumabsolutionisimpendas,
667 3128 863 3206 etinjungas
876 3129 925 3190 eis

125 3221 923 3301 quoddeJureiueritinjungendum,laciensillis,

125 3319 751 3397 919991119999999999199111991191,
773 3320 926 3381 99119199-

123 3418 249 3479 tionem
262 3433 443 3494 congruam
465 3417 628 3479 exbiberi.
656 3417 773 3479 Datum
797 3420 924 3480 Feren-

125 3514 187 3575 tini
197 3514 326 3577 decimo
334 3515 495 3576 kalendas
506 3513 700 3593 septembris
715 3512 925 3593 pontificatus

127 3613 231 3675 nostri
241 3628 330 3675 anno
345 3612 502 3675 secundo.

488 3842 560 3929 XX

129 4022 179 4083 Ao
192 4018 392 4081 abbatemet
404 4021 562 4094 priorem
582 4019 700 4080 Sarrctt
722 4020 869 4081 loannis
887 4021 925 4081 tn

199 4120 315 4179 Vincis
329 4116 363 4177 et
377 4118 545 4178 19999919
558 4117 849 4179 89999199999999.

420 4262 538 4337 119911.
554 4263 634 4320 1117.

337 4395 446 4461 [1199991.
459 4394 504 4447 lib.
515 4396 547 4454 11,
559 4393 632 4459 epist.
648 4394 715 4462 tm]

129 4524 185 4580 iios
208 4528 307 4580 monet
326 4520 362 4579 de
388 4521 530 4579 beneflcio
554 4519 729 4593 praebendali
751 4518 925 4580 conterendo

393 4608 507 4667 cuidam
525 4609 659 4666 diacono.

166 4754 346 4826 Honorius,
374 4754 450 4825 919.,
475 4753 606 4815 dilectis
632 4752 712 4813 tiliis
739 4752 866 4827 abbati,
893 4755 925 4816 91

129 4852 231 4929 priori
242 4852 350 4913 sancti
364 4853 382 4912 J
384 4851 527 4913 ohannis
541 4850 577 4915 in
591 4849 707 4913 Vineis
720 4852 789 4912 91...
799 4850 924 4913 decano

131 4949 375 5011 suessionensi.

168 5048 214 5118 Si,
243 5046 285 5107 de
320 5045 510 5122 provisione
538 5045 737 5131 clericorum
776 5046 923 5120 solliciti,

128 5144 275 5220 praelatis
297 5142 514 5204 ecclesiarum
543 5158 643 5220 super
662 5142 726 5203 hoc
750 5142 924 5220 dirigimus

128 5242 252 5318 scripta
272 5242 397 5312 nostra,
425 5256 490 5302 non
518 5240 673 5301 debemus
700 5256 757 5302 eos
772 5240 924 5304 difficiles

129 5338 290 5410 19199119,
308 5354 408 5415 quum
421 5353 487 5398 non
507 5338 614 5399 solum
631 5338 778 5415 ipsorum
792 5340 922 5413 merita,

130 5436 186 5496 sed
200 5436 452 5513 919191999999
467 5435 721 5511 promissionem
736 5436 836 5499 babet
847 5438 923 5500 vitae

130 5550 202 5612 quae
218 5549 308 5595 99119
321 5533 414 5595 99191
439 5531 570 5604 191919,
592 5535 632 5596 91
654 5534 716 5596 1199
737 5550 798 5597 999
819 5536 922 5597 indu-

745 282 974 343 EPISTOLAE.
997 282 1076 343 LIB.
1101 283 1141 342 11.

1711 284 1769 341 lot

976 442 1063 502 cant.
1072 440 1157 502 11199
1172 440 1221 501 est
1241 439 1327 516 quod
1343 454 1402 516 pro
1416 438 1535 500 dilecto
1551 438 1621 499 tilio
1642 439 1677 499 C.
1693 439 1770 499 dia-

976 553 1058 600 cono
1073 538 1180 600 latore
1192 537 1415 614 praesentium,
1427 536 1513 597 9919
1529 535 1678 613 pluribus
1693 536 1771 597 lau-

976 634 1087 697 dabile
1117 634 1342 697 testimonium
1377 633 1584 711 perhibetur,
1616 633 1772 696 dilectum
1840 681 1844 688 ,

953 716 956 739 ”
977 732 1082 793 illium
1105 732 1298 797 Lauduneu.
1322 733 1463 793 9199199
1481 730 1663 807 rogandum
1680 731 1773 790 duxi-

977 845 1060 901 mus,
1087 829 1298 899 monendum,
1323 833 1356 892 et
1381 828 1625 890 exhortandum
1649 828 1773 890 attente

978 943 1036 1004 per
1050 928 1238 1004 apostolica
1254 926 1316 987 sibi
1332 928 1455 1002 scripta
1477 926 1681 997 mandantes,
1697 941 1775 1003 qua·

977 1023 1073 1085 tenus
1089 1023 1130 1084 ob
1151 1024 1373 1085 reuerentiam
1398 1023 1492 1084 Sedis
1516 1021 1715 1099 apostolicae
1742 1023 1776 1083 et

978 1120 1124 1183 nostram
1160 1121 1196 1182 19
1227 1120 1369 1181 99919919
1404 1119 1511 1181 999911
1545 1120 1707 1182 lobannis
1739 1120 1774 1180 in

977 1218 1082 1295 burgo
1117 1218 1311 1280 Lauduneu.
1347 1218 1520 1295 provideat
1546 1217 1582 1278 19
1612 1216 1774 1278 beneficio

978 1315 1191 1393 praebendali,
1213 1331 1329 1392 preces
1348 1316 1382 1377 et
1402 1315 1593 1376 mandatum
1621 1316 1770 1376 nostrum

979 1412 1091 1475 1911191
1104 1413 1311 1490 impleturus,
1333 1413 1419 1490 quod
1444 1412 1598 1488 largitori
1612 1411 1774 1473 bonorum

978 1511 1137 1580 omnium,
1146 1512 1202 1587 qui
1215 1510 1279 1571 sibi
1292 1510 1354 1581 1911
1368 1511 1403 1571 19
1418 1509 1600 1588 majoribus
1611 1509 1772 1581 liberalis,

978 1608 1090 1669 valeat
1104 1624 1177 1670 esse
1188 1611 1314 1684 gratus,
1330 1608 1433 1669 91999
1446 1608 1656 1669 1919119999
1667 1607 1774 1684 ipsius

979 1705 1145 1782 possimus
1160 1721 1202 1767 ex
1217 1706 1279 1767 boc
1294 1705 1412 1767 merito
1433 1705 1674 1766 commendare.
1690 1707 1774 1776 Quo-

979 1802 1070 1863 circa
1104 1803 1298 1865 discretioni
1336 1804 1456 1864 restrae
1492 1819 1552 1880 per
1585 1803 1775 1880 apostolica
1872 1854 1877 1871 .

980 1900 1103 1977 scripta
1117 1900 1484 1977 mandemusquatenus
1499 1900 1624 1961 dictum
1634 1900 1775 1961 electum

979 1997 1099 2059 adhoc
1117 2013 1254 2059 9911919
1268 1998 1461 2074 diligentius
1475 1996 1508 2058 et
1529 1996 1698 2060 911999199
1722 1998 1776 2059 in-

980 2094 1100 2156 ducere
1113 2096 1307 2171 procuretis.
1325 2095 1459 2168 Quodsi
1474 2111 1540 2157 nou
1556 2111 1682 2167 ornnes,
1697 2096 1772 2167 919.,

980 2191 1044 2254 199
1063 2194 1220 2264 restrum,
1237 2194 1299 2254 919.
1323 2195 1442 2254 Datum
1468 2193 1650 2264 Ferentini,
1679 2195 1774 2254 serto

980 2289 1140 2352 kalendas
1162 2289 1357 2368 septembris
1375 2306 1465 2352 9999
1478 2290 1634 2353 secundo.

1334 2538 1425 2629 XXI

1115 2692 1169 2751 Ad
1182 2692 1380 2765 episcopam
1392 2692 1642 2752 Pentelensem.

1245 2828 1281 2885 16
1297 2834 1411 2901 august.
1429 2827 1509 2885 1117.

1181 2960 1302 3024 ragau,
1324 2959 1368 3010 19.
1380 2960 1412 3019 9,
1422 2959 1496 3024 apuu
1507 2959 1574 3021 919.]

979 3082 1096 3145 Mandat
1119 3083 1147 3140 91
1174 3091 1206 3141 91
1233 3083 1403 3141 electionem
1431 3084 1542 3141 abbatis
1569 3083 1719 3142 9991119191
1746 3084 1776 3141 19

1014 3179 1158 3231 conventu
1182 3175 1354 3243 Ferrarien,
1378 3174 1427 3246 qui
1451 3173 1487 3231 91
1516 3174 1651 3232 59991991
1674 3174 1777 3231 Sedent

1016 3262 1180 3321 1919911919
1194 3263 1328 3334 pertinet.

1019 3397 1197 3468 Honorius
1214 3398 1289 3469 919.,
1310 3397 1495 3459 venerabili
1511 3398 1606 3460 tratri
1621 3397 1776 3477 episcopo

980 3494 1143 3555 Parisien.

1019 3591 1136 3653 Dilecii
1158 3589 1254 3651 tilii...
1279 3591 1381 3668 prior,
1406 3592 1438 3653 et
1452 3595 1635 3655 conventus
1655 3595 1777 3655 119119-
1870 3638 1880 3655 .

979 3689 1064 3750 1199.
1082 3688 1276 3750 9999919111
1292 3690 1456 3750 senonen.
1473 3690 1637 3763 dioecesis,
1658 3693 1777 3752 imme-

979 3785 1130 3848 1191991
1152 3788 1337 3847 Romanam
1361 3786 1542 3848 Ecclesiam
1568 3789 1775 3864 pertinentis,

980 3883 1049 3944 9919
1065 3882 1159 3945 nobis
1174 3883 1294 3944 litteris
1314 3883 1520 3952 intimarunt,
1542 3885 1628 3961 quod
1644 3902 1779 3946 monas-

978 3981 1063 4043 terio
1078 3980 1150 4058 ipso
1166 3981 1298 4058 pastore
1308 3982 1448 4042 vacante
1463 3982 1527 4057 ipsi
1543 3982 1778 4044 convenientes

978 4079 1014 4140 in
1034 4095 1136 4139 unum
1152 4078 1310 4140 dilectum
1332 4078 1437 4139 tilium
1459 4081 1496 4139 (1.
1514 4078 1619 4156 ipsius
1638 4096 1777 4141 monas-

978 4176 1056 4238 terii
1074 4176 1322 4237 thesaurarium
1344 4176 1378 4236 in
1398 4175 1552 4238 abbatem
1571 4193 1668 4238 suum
1692 4194 1777 4239 con·

981 4273 1126 4335 corditer
1139 4274 1319 4350 elegerant,
1337 4273 1575 4351 supplicantes,
1592 4274 1629 4337 ut
1642 4291 1780 4352 parcen·

980 4372 1029 4433 tes
1045 4370 1151 4448 ipsius
1165 4371 1361 4434 monasterii
1377 4371 1546 4434 laboribus
1563 4374 1596 4435 et
1610 4375 1777 4450 expensis,

980 4468 1175 4530 electionem
1196 4469 1345 4546 ipsorum
1359 4469 1395 4530 in
1410 4470 1478 4531 illis
1491 4470 1681 4532 9991119911
1700 4488 1780 4548 par-

978 4565 1067 4628 tibus
1082 4565 1279 4639 199919999,
1305 4567 1460 4628 91919919
1480 4584 1601 4628 911999
1622 4567 1780 4630 benedic-

979 4660 1080 4721 tionis
1096 4658 1252 4737 impendi.
1270 4661 1413 4738 ideoque
1426 4659 1626 4723 fraternitati
1640 4664 1706 4723 1999
1721 4679 1780 4739 per

978 4757 1168 4834 Apostolica
1206 4757 1331 4834 scripta
1366 4757 1576 4830 99919999,
1615 4761 1778 4834 quatenus

980 4855 1171 4916 examinata
1195 4855 1357 4916 electione
1390 4855 1516 4932 pariter
1542 4855 1575 4918 91
1602 4855 1719 4930 919919,
1750 4860 1780 4920 91

979 4968 1053 5014 999
1068 4951 1238 5013 inveneris
1253 4952 1294 5013 19
1315 4969 1458 5030 persona
1478 4954 1597 5017 idonea
1619 4957 1779 5018 canonice
1830 4959 1832 4963 ’

980 5049 1195 5122 celebratam,
1223 5050 1316 5111 illam
1340 5052 1538 5114 auctoritate
1562 5054 1675 5116 nostra
1699 5071 1781 5115 con-

979 5148 1103 5221 firmes,
1133 5149 1166 5208 et
1188 5146 1361 5225 impendas
1390 5166 1509 5211 munus
1538 5151 1779 5214 benedictionis

980 5244 1095 5317 electo,
1122 5244 1247 5308 iaciens
1271 5247 1378 5308 eidem
1404 5251 1624 5310 reverentiam
1644 5249 1778 5312 919119-

979 5342 1138 5403 dientiam
1155 5343 1299 5406 debitam
1324 5345 1487 5407 exbiberi.
1511 5346 1778 5409 1919919199-

978 5439 1040 5500 tini
1056 5440 1195 5518 septimo
1211 5441 1374 5523 kalendas
1389 5442 1585 5519 septembris
1610 5460 1698 5506 auno
1723 5463 1778 5507 se-

980 5538 1099 5599 cundo.
