<?xml version="1.0" encoding="UTF-8"?>
<!DOCTYPE html PUBLIC "-//W3C//DTD XHTML 1.0 Transitional//EN"
    "http://www.w3.org/TR/xhtml1/DTD/xhtml1-transitional.dtd">
<html xmlns="http://www.w3.org/1999/xhtml" xml:lang="en" lang="en">
 <head>
  <title>
</title>
<meta http-equiv="Content-Type" content="text/html;charset=utf-8" />
  <meta name='ocr-system' content='tesseract 3.04.00' />
  <meta name='ocr-capabilities' content='ocr_page ocr_carea ocr_par ocr_line ocrx_word'/>
</head>
<body>
  <div class='ocr_page' id='page_1' title='image "./mediiaevibiblio00bottgoog_0258.png"; bbox 0 0 3928 6200; ppageno 0'>
   <div class='ocr_carea' id='block_1_1' title="bbox 125 246 1770 322">
    <p class='ocr_par' dir='ltr' id='par_1_1' title="bbox 125 246 1770 322">
     <span class='ocr_line' id='line_1_1' title="bbox 125 246 1770 322; baseline -0.001 -13"><span class='ocrx_word' id='word_1_1' title='bbox 125 250 165 309; x_wconf 69' lang='lat' dir='ltr'>sl</span> <span class='ocrx_word' id='word_1_2' title='bbox 755 247 986 312; x_wconf 71' lang='lat' dir='ltr'>EpiSTOLAE.</span> <span class='ocrx_word' id='word_1_3' title='bbox 1011 246 1088 310; x_wconf 86' lang='lat' dir='ltr'><strong>LIB.</strong></span> <span class='ocrx_word' id='word_1_4' title='bbox 1114 249 1138 309; x_wconf 86' lang='lat' dir='ltr'>l.</span> <span class='ocrx_word' id='word_1_5' title='bbox 1730 264 1770 322; x_wconf 75' lang='lat'>34</span> 
     </span>
    </p>
   </div>
   <div class='ocr_carea' id='block_1_2' title="bbox 121 404 1770 780">
    <p class='ocr_par' dir='ltr' id='par_1_2' title="bbox 121 404 1770 780">
     <span class='ocr_line' id='line_1_2' title="bbox 124 404 1769 490; baseline 0.007 -20"><span class='ocrx_word' id='word_1_6' title='bbox 124 406 252 470; x_wconf 84' lang='lat' dir='ltr'>vissimo</span> <span class='ocrx_word' id='word_1_7' title='bbox 265 405 301 468; x_wconf 90' lang='lat' dir='ltr'>in</span> <span class='ocrx_word' id='word_1_8' title='bbox 314 404 446 470; x_wconf 86' lang='lat' dir='ltr'>Christo</span> <span class='ocrx_word' id='word_1_9' title='bbox 461 406 530 469; x_wconf 92' lang='lat' dir='ltr'>illio</span> <span class='ocrx_word' id='word_1_10' title='bbox 541 410 695 472; x_wconf 88' lang='lat' dir='ltr'>nostro-J.</span> <span class='ocrx_word' id='word_1_11' title='bbox 710 408 781 485; x_wconf 88' lang='lat' dir='ltr'>regi</span> <span class='ocrx_word' id='word_1_12' title='bbox 795 409 921 486; x_wconf 79' lang='lat' dir='ltr'>Anglo-</span> <span class='ocrx_word' id='word_1_13' title='bbox 974 423 1040 471; x_wconf 91' lang='lat' dir='ltr'>non</span> <span class='ocrx_word' id='word_1_14' title='bbox 1054 407 1228 483; x_wconf 86' lang='lat' dir='ltr'>desistunt,</span> <span class='ocrx_word' id='word_1_15' title='bbox 1243 412 1358 473; x_wconf 88' lang='lat' dir='ltr'>contra</span> <span class='ocrx_word' id='word_1_16' title='bbox 1372 427 1430 473; x_wconf 90' lang='lat' dir='ltr'>eos</span> <span class='ocrx_word' id='word_1_17' title='bbox 1445 415 1625 490; x_wconf 89' lang='lat' dir='ltr'>potentiam</span> <span class='ocrx_word' id='word_1_18' title='bbox 1639 415 1769 482; x_wconf 87' lang='lat' dir='ltr'>brachii</span> 
     </span>
     <span class='ocr_line' id='line_1_3' title="bbox 123 504 1770 585; baseline 0.007 -18"><span class='ocrx_word' id='word_1_19' title='bbox 123 520 192 567; x_wconf 90' lang='lat' dir='ltr'>rum</span> <span class='ocrx_word' id='word_1_20' title='bbox 216 504 342 566; x_wconf 85' lang='lat' dir='ltr'><strong>illustri</strong></span> <span class='ocrx_word' id='word_1_21' title='bbox 363 505 508 568; x_wconf 83' lang='lat' dir='ltr'>fideliter</span> <span class='ocrx_word' id='word_1_22' title='bbox 521 506 676 569; x_wconf 84' lang='lat' dir='ltr'>assist‘tis</span> <span class='ocrx_word' id='word_1_23' title='bbox 698 508 731 569; x_wconf 91' lang='lat' dir='ltr'>et</span> <span class='ocrx_word' id='word_1_24' title='bbox 745 507 920 585; x_wconf 89' lang='lat' dir='ltr'>insepara-</span> <span class='ocrx_word' id='word_1_25' title='bbox 973 506 1135 569; x_wconf 87' lang='lat' dir='ltr'>secularis</span> <span class='ocrx_word' id='word_1_26' title='bbox 1165 508 1383 584; x_wconf 86' lang='lat' dir='ltr'>providentiae</span> <span class='ocrx_word' id='word_1_27' title='bbox 1409 511 1548 583; x_wconf 78' lang='lat' dir='ltr'>restrae,</span> <span class='ocrx_word' id='word_1_28' title='bbox 1576 513 1606 573; x_wconf 89' lang='lat' dir='ltr'>si</span> <span class='ocrx_word' id='word_1_29' title='bbox 1633 531 1770 579; x_wconf 87' lang='lat' dir='ltr'>necesse</span> 
     </span>
     <span class='ocr_line' id='line_1_4' title="bbox 121 600 1769 689; baseline 0.005 -24"><span class='ocrx_word' id='word_1_30' title='bbox 121 602 229 665; x_wconf 88' lang='lat' dir='ltr'>biliter</span> <span class='ocrx_word' id='word_1_31' title='bbox 254 600 456 675; x_wconf 81' lang='lat' dir='ltr'>adhaeretis,</span> <span class='ocrx_word' id='word_1_32' title='bbox 486 604 621 681; x_wconf 87' lang='lat' dir='ltr'>propter</span> <span class='ocrx_word' id='word_1_33' title='bbox 652 604 737 681; x_wconf 86' lang='lat' dir='ltr'>quod</span> <span class='ocrx_word' id='word_1_34' title='bbox 770 604 918 667; x_wconf 86' lang='lat' dir='ltr'>divinam</span> <span class='ocrx_word' id='word_1_35' title='bbox 973 603 1083 675; x_wconf 85' lang='lat' dir='ltr'>inerit,</span> <span class='ocrx_word' id='word_1_36' title='bbox 1100 603 1283 679; x_wconf 80' lang='lat' dir='ltr'>inducatis3</span> <span class='ocrx_word' id='word_1_37' title='bbox 1300 605 1334 668; x_wconf 91' lang='lat' dir='ltr'>et</span> <span class='ocrx_word' id='word_1_38' title='bbox 1347 606 1425 684; x_wconf 83' lang='lat' dir='ltr'>quia</span> <span class='ocrx_word' id='word_1_39' title='bbox 1440 607 1582 670; x_wconf 91' lang='lat' dir='ltr'>barones</span> <span class='ocrx_word' id='word_1_40' title='bbox 1604 610 1644 672; x_wconf 93' lang='lat' dir='ltr'>de</span> <span class='ocrx_word' id='word_1_41' title='bbox 1659 612 1769 689; x_wconf 90' lang='lat' dir='ltr'>parti-</span> 
     </span>
     <span class='ocr_line' id='line_1_5' title="bbox 123 699 1769 780; baseline 0.007 -20"><span class='ocrx_word' id='word_1_42' title='bbox 123 699 263 777; x_wconf 87' lang='lat' dir='ltr'>gratiam</span> <span class='ocrx_word' id='word_1_43' title='bbox 286 700 320 761; x_wconf 92' lang='lat' dir='ltr'>et</span> <span class='ocrx_word' id='word_1_44' title='bbox 340 699 489 762; x_wconf 79' lang='lat' dir='ltr'>favorem</span> <span class='ocrx_word' id='word_1_45' title='bbox 513 702 608 763; x_wconf 83' lang='lat' dir='ltr'>Sedis</span> <span class='ocrx_word' id='word_1_46' title='bbox 624 701 825 778; x_wconf 75' lang='lat' dir='ltr'>apostolica</span> <span class='ocrx_word' id='word_1_47' title='bbox 851 719 918 765; x_wconf 92' lang='lat' dir='ltr'>non</span> <span class='ocrx_word' id='word_1_48' title='bbox 972 700 1034 761; x_wconf 88' lang='lat' dir='ltr'>bus</span> <span class='ocrx_word' id='word_1_49' title='bbox 1048 702 1168 763; x_wconf 89' lang='lat' dir='ltr'>vestris</span> <span class='ocrx_word' id='word_1_50' title='bbox 1183 705 1431 780; x_wconf 83' lang='lat' dir='ltr'>conqueruntur</span> <span class='ocrx_word' id='word_1_51' title='bbox 1455 722 1492 768; x_wconf 89' lang='lat' dir='ltr'>se</span> <span class='ocrx_word' id='word_1_52' title='bbox 1516 722 1535 768; x_wconf 90' lang='lat' dir='ltr'>a</span> <span class='ocrx_word' id='word_1_53' title='bbox 1558 707 1653 769; x_wconf 91' lang='lat' dir='ltr'>vobis</span> <span class='ocrx_word' id='word_1_54' title='bbox 1675 712 1707 774; x_wconf 93' lang='lat' dir='ltr'>et</span> <span class='ocrx_word' id='word_1_55' title='bbox 1728 711 1769 773; x_wconf 93' lang='lat' dir='ltr'>ab</span> 
     </span>
    </p>
   </div>
   <div class='ocr_carea' id='block_1_3' title="bbox 119 797 1770 975">
    <p class='ocr_par' dir='ltr' id='par_1_3' title="bbox 119 797 1770 975">
     <span class='ocr_line' id='line_1_6' title="bbox 120 797 1769 880; baseline 0.004 -19"><span class='ocrx_word' id='word_1_56' title='bbox 120 798 284 861; x_wconf 84' lang='lat' dir='ltr'>immerito</span> <span class='ocrx_word' id='word_1_57' title='bbox 309 798 538 876; x_wconf 87' lang='lat' dir='ltr'>comparastis,</span> <span class='ocrx_word' id='word_1_58' title='bbox 564 815 603 860; x_wconf 90' lang='lat' dir='ltr'>ac</span> <span class='ocrx_word' id='word_1_59' title='bbox 624 815 745 861; x_wconf 90' lang='lat' dir='ltr'>nomeu</span> <span class='ocrx_word' id='word_1_60' title='bbox 770 801 917 863; x_wconf 91' lang='lat' dir='ltr'>vestrum</span> <span class='ocrx_word' id='word_1_61' title='bbox 972 797 1050 859; x_wconf 91' lang='lat' dir='ltr'>aliis</span> <span class='ocrx_word' id='word_1_62' title='bbox 1060 800 1210 876; x_wconf 90' lang='lat' dir='ltr'>personis</span> <span class='ocrx_word' id='word_1_63' title='bbox 1221 799 1456 864; x_wconf 89' lang='lat' dir='ltr'>ecclesiasticis</span> <span class='ocrx_word' id='word_1_64' title='bbox 1466 803 1664 880; x_wconf 88' lang='lat' dir='ltr'>quibusdam</span> <span class='ocrx_word' id='word_1_65' title='bbox 1674 809 1769 871; x_wconf 86' lang='lat' dir='ltr'>novis</span> 
     </span>
     <span class='ocr_line' id='line_1_7' title="bbox 119 894 1770 975; baseline 0.005 -17"><span class='ocrx_word' id='word_1_66' title='bbox 119 895 310 958; x_wconf 75' lang='lat' dir='ltr'>reddidistis</span> <span class='ocrx_word' id='word_1_67' title='bbox 324 894 361 956; x_wconf 91' lang='lat' dir='ltr'>in</span> <span class='ocrx_word' id='word_1_68' title='bbox 375 898 587 973; x_wconf 88' lang='lat' dir='ltr'>conspectum</span> <span class='ocrx_word' id='word_1_69' title='bbox 606 897 777 959; x_wconf 89' lang='lat' dir='ltr'>bominum</span> <span class='ocrx_word' id='word_1_70' title='bbox 792 898 919 974; x_wconf 87' lang='lat' dir='ltr'>glorio-</span> <span class='ocrx_word' id='word_1_71' title='bbox 972 895 1233 973; x_wconf 89' lang='lat' dir='ltr'>impetitionibus</span> <span class='ocrx_word' id='word_1_72' title='bbox 1245 897 1392 961; x_wconf 88' lang='lat' dir='ltr'>indebite</span> <span class='ocrx_word' id='word_1_73' title='bbox 1412 900 1592 975; x_wconf 85' lang='lat' dir='ltr'>molestari,</span> <span class='ocrx_word' id='word_1_74' title='bbox 1611 903 1770 968; x_wconf 84' lang='lat' dir='ltr'>fraterni-</span> 
     </span>
    </p>
   </div>
   <div class='ocr_carea' id='block_1_4' title="bbox 117 994 918 1463">
    <p class='ocr_par' dir='ltr' id='par_1_4' title="bbox 117 994 918 1463">
     <span class='ocr_line' id='line_1_8' title="bbox 119 994 917 1071; baseline 0.005 -17"><span class='ocrx_word' id='word_1_75' title='bbox 119 1010 208 1069; x_wconf 78' lang='lat' dir='ltr'>sum3</span> <span class='ocrx_word' id='word_1_76' title='bbox 231 994 349 1070; x_wconf 89' lang='lat' dir='ltr'>sicque</span> <span class='ocrx_word' id='word_1_77' title='bbox 372 1009 491 1055; x_wconf 88' lang='lat' dir='ltr'>aurum</span> <span class='ocrx_word' id='word_1_78' title='bbox 506 994 584 1055; x_wconf 86' lang='lat' dir='ltr'>fidei</span> <span class='ocrx_word' id='word_1_79' title='bbox 597 996 717 1057; x_wconf 86' lang='lat' dir='ltr'>vestrae</span> <span class='ocrx_word' id='word_1_80' title='bbox 733 996 767 1057; x_wconf 93' lang='lat' dir='ltr'>in</span> <span class='ocrx_word' id='word_1_81' title='bbox 782 996 917 1071; x_wconf 83' lang='lat' dir='ltr'>fornace</span> 
     </span>
     <span class='ocr_line' id='line_1_9' title="bbox 118 1090 917 1171; baseline 0.004 -18"><span class='ocrx_word' id='word_1_82' title='bbox 118 1091 292 1171; x_wconf 86' lang='lat' dir='ltr'>probatum</span> <span class='ocrx_word' id='word_1_83' title='bbox 306 1090 432 1153; x_wconf 79' lang='lat' dir='ltr'>crebris</span> <span class='ocrx_word' id='word_1_84' title='bbox 443 1092 711 1168; x_wconf 80' lang='lat' dir='ltr'>percussionibus</span> <span class='ocrx_word' id='word_1_85' title='bbox 725 1094 761 1155; x_wconf 90' lang='lat' dir='ltr'>in</span> <span class='ocrx_word' id='word_1_86' title='bbox 775 1093 917 1156; x_wconf 87' lang='lat' dir='ltr'>laminas</span> 
     </span>
     <span class='ocr_line' id='line_1_10' title="bbox 117 1188 918 1268; baseline 0.004 -18"><span class='ocrx_word' id='word_1_87' title='bbox 117 1188 258 1251; x_wconf 77' lang='lat' dir='ltr'>ductiles</span> <span class='ocrx_word' id='word_1_88' title='bbox 268 1190 321 1251; x_wconf 87' lang='lat' dir='ltr'>est</span> <span class='ocrx_word' id='word_1_89' title='bbox 332 1188 539 1267; x_wconf 87' lang='lat' dir='ltr'>productum,</span> <span class='ocrx_word' id='word_1_90' title='bbox 551 1190 640 1253; x_wconf 90' lang='lat' dir='ltr'>utsit</span> <span class='ocrx_word' id='word_1_91' title='bbox 653 1190 694 1253; x_wconf 92' lang='lat' dir='ltr'>de</span> <span class='ocrx_word' id='word_1_92' title='bbox 708 1190 802 1254; x_wconf 91' lang='lat' dir='ltr'>vobis</span> <span class='ocrx_word' id='word_1_93' title='bbox 818 1207 918 1268; x_wconf 92' lang='lat' dir='ltr'>super</span> 
     </span>
     <span class='ocr_line' id='line_1_11' title="bbox 118 1285 917 1367; baseline 0.003 -19"><span class='ocrx_word' id='word_1_94' title='bbox 118 1287 306 1348; x_wconf 87' lang='lat' dir='ltr'>constantia</span> <span class='ocrx_word' id='word_1_95' title='bbox 319 1285 396 1348; x_wconf 88' lang='lat' dir='ltr'>ildei</span> <span class='ocrx_word' id='word_1_96' title='bbox 411 1287 571 1350; x_wconf 91' lang='lat' dir='ltr'>memoria</span> <span class='ocrx_word' id='word_1_97' title='bbox 592 1289 804 1367; x_wconf 85' lang='lat' dir='ltr'>sempiterna.</span> <span class='ocrx_word' id='word_1_98' title='bbox 829 1291 917 1351; x_wconf 87' lang='lat' dir='ltr'>Sane</span> 
     </span>
     <span class='ocr_line' id='line_1_12' title="bbox 117 1372 916 1463; baseline 0.001 -18"><span class='ocrx_word' id='word_1_99' title='bbox 117 1384 269 1462; x_wconf 82' lang='lat' dir='ltr'>permisit</span> <span class='ocrx_word' id='word_1_100' title='bbox 302 1384 462 1446; x_wconf 88' lang='lat' dir='ltr'>Dominus</span> <span class='ocrx_word' id='word_1_101' title='bbox 497 1387 612 1448; x_wconf 88' lang='lat' dir='ltr'>contra</span> <span class='ocrx_word' id='word_1_102' title='bbox 645 1386 768 1449; x_wconf 92' lang='lat' dir='ltr'>dictum</span> <span class='ocrx_word' id='word_1_103' title='bbox 804 1372 916 1463; x_wconf 78' lang='lat' dir='ltr'>regem</span> 
     </span>
    </p>
   </div>
   <div class='ocr_carea' id='block_1_5' title="bbox 87 1480 918 2434">
    <p class='ocr_par' dir='ltr' id='par_1_5' title="bbox 87 1480 918 2434">
     <span class='ocr_line' id='line_1_13' title="bbox 117 1480 916 1561; baseline 0.004 -18"><span class='ocrx_word' id='word_1_104' title='bbox 117 1481 312 1543; x_wconf 85' lang='lat' dir='ltr'>scandalum</span> <span class='ocrx_word' id='word_1_105' title='bbox 325 1480 481 1555; x_wconf 90' lang='lat' dir='ltr'>suboriri,</span> <span class='ocrx_word' id='word_1_106' title='bbox 492 1483 529 1544; x_wconf 90' lang='lat' dir='ltr'>ut</span> <span class='ocrx_word' id='word_1_107' title='bbox 542 1483 782 1547; x_wconf 78' lang='lat' dir='ltr'>excludantur&#39;</span> <span class='ocrx_word' id='word_1_108' title='bbox 802 1484 838 1545; x_wconf 90' lang='lat' dir='ltr'>bi</span> <span class='ocrx_word' id='word_1_109' title='bbox 860 1485 916 1561; x_wconf 87' lang='lat' dir='ltr'>qui</span> 
     </span>
     <span class='ocr_line' id='line_1_14' title="bbox 116 1576 918 1665; baseline 0.004 -26"><span class='ocrx_word' id='word_1_110' title='bbox 116 1576 246 1655; x_wconf 86' lang='lat' dir='ltr'>probati</span> <span class='ocrx_word' id='word_1_111' title='bbox 259 1580 339 1639; x_wconf 89' lang='lat' dir='ltr'>sunt</span> <span class='ocrx_word' id='word_1_112' title='bbox 353 1579 502 1665; x_wconf 78' lang='lat' dir='ltr'>argento,</span> <span class='ocrx_word' id='word_1_113' title='bbox 519 1578 553 1641; x_wconf 90' lang='lat' dir='ltr'>et</span> <span class='ocrx_word' id='word_1_114' title='bbox 572 1579 686 1641; x_wconf 90' lang='lat' dir='ltr'>tideles</span> <span class='ocrx_word' id='word_1_115' title='bbox 707 1578 749 1642; x_wconf 89' lang='lat' dir='ltr'>ab</span> <span class='ocrx_word' id='word_1_116' title='bbox 770 1579 918 1642; x_wconf 90' lang='lat' dir='ltr'>intideli-</span> 
     </span>
     <span class='ocr_line' id='line_1_15' title="bbox 115 1670 916 1753; baseline 0.004 -20"><span class='ocrx_word' id='word_1_117' title='bbox 115 1670 176 1734; x_wconf 90' lang='lat' dir='ltr'>bus</span> <span class='ocrx_word' id='word_1_118' title='bbox 200 1677 437 1746; x_wconf 86' lang='lat' dir='ltr'>secernantur,</span> <span class='ocrx_word' id='word_1_119' title='bbox 459 1674 493 1736; x_wconf 89' lang='lat' dir='ltr'>el</span> <span class='ocrx_word' id='word_1_120' title='bbox 510 1672 545 1734; x_wconf 90' lang='lat' dir='ltr'>hi</span> <span class='ocrx_word' id='word_1_121' title='bbox 565 1675 665 1753; x_wconf 85' lang='lat' dir='ltr'>justae</span> <span class='ocrx_word' id='word_1_122' title='bbox 688 1675 916 1738; x_wconf 86' lang='lat' dir='ltr'>retributionis</span> 
     </span>
     <span class='ocr_line' id='line_1_16' title="bbox 115 1769 918 1848; baseline 0.004 -16"><span class='ocrx_word' id='word_1_123' title='bbox 115 1769 302 1848; x_wconf 83' lang='lat' dir='ltr'>praemium,</span> <span class='ocrx_word' id='word_1_124' title='bbox 324 1770 375 1830; x_wconf 91' lang='lat' dir='ltr'>illi</span> <span class='ocrx_word' id='word_1_125' title='bbox 390 1786 470 1833; x_wconf 87' lang='lat' dir='ltr'>vero</span> <span class='ocrx_word' id='word_1_126' title='bbox 484 1787 617 1848; x_wconf 87' lang='lat' dir='ltr'>poenam</span> <span class='ocrx_word' id='word_1_127' title='bbox 638 1771 756 1834; x_wconf 87' lang='lat' dir='ltr'>debitae</span> <span class='ocrx_word' id='word_1_128' title='bbox 772 1772 918 1835; x_wconf 85' lang='lat' dir='ltr'>sentiant</span> 
     </span>
     <span class='ocr_line' id='line_1_17' title="bbox 116 1865 917 1947; baseline 0.004 -19"><span class='ocrx_word' id='word_1_129' title='bbox 116 1866 254 1929; x_wconf 88' lang='lat' dir='ltr'>ultionis</span> <span class='ocrx_word' id='word_1_130' title='bbox 270 1865 334 1947; x_wconf 84' lang='lat' dir='ltr'>(a).</span> <span class='ocrx_word' id='word_1_131' title='bbox 352 1869 530 1945; x_wconf 83' lang='lat' dir='ltr'>Speremus</span> <span class='ocrx_word' id='word_1_132' title='bbox 543 1869 654 1930; x_wconf 90' lang='lat' dir='ltr'>autem</span> <span class='ocrx_word' id='word_1_133' title='bbox 669 1869 710 1931; x_wconf 91' lang='lat' dir='ltr'>de</span> <span class='ocrx_word' id='word_1_134' title='bbox 725 1869 917 1932; x_wconf 89' lang='lat' dir='ltr'>misericor-</span> 
     </span>
     <span class='ocr_line' id='line_1_18' title="bbox 87 1964 916 2047; baseline 0.004 -21"><span class='ocrx_word' id='word_1_135' title='bbox 87 1968 91 1975; x_wconf 86' lang='lat'>&#39;</span> <span class='ocrx_word' id='word_1_136' title='bbox 117 1964 170 2027; x_wconf 91' lang='lat' dir='ltr'>dia</span> <span class='ocrx_word' id='word_1_137' title='bbox 191 1964 395 2038; x_wconf 82' lang='lat' dir='ltr'>conditoris,</span> <span class='ocrx_word' id='word_1_138' title='bbox 412 1965 497 2043; x_wconf 89' lang='lat' dir='ltr'>quod</span> <span class='ocrx_word' id='word_1_139' title='bbox 517 1967 547 2026; x_wconf 91' lang='lat' dir='ltr'>is</span> <span class='ocrx_word' id='word_1_140' title='bbox 569 1966 626 2047; x_wconf 89' lang='lat' dir='ltr'>qui</span> <span class='ocrx_word' id='word_1_141' title='bbox 649 1965 791 2044; x_wconf 90' lang='lat' dir='ltr'>imperat</span> <span class='ocrx_word' id='word_1_142' title='bbox 808 1968 916 2029; x_wconf 88' lang='lat' dir='ltr'>ventis</span> 
     </span>
     <span class='ocr_line' id='line_1_19' title="bbox 115 2062 915 2142; baseline 0.001 -17"><span class='ocrx_word' id='word_1_143' title='bbox 115 2063 148 2125; x_wconf 89' lang='lat' dir='ltr'>et</span> <span class='ocrx_word' id='word_1_144' title='bbox 162 2063 260 2135; x_wconf 89' lang='lat' dir='ltr'>mari,</span> <span class='ocrx_word' id='word_1_145' title='bbox 275 2062 410 2124; x_wconf 63' lang='lat' dir='ltr'>undem</span> <span class='ocrx_word' id='word_1_146' title='bbox 429 2063 595 2140; x_wconf 81' lang='lat' dir='ltr'>exsurget,</span> <span class='ocrx_word' id='word_1_147' title='bbox 609 2063 787 2126; x_wconf 91' lang='lat' dir='ltr'>multorum</span> <span class='ocrx_word' id='word_1_148' title='bbox 802 2064 915 2142; x_wconf 91' lang='lat' dir='ltr'>preci-</span> 
     </span>
     <span class='ocr_line' id='line_1_20' title="bbox 115 2158 917 2238; baseline 0.002 -17"><span class='ocrx_word' id='word_1_149' title='bbox 115 2158 177 2222; x_wconf 90' lang='lat' dir='ltr'>bus</span> <span class='ocrx_word' id='word_1_150' title='bbox 200 2160 381 2232; x_wconf 87' lang='lat' dir='ltr'>excitatus,</span> <span class='ocrx_word' id='word_1_151' title='bbox 406 2161 439 2223; x_wconf 92' lang='lat' dir='ltr'>et</span> <span class='ocrx_word' id='word_1_152' title='bbox 462 2160 583 2223; x_wconf 90' lang='lat' dir='ltr'>statuet</span> <span class='ocrx_word' id='word_1_153' title='bbox 600 2161 780 2238; x_wconf 89' lang='lat' dir='ltr'>procellam</span> <span class='ocrx_word' id='word_1_154' title='bbox 801 2162 835 2223; x_wconf 90' lang='lat' dir='ltr'>in</span> <span class='ocrx_word' id='word_1_155' title='bbox 855 2178 917 2223; x_wconf 92' lang='lat' dir='ltr'>au-</span> 
     </span>
     <span class='ocr_line' id='line_1_21' title="bbox 116 2257 915 2338; baseline 0.001 -18"><span class='ocrx_word' id='word_1_156' title='bbox 116 2274 199 2331; x_wconf 91' lang='lat' dir='ltr'>ram,</span> <span class='ocrx_word' id='word_1_157' title='bbox 214 2257 344 2319; x_wconf 85' lang='lat' dir='ltr'>iaciens</span> <span class='ocrx_word' id='word_1_158' title='bbox 363 2257 399 2319; x_wconf 92' lang='lat' dir='ltr'>in</span> <span class='ocrx_word' id='word_1_159' title='bbox 418 2258 607 2335; x_wconf 87' lang='lat' dir='ltr'>hujusmodi</span> <span class='ocrx_word' id='word_1_160' title='bbox 625 2259 818 2336; x_wconf 79' lang='lat' dir='ltr'>tempestate</span> <span class='ocrx_word' id='word_1_161' title='bbox 833 2275 915 2338; x_wconf 90' lang='lat' dir='ltr'>pro-</span> 
     </span>
     <span class='ocr_line' id='line_1_22' title="bbox 115 2355 916 2434; baseline 0.005 -19"><span class='ocrx_word' id='word_1_162' title='bbox 115 2359 263 2418; x_wconf 89' lang='lat' dir='ltr'>ventum.</span> <span class='ocrx_word' id='word_1_163' title='bbox 288 2357 370 2416; x_wconf 86' lang='lat' dir='ltr'>Cum</span> <span class='ocrx_word' id='word_1_164' title='bbox 395 2355 483 2416; x_wconf 91' lang='lat' dir='ltr'>enim</span> <span class='ocrx_word' id='word_1_165' title='bbox 508 2356 687 2434; x_wconf 76' lang='lat' dir='ltr'>tempestas</span> <span class='ocrx_word' id='word_1_166' title='bbox 710 2357 775 2419; x_wconf 87' lang='lat' dir='ltr'>ista</span> <span class='ocrx_word' id='word_1_167' title='bbox 801 2358 916 2419; x_wconf 88' lang='lat' dir='ltr'>contra</span> 
     </span>
    </p>
   </div>
   <div class='ocr_carea' id='block_1_6' title="bbox 7 2434 918 2531">
    <p class='ocr_par' dir='ltr' id='par_1_6' title="bbox 7 2434 918 2531">
     <span class='ocr_line' id='line_1_23' title="bbox 7 2434 918 2531; baseline -0.001 -15"><span class='ocrx_word' id='word_1_168' title='bbox 7 2434 9 2461; x_wconf 80' lang='grc'>’</span> <span class='ocrx_word' id='word_1_169' title='bbox 116 2455 312 2516; x_wconf 89' lang='lat' dir='ltr'>Romamam</span> <span class='ocrx_word' id='word_1_170' title='bbox 323 2451 505 2514; x_wconf 80' lang='lat' dir='ltr'>Ecclesiam</span> <span class='ocrx_word' id='word_1_171' title='bbox 520 2453 748 2531; x_wconf 85' lang='lat' dir='ltr'>principaliter</span> <span class='ocrx_word' id='word_1_172' title='bbox 759 2453 804 2516; x_wconf 91' lang='lat' dir='ltr'>sit</span> <span class='ocrx_word' id='word_1_173' title='bbox 817 2446 918 2516; x_wconf 85' lang='lat' dir='ltr'>exor-</span> 
     </span>
    </p>
   </div>
   <div class='ocr_carea' id='block_1_7' title="bbox 114 2550 915 2922">
    <p class='ocr_par' dir='ltr' id='par_1_7' title="bbox 114 2550 915 2823">
     <span class='ocr_line' id='line_1_24' title="bbox 114 2550 915 2628; baseline 0.001 -15"><span class='ocrx_word' id='word_1_174' title='bbox 114 2553 160 2624; x_wconf 87' lang='lat' dir='ltr'>ta,</span> <span class='ocrx_word' id='word_1_175' title='bbox 183 2550 396 2612; x_wconf 78' lang='lat' dir='ltr'>invalescere</span> <span class='ocrx_word' id='word_1_176' title='bbox 417 2566 485 2612; x_wconf 91' lang='lat' dir='ltr'>non</span> <span class='ocrx_word' id='word_1_177' title='bbox 508 2550 630 2628; x_wconf 88' lang='lat' dir='ltr'>poterit</span> <span class='ocrx_word' id='word_1_178' title='bbox 652 2550 777 2613; x_wconf 91' lang='lat' dir='ltr'>diutius</span> <span class='ocrx_word' id='word_1_179' title='bbox 800 2553 915 2615; x_wconf 89' lang='lat' dir='ltr'>contra</span> 
     </span>
     <span class='ocr_line' id='line_1_25' title="bbox 114 2645 915 2727; baseline 0.005 -19"><span class='ocrx_word' id='word_1_180' title='bbox 114 2645 234 2726; x_wconf 87' lang='lat' dir='ltr'>ipsam,</span> <span class='ocrx_word' id='word_1_181' title='bbox 259 2647 422 2709; x_wconf 82' lang='lat' dir='ltr'>adversus</span> <span class='ocrx_word' id='word_1_182' title='bbox 446 2663 543 2725; x_wconf 85' lang='lat' dir='ltr'>quam</span> <span class='ocrx_word' id='word_1_183' title='bbox 569 2664 636 2710; x_wconf 92' lang='lat' dir='ltr'>non</span> <span class='ocrx_word' id='word_1_184' title='bbox 656 2649 794 2725; x_wconf 90' lang='lat' dir='ltr'>possunt</span> <span class='ocrx_word' id='word_1_185' title='bbox 811 2650 915 2727; x_wconf 82' lang='lat' dir='ltr'>portae</span> 
     </span>
     <span class='ocr_line' id='line_1_26' title="bbox 115 2744 428 2823; baseline -0.006 -16"><span class='ocrx_word' id='word_1_186' title='bbox 115 2744 215 2807; x_wconf 81' lang='lat' dir='ltr'>interi</span> <span class='ocrx_word' id='word_1_187' title='bbox 230 2744 428 2823; x_wconf 87' lang='lat' dir='ltr'>praevalere.</span> 
     </span>
    </p>

    <p class='ocr_par' dir='ltr' id='par_1_8' title="bbox 156 2842 913 2922">
     <span class='ocr_line' id='line_1_27' title="bbox 156 2842 913 2922; baseline 0.005 -19"><span class='ocrx_word' id='word_1_188' title='bbox 156 2843 241 2915; x_wconf 88' lang='lat' dir='ltr'>Quia</span> <span class='ocrx_word' id='word_1_189' title='bbox 263 2857 357 2915; x_wconf 86' lang='lat' dir='ltr'>vero,</span> <span class='ocrx_word' id='word_1_190' title='bbox 379 2842 477 2922; x_wconf 86' lang='lat' dir='ltr'>juxta</span> <span class='ocrx_word' id='word_1_191' title='bbox 500 2844 725 2906; x_wconf 91' lang='lat' dir='ltr'>testimonium</span> <span class='ocrx_word' id='word_1_192' title='bbox 744 2844 913 2917; x_wconf 82' lang='lat' dir='ltr'>Veritatis,</span> 
     </span>
    </p>
   </div>
   <div class='ocr_carea' id='block_1_8' title="bbox 7 2939 914 3023">
    <p class='ocr_par' dir='ltr' id='par_1_9' title="bbox 7 2939 914 3023">
     <span class='ocr_line' id='line_1_28' title="bbox 7 2939 914 3023; baseline 0 -19"><span class='ocrx_word' id='word_1_193' title='bbox 7 3008 8 3023; x_wconf 16' lang='grc' dir='ltr'>ἢ</span> <span class='ocrx_word' id='word_1_194' title='bbox 116 2939 410 3018; x_wconf 78' lang='lat' dir='ltr'>perseverantibus</span> <span class='ocrx_word' id='word_1_195' title='bbox 431 2940 466 3001; x_wconf 91' lang='lat' dir='ltr'>in</span> <span class='ocrx_word' id='word_1_196' title='bbox 490 2940 589 3002; x_wconf 88' lang='lat' dir='ltr'>tinem</span> <span class='ocrx_word' id='word_1_197' title='bbox 614 2957 737 3004; x_wconf 89' lang='lat' dir='ltr'>corona</span> <span class='ocrx_word' id='word_1_198' title='bbox 766 2941 914 3015; x_wconf 91' lang='lat' dir='ltr'>debetur,</span> 
     </span>
    </p>
   </div>
   <div class='ocr_carea' id='block_1_9' title="bbox 116 3038 916 3701">
    <p class='ocr_par' dir='ltr' id='par_1_10' title="bbox 116 3038 916 3701">
     <span class='ocr_line' id='line_1_29' title="bbox 116 3038 916 3115; baseline 0.001 -15"><span class='ocrx_word' id='word_1_199' title='bbox 116 3038 369 3100; x_wconf 84' lang='lat' dir='ltr'>universitatem</span> <span class='ocrx_word' id='word_1_200' title='bbox 393 3038 538 3101; x_wconf 90' lang='lat' dir='ltr'>vestram</span> <span class='ocrx_word' id='word_1_201' title='bbox 557 3039 739 3115; x_wconf 82' lang='lat' dir='ltr'>rogandam</span> <span class='ocrx_word' id='word_1_202' title='bbox 760 3039 916 3101; x_wconf 88' lang='lat' dir='ltr'>duximus</span> 
     </span>
     <span class='ocr_line' id='line_1_30' title="bbox 118 3135 915 3215; baseline 0.001 -17"><span class='ocrx_word' id='word_1_203' title='bbox 118 3138 153 3198; x_wconf 85' lang='lat' dir='ltr'>et</span> <span class='ocrx_word' id='word_1_204' title='bbox 169 3135 379 3209; x_wconf 89' lang='lat' dir='ltr'>monendam,</span> <span class='ocrx_word' id='word_1_205' title='bbox 396 3151 456 3214; x_wconf 91' lang='lat' dir='ltr'>per</span> <span class='ocrx_word' id='word_1_206' title='bbox 468 3137 795 3215; x_wconf 81' lang='lat' dir='ltr'>Apostolicascripta</span> <span class='ocrx_word' id='word_1_207' title='bbox 815 3153 915 3199; x_wconf 88' lang='lat' dir='ltr'>man·</span> 
     </span>
     <span class='ocr_line' id='line_1_31' title="bbox 120 3233 915 3312; baseline 0.005 -19"><span class='ocrx_word' id='word_1_208' title='bbox 120 3234 238 3296; x_wconf 87' lang='lat' dir='ltr'>dantes</span> <span class='ocrx_word' id='word_1_209' title='bbox 254 3234 429 3311; x_wconf 86' lang='lat' dir='ltr'>quatenus,</span> <span class='ocrx_word' id='word_1_210' title='bbox 442 3233 476 3294; x_wconf 93' lang='lat' dir='ltr'>in</span> <span class='ocrx_word' id='word_1_211' title='bbox 487 3234 661 3297; x_wconf 88' lang='lat' dir='ltr'>devotione</span> <span class='ocrx_word' id='word_1_212' title='bbox 670 3234 915 3312; x_wconf 74' lang='lat' dir='ltr'>sedisaposto-</span> 
     </span>
     <span class='ocr_line' id='line_1_32' title="bbox 116 3330 916 3408; baseline 0.001 -17"><span class='ocrx_word' id='word_1_213' title='bbox 116 3330 191 3392; x_wconf 85' lang='lat' dir='ltr'>licae</span> <span class='ocrx_word' id='word_1_214' title='bbox 204 3332 238 3395; x_wconf 90' lang='lat' dir='ltr'>et</span> <span class='ocrx_word' id='word_1_215' title='bbox 251 3330 413 3392; x_wconf 84' lang='lat' dir='ltr'>fidelitate</span> <span class='ocrx_word' id='word_1_216' title='bbox 426 3330 520 3406; x_wconf 90' lang='lat' dir='ltr'>regia</span> <span class='ocrx_word' id='word_1_217' title='bbox 542 3331 767 3407; x_wconf 90' lang='lat' dir='ltr'>persistentes,</span> <span class='ocrx_word' id='word_1_218' title='bbox 789 3331 875 3408; x_wconf 86' lang='lat' dir='ltr'>quod</span> <span class='ocrx_word' id='word_1_219' title='bbox 895 3347 916 3392; x_wconf 87' lang='lat' dir='ltr'>a</span> 
     </span>
     <span class='ocr_line' id='line_1_33' title="bbox 116 3426 915 3506; baseline 0.001 -17"><span class='ocrx_word' id='word_1_220' title='bbox 116 3426 210 3490; x_wconf 90' lang='lat' dir='ltr'>vobis</span> <span class='ocrx_word' id='word_1_221' title='bbox 235 3427 451 3489; x_wconf 88' lang='lat' dir='ltr'>laudabiliter</span> <span class='ocrx_word' id='word_1_222' title='bbox 474 3429 617 3506; x_wconf 86' lang='lat' dir='ltr'>coeptum</span> <span class='ocrx_word' id='word_1_223' title='bbox 640 3428 691 3490; x_wconf 90' lang='lat' dir='ltr'>est</span> <span class='ocrx_word' id='word_1_224' title='bbox 714 3427 915 3490; x_wconf 91' lang='lat' dir='ltr'>laudabilius</span> 
     </span>
     <span class='ocr_line' id='line_1_34' title="bbox 118 3525 916 3603; baseline 0.003 -17"><span class='ocrx_word' id='word_1_225' title='bbox 118 3525 294 3603; x_wconf 87' lang='lat' dir='ltr'>impleatis,</span> <span class='ocrx_word' id='word_1_226' title='bbox 307 3527 340 3587; x_wconf 90' lang='lat' dir='ltr'>et</span> <span class='ocrx_word' id='word_1_227' title='bbox 355 3525 439 3587; x_wconf 89' lang='lat' dir='ltr'>detis</span> <span class='ocrx_word' id='word_1_228' title='bbox 454 3525 599 3586; x_wconf 89' lang='lat' dir='ltr'>studium</span> <span class='ocrx_word' id='word_1_229' title='bbox 611 3527 645 3587; x_wconf 88' lang='lat' dir='ltr'>et</span> <span class='ocrx_word' id='word_1_230' title='bbox 658 3541 793 3603; x_wconf 86' lang='lat' dir='ltr'>operam</span> <span class='ocrx_word' id='word_1_231' title='bbox 806 3525 916 3589; x_wconf 80' lang='lat' dir='ltr'>effica-</span> 
     </span>
     <span class='ocr_line' id='line_1_35' title="bbox 119 3621 916 3701; baseline 0.001 -16"><span class='ocrx_word' id='word_1_232' title='bbox 119 3638 199 3695; x_wconf 87' lang='lat' dir='ltr'>cem,</span> <span class='ocrx_word' id='word_1_233' title='bbox 215 3622 369 3684; x_wconf 84' lang='lat' dir='ltr'>fidelibus</span> <span class='ocrx_word' id='word_1_234' title='bbox 390 3621 479 3698; x_wconf 90' lang='lat' dir='ltr'>regis</span> <span class='ocrx_word' id='word_1_235' title='bbox 499 3621 779 3685; x_wconf 89' lang='lat' dir='ltr'>inremissionem</span> <span class='ocrx_word' id='word_1_236' title='bbox 796 3640 916 3701; x_wconf 87' lang='lat' dir='ltr'>pecca-</span> 
     </span>
    </p>
   </div>
   <div class='ocr_carea' id='block_1_10' title="bbox 22 3719 914 3798">
    <p class='ocr_par' dir='ltr' id='par_1_11' title="bbox 22 3719 914 3798">
     <span class='ocr_line' id='line_1_36' title="bbox 22 3719 914 3798; baseline 0.003 -18"><span class='ocrx_word' id='word_1_237' title='bbox 22 3730 31 3749; x_wconf 91' lang='lat'>·</span> <span class='ocrx_word' id='word_1_238' title='bbox 118 3720 243 3781; x_wconf 89' lang='lat' dir='ltr'>minum</span> <span class='ocrx_word' id='word_1_239' title='bbox 270 3719 500 3798; x_wconf 76' lang='lat' dir='ltr'>injungentes,</span> <span class='ocrx_word' id='word_1_240' title='bbox 529 3720 566 3782; x_wconf 91' lang='lat' dir='ltr'>ut</span> <span class='ocrx_word' id='word_1_241' title='bbox 596 3720 662 3797; x_wconf 90' lang='lat' dir='ltr'>ipsi</span> <span class='ocrx_word' id='word_1_242' title='bbox 691 3721 727 3782; x_wconf 92' lang='lat' dir='ltr'>in</span> <span class='ocrx_word' id='word_1_243' title='bbox 760 3721 914 3798; x_wconf 84' lang='lat' dir='ltr'>Angliam</span> 
     </span>
    </p>
   </div>
   <div class='ocr_carea' id='block_1_11' title="bbox 119 3817 915 5260">
    <p class='ocr_par' dir='ltr' id='par_1_12' title="bbox 119 3817 915 5260">
     <span class='ocr_line' id='line_1_37' title="bbox 119 3817 913 3897; baseline 0.001 -18"><span class='ocrx_word' id='word_1_244' title='bbox 119 3818 305 3897; x_wconf 89' lang='lat' dir='ltr'>properent,</span> <span class='ocrx_word' id='word_1_245' title='bbox 320 3817 428 3879; x_wconf 91' lang='lat' dir='ltr'>eidem</span> <span class='ocrx_word' id='word_1_246' title='bbox 446 3817 611 3879; x_wconf 90' lang='lat' dir='ltr'>auxilium</span> <span class='ocrx_word' id='word_1_247' title='bbox 624 3817 767 3880; x_wconf 88' lang='lat' dir='ltr'>viriliter</span> <span class='ocrx_word' id='word_1_248' title='bbox 779 3817 913 3897; x_wconf 91' lang='lat' dir='ltr'>impen-</span> 
     </span>
     <span class='ocr_line' id='line_1_38' title="bbox 120 3914 915 3994; baseline 0.004 -18"><span class='ocrx_word' id='word_1_249' title='bbox 120 3915 198 3989; x_wconf 88' lang='lat' dir='ltr'>suri,</span> <span class='ocrx_word' id='word_1_250' title='bbox 219 3915 320 3994; x_wconf 92' lang='lat' dir='ltr'>prout</span> <span class='ocrx_word' id='word_1_251' title='bbox 339 3914 525 3977; x_wconf 83' lang='lat' dir='ltr'>defensioni</span> <span class='ocrx_word' id='word_1_252' title='bbox 545 3930 616 3977; x_wconf 77' lang='lat' dir='ltr'>suae</span> <span class='ocrx_word' id='word_1_253' title='bbox 635 3915 786 3978; x_wconf 87' lang='lat' dir='ltr'>videritis</span> <span class='ocrx_word' id='word_1_254' title='bbox 810 3932 915 3994; x_wconf 87' lang='lat' dir='ltr'>expe-</span> 
     </span>
     <span class='ocr_line' id='line_1_39' title="bbox 121 4012 912 4092; baseline 0.003 -17"><span class='ocrx_word' id='word_1_255' title='bbox 121 4012 214 4090; x_wconf 81' lang='lat' dir='ltr'>dire3</span> <span class='ocrx_word' id='word_1_256' title='bbox 239 4014 357 4076; x_wconf 87' lang='lat' dir='ltr'>contra</span> <span class='ocrx_word' id='word_1_257' title='bbox 389 4029 487 4092; x_wconf 88' lang='lat' dir='ltr'>quem</span> <span class='ocrx_word' id='word_1_258' title='bbox 512 4014 546 4075; x_wconf 93' lang='lat' dir='ltr'>et</span> <span class='ocrx_word' id='word_1_259' title='bbox 575 4027 653 4074; x_wconf 90' lang='lat' dir='ltr'>suos</span> <span class='ocrx_word' id='word_1_260' title='bbox 681 4012 711 4074; x_wconf 87' lang='lat' dir='ltr'>si</span> <span class='ocrx_word' id='word_1_261' title='bbox 738 4014 794 4091; x_wconf 85' lang='lat' dir='ltr'>qui</span> <span class='ocrx_word' id='word_1_262' title='bbox 819 4030 912 4077; x_wconf 88' lang='lat' dir='ltr'>arma</span> 
     </span>
     <span class='ocr_line' id='line_1_40' title="bbox 120 4110 912 4189; baseline 0.004 -17"><span class='ocrx_word' id='word_1_263' title='bbox 120 4126 249 4174; x_wconf 85' lang='lat' dir='ltr'>morere</span> <span class='ocrx_word' id='word_1_264' title='bbox 268 4111 541 4189; x_wconf 85' lang='lat' dir='ltr'>praesumpserint</span> <span class='ocrx_word' id='word_1_265' title='bbox 558 4110 594 4170; x_wconf 93' lang='lat' dir='ltr'>in</span> <span class='ocrx_word' id='word_1_266' title='bbox 615 4110 764 4188; x_wconf 87' lang='lat' dir='ltr'>partibus</span> <span class='ocrx_word' id='word_1_267' title='bbox 786 4111 912 4174; x_wconf 90' lang='lat' dir='ltr'>cisma-</span> 
     </span>
     <span class='ocr_line' id='line_1_41' title="bbox 120 4206 913 4286; baseline 0.004 -17"><span class='ocrx_word' id='word_1_268' title='bbox 120 4206 220 4282; x_wconf 88' lang='lat' dir='ltr'>rinis,</span> <span class='ocrx_word' id='word_1_269' title='bbox 248 4225 325 4270; x_wconf 92' lang='lat' dir='ltr'>cum</span> <span class='ocrx_word' id='word_1_270' title='bbox 356 4208 471 4271; x_wconf 87' lang='lat' dir='ltr'>sancta</span> <span class='ocrx_word' id='word_1_271' title='bbox 501 4206 686 4270; x_wconf 87' lang='lat' dir='ltr'>universali</span> <span class='ocrx_word' id='word_1_272' title='bbox 713 4209 839 4286; x_wconf 83' lang='lat' dir='ltr'>synodo</span> <span class='ocrx_word' id='word_1_273' title='bbox 870 4209 913 4272; x_wconf 89' lang='lat' dir='ltr'>sit</span> 
     </span>
     <span class='ocr_line' id='line_1_42' title="bbox 120 4305 913 4377; baseline 0.003 -10"><span class='ocrx_word' id='word_1_274' title='bbox 120 4306 274 4369; x_wconf 87' lang='lat' dir='ltr'>statutum</span> <span class='ocrx_word' id='word_1_275' title='bbox 289 4305 374 4369; x_wconf 90' lang='lat' dir='ltr'>utin</span> <span class='ocrx_word' id='word_1_276' title='bbox 391 4306 458 4368; x_wconf 89' lang='lat' dir='ltr'>toto</span> <span class='ocrx_word' id='word_1_277' title='bbox 473 4305 555 4368; x_wconf 86' lang='lat' dir='ltr'>orbe</span> <span class='ocrx_word' id='word_1_278' title='bbox 576 4305 770 4377; x_wconf 89' lang='lat' dir='ltr'>christiano,</span> <span class='ocrx_word' id='word_1_279' title='bbox 795 4307 913 4369; x_wconf 89' lang='lat' dir='ltr'>saltem</span> 
     </span>
     <span class='ocr_line' id='line_1_43' title="bbox 119 4403 912 4480; baseline 0.003 -16"><span class='ocrx_word' id='word_1_280' title='bbox 119 4418 175 4479; x_wconf 90' lang='lat' dir='ltr'>per</span> <span class='ocrx_word' id='word_1_281' title='bbox 194 4403 463 4480; x_wconf 86' lang='lat' dir='ltr'>quadriennium,</span> <span class='ocrx_word' id='word_1_282' title='bbox 484 4419 551 4480; x_wconf 86' lang='lat' dir='ltr'>pax</span> <span class='ocrx_word' id='word_1_283' title='bbox 570 4403 772 4480; x_wconf 81' lang='lat' dir='ltr'>generaliter</span> <span class='ocrx_word' id='word_1_284' title='bbox 792 4403 912 4467; x_wconf 90' lang='lat' dir='ltr'>obser·</span> 
     </span>
     <span class='ocr_line' id='line_1_44' title="bbox 119 4498 913 4578; baseline 0.003 -19"><span class='ocrx_word' id='word_1_285' title='bbox 119 4498 219 4561; x_wconf 90' lang='lat' dir='ltr'>vetur.</span> <span class='ocrx_word' id='word_1_286' title='bbox 244 4499 279 4561; x_wconf 88' lang='lat' dir='ltr'>Si</span> <span class='ocrx_word' id='word_1_287' title='bbox 302 4498 419 4561; x_wconf 91' lang='lat' dir='ltr'>moniti</span> <span class='ocrx_word' id='word_1_288' title='bbox 440 4515 573 4577; x_wconf 91' lang='lat' dir='ltr'>pervos</span> <span class='ocrx_word' id='word_1_289' title='bbox 588 4499 630 4560; x_wconf 88' lang='lat' dir='ltr'>ad</span> <span class='ocrx_word' id='word_1_290' title='bbox 645 4515 760 4577; x_wconf 87' lang='lat' dir='ltr'>pacem</span> <span class='ocrx_word' id='word_1_291' title='bbox 781 4500 913 4578; x_wconf 86' lang='lat' dir='ltr'>plenam</span> 
     </span>
     <span class='ocr_line' id='line_1_45' title="bbox 120 4595 911 4673; baseline 0.001 -16"><span class='ocrx_word' id='word_1_292' title='bbox 120 4598 173 4659; x_wconf 87' lang='lat' dir='ltr'>aut</span> <span class='ocrx_word' id='word_1_293' title='bbox 197 4597 328 4658; x_wconf 91' lang='lat' dir='ltr'>tirmam</span> <span class='ocrx_word' id='word_1_294' title='bbox 353 4597 503 4673; x_wconf 80' lang='lat' dir='ltr'>treugam</span> <span class='ocrx_word' id='word_1_295' title='bbox 527 4595 767 4659; x_wconf 88' lang='lat' dir='ltr'>iuviolabiliter</span> <span class='ocrx_word' id='word_1_296' title='bbox 792 4596 911 4660; x_wconf 89' lang='lat' dir='ltr'>obser-</span> 
     </span>
     <span class='ocr_line' id='line_1_46' title="bbox 120 4692 911 4772; baseline 0.004 -18"><span class='ocrx_word' id='word_1_297' title='bbox 120 4694 255 4756; x_wconf 89' lang='lat' dir='ltr'>vandam</span> <span class='ocrx_word' id='word_1_298' title='bbox 286 4694 500 4771; x_wconf 86' lang='lat' dir='ltr'>acquiescere</span> <span class='ocrx_word' id='word_1_299' title='bbox 528 4692 613 4756; x_wconf 80' lang='lat' dir='ltr'>forte</span> <span class='ocrx_word' id='word_1_300' title='bbox 640 4695 911 4772; x_wconf 87' lang='lat' dir='ltr'>contempserint,</span> 
     </span>
     <span class='ocr_line' id='line_1_47' title="bbox 120 4791 912 4869; baseline 0 -16"><span class='ocrx_word' id='word_1_301' title='bbox 120 4807 173 4869; x_wconf 87' lang='lat' dir='ltr'>per</span> <span class='ocrx_word' id='word_1_302' title='bbox 185 4791 566 4855; x_wconf 78' lang='lat' dir='ltr'>excommunicationem</span> <span class='ocrx_word' id='word_1_303' title='bbox 580 4791 615 4852; x_wconf 93' lang='lat' dir='ltr'>in</span> <span class='ocrx_word' id='word_1_304' title='bbox 630 4806 791 4869; x_wconf 86' lang='lat' dir='ltr'>personas</span> <span class='ocrx_word' id='word_1_305' title='bbox 808 4794 841 4854; x_wconf 92' lang='lat' dir='ltr'>et</span> <span class='ocrx_word' id='word_1_306' title='bbox 854 4792 912 4853; x_wconf 91' lang='lat' dir='ltr'>in-</span> 
     </span>
     <span class='ocr_line' id='line_1_48' title="bbox 120 4888 910 4966; baseline 0 -15"><span class='ocrx_word' id='word_1_307' title='bbox 120 4888 910 4966; x_wconf 83' lang='lat' dir='ltr'>terdictuminterrasarctissimecompellantur3</span> 
     </span>
     <span class='ocr_line' id='line_1_49' title="bbox 120 4986 910 5065; baseline 0.001 -17"><span class='ocrx_word' id='word_1_308' title='bbox 120 4986 184 5049; x_wconf 89' lang='lat' dir='ltr'>etsi</span> <span class='ocrx_word' id='word_1_309' title='bbox 198 5001 377 5050; x_wconf 86' lang='lat' dir='ltr'>censuram</span> <span class='ocrx_word' id='word_1_310' title='bbox 392 4986 651 5048; x_wconf 86' lang='lat' dir='ltr'>ecclesiasticam</span> <span class='ocrx_word' id='word_1_311' title='bbox 662 4986 910 5065; x_wconf 77' lang='lat' dir='ltr'>vilipenderint,</span> 
     </span>
     <span class='ocr_line' id='line_1_50' title="bbox 120 5083 910 5161; baseline 0.001 -16"><span class='ocrx_word' id='word_1_312' title='bbox 120 5083 606 5161; x_wconf 87' lang='lat' dir='ltr'>cumtalessintperturbatores</span> <span class='ocrx_word' id='word_1_313' title='bbox 614 5083 739 5161; x_wconf 90' lang='lat' dir='ltr'>negotii</span> <span class='ocrx_word' id='word_1_314' title='bbox 747 5084 910 5158; x_wconf 83' lang='lat' dir='ltr'>crucifixi,</span> 
     </span>
     <span class='ocr_line' id='line_1_51' title="bbox 120 5181 912 5260; baseline 0 -16"><span class='ocrx_word' id='word_1_315' title='bbox 120 5181 912 5260; x_wconf 78' lang='lat' dir='ltr'>quipraiatumregemcrucesignatumpersequi</span> 
     </span>
    </p>
   </div>
   <div class='ocr_carea' id='block_1_12' title="bbox 123 5365 912 5650">
    <p class='ocr_par' dir='ltr' id='par_1_13' title="bbox 152 5365 613 5438">
     <span class='ocr_line' id='line_1_52' title="bbox 152 5365 613 5438; baseline 0 -15"><span class='ocrx_word' id='word_1_316' title='bbox 152 5365 192 5438; x_wconf 68' lang='grc' dir='ltr'>Ὗ.</span> <span class='ocrx_word' id='word_1_317' title='bbox 204 5365 417 5423; x_wconf 80' lang='lat' dir='ltr'>examinentur.</span> <span class='ocrx_word' id='word_1_318' title='bbox 609 5404 613 5411; x_wconf 81' lang='lat'>·</span> 
     </span>
    </p>

    <p class='ocr_par' dir='ltr' id='par_1_14' title="bbox 123 5430 912 5650">
     <span class='ocr_line' id='line_1_53' title="bbox 152 5430 911 5519; baseline 0.001 -27"><span class='ocrx_word' id='word_1_319' title='bbox 152 5434 194 5508; x_wconf 77' lang='lat' dir='ltr'>(ol</span> <span class='ocrx_word' id='word_1_320' title='bbox 215 5437 300 5494; x_wconf 78' lang='lat' dir='ltr'>Auno</span> <span class='ocrx_word' id='word_1_321' title='bbox 326 5434 406 5505; x_wconf 75' lang='lat' dir='ltr'>iile,</span> <span class='ocrx_word' id='word_1_322' title='bbox 425 5432 587 5519; x_wconf 26' lang='lat' dir='ltr'>&#39;baronibus</span> <span class='ocrx_word' id='word_1_323' title='bbox 608 5430 745 5519; x_wconf 78' lang='lat' dir='ltr'>adversus</span> <span class='ocrx_word' id='word_1_324' title='bbox 769 5437 911 5519; x_wconf 70' lang='lat' dir='ltr'>loannem</span> 
     </span>
     <span class='ocr_line' id='line_1_54' title="bbox 123 5504 911 5633; baseline 0.003 -70"><span class='ocrx_word' id='word_1_325' title='bbox 123 5504 228 5633; x_wconf 50' lang='lat' dir='ltr'>buglis</span> <span class='ocrx_word' id='word_1_326' title='bbox 250 5521 352 5580; x_wconf 85' lang='lat' dir='ltr'>regern</span> <span class='ocrx_word' id='word_1_327' title='bbox 374 5521 468 5590; x_wconf 73' lang='lat' dir='ltr'>acrius</span> <span class='ocrx_word' id='word_1_328' title='bbox 488 5505 705 5590; x_wconf 77' lang='lat' dir='ltr'>rebellantibus,</span> <span class='ocrx_word' id='word_1_329' title='bbox 720 5512 749 5563; x_wconf 87' lang='lat' dir='ltr'>et</span> <span class='ocrx_word' id='word_1_330' title='bbox 769 5513 824 5589; x_wconf 75' lang='lat' dir='ltr'>icto</span> <span class='ocrx_word' id='word_1_331' title='bbox 845 5521 911 5589; x_wconf 84' lang='lat' dir='ltr'>cum</span> 
     </span>
     <span class='ocr_line' id='line_1_55' title="bbox 123 5573 912 5650; baseline 0.005 -20"><span class='ocrx_word' id='word_1_332' title='bbox 123 5573 155 5632; x_wconf 80' lang='lat' dir='ltr'>bs</span> <span class='ocrx_word' id='word_1_333' title='bbox 185 5575 296 5647; x_wconf 81' lang='lat' dir='ltr'>oedere,</span> <span class='ocrx_word' id='word_1_334' title='bbox 318 5575 495 5648; x_wconf 80' lang='lat' dir='ltr'>ludovicus,</span> <span class='ocrx_word' id='word_1_335' title='bbox 517 5590 596 5650; x_wconf 81' lang='lat' dir='ltr'>regis</span> <span class='ocrx_word' id='word_1_336' title='bbox 619 5575 741 5650; x_wconf 75' lang='lat' dir='ltr'>Philippi</span> <span class='ocrx_word' id='word_1_337' title='bbox 766 5574 852 5648; x_wconf 76' lang='lat' dir='ltr'>iliius,</span> <span class='ocrx_word' id='word_1_338' title='bbox 882 5591 912 5634; x_wconf 90' lang='grc' dir='ltr'>ιιι</span> 
     </span>
    </p>
   </div>
   <div class='ocr_carea' id='block_1_13' title="bbox 303 5732 569 5789">
    <p class='ocr_par' dir='ltr' id='par_1_15' title="bbox 303 5732 569 5789">
     <span class='ocr_line' id='line_1_56' title="bbox 303 5732 569 5789; baseline 0.008 -3"><span class='ocrx_word' id='word_1_339' title='bbox 303 5743 419 5789; x_wconf 74' lang='lat' dir='ltr'>rimor.</span> <span class='ocrx_word' id='word_1_340' title='bbox 439 5743 514 5788; x_wconf 73' lang='lat' dir='ltr'>rous</span> <span class='ocrx_word' id='word_1_341' title='bbox 533 5732 569 5788; x_wconf 88' lang='lat'>11.</span> 
     </span>
    </p>
   </div>
   <div class='ocr_carea' id='block_1_14' title="bbox 970 994 1769 1272">
    <p class='ocr_par' dir='ltr' id='par_1_16' title="bbox 970 994 1769 1272">
     <span class='ocr_line' id='line_1_57' title="bbox 970 994 1769 1075; baseline 0.014 -20"><span class='ocrx_word' id='word_1_342' title='bbox 970 994 1032 1055; x_wconf 92' lang='lat' dir='ltr'>tati</span> <span class='ocrx_word' id='word_1_343' title='bbox 1045 995 1165 1056; x_wconf 83' lang='lat' dir='ltr'>vestrae</span> <span class='ocrx_word' id='word_1_344' title='bbox 1175 995 1369 1057; x_wconf 85' lang='lat' dir='ltr'>mandamus</span> <span class='ocrx_word' id='word_1_345' title='bbox 1379 998 1415 1057; x_wconf 90' lang='lat' dir='ltr'>ut</span> <span class='ocrx_word' id='word_1_346' title='bbox 1424 997 1466 1058; x_wconf 92' lang='lat' dir='ltr'>ab</span> <span class='ocrx_word' id='word_1_347' title='bbox 1476 998 1624 1075; x_wconf 90' lang='lat' dir='ltr'>ipsorum</span> <span class='ocrx_word' id='word_1_348' title='bbox 1634 1002 1769 1065; x_wconf 90' lang='lat' dir='ltr'>interim</span> 
     </span>
     <span class='ocr_line' id='line_1_58' title="bbox 972 1090 1767 1163; baseline 0.015 -12"><span class='ocrx_word' id='word_1_349' title='bbox 972 1090 1201 1153; x_wconf 86' lang='lat' dir='ltr'>molestatione</span> <span class='ocrx_word' id='word_1_350' title='bbox 1214 1092 1360 1155; x_wconf 91' lang='lat' dir='ltr'>indebita</span> <span class='ocrx_word' id='word_1_351' title='bbox 1373 1094 1551 1158; x_wconf 81' lang='lat' dir='ltr'>desistatis.</span> <span class='ocrx_word' id='word_1_352' title='bbox 1567 1098 1686 1161; x_wconf 91' lang='lat' dir='ltr'>Datum</span> <span class='ocrx_word' id='word_1_353' title='bbox 1699 1103 1767 1163; x_wconf 89' lang='lat' dir='ltr'>La-</span> 
     </span>
     <span class='ocr_line' id='line_1_59' title="bbox 970 1189 1647 1272; baseline 0.013 -23"><span class='ocrx_word' id='word_1_354' title='bbox 970 1189 1244 1261; x_wconf 86' lang='lat' dir='ltr'>terani,xv1kal.</span> <span class='ocrx_word' id='word_1_355' title='bbox 1259 1189 1413 1263; x_wconf 88' lang='lat' dir='ltr'>octobris,</span> <span class='ocrx_word' id='word_1_356' title='bbox 1428 1207 1516 1255; x_wconf 91' lang='lat' dir='ltr'>anno</span> <span class='ocrx_word' id='word_1_357' title='bbox 1528 1194 1647 1272; x_wconf 88' lang='lat' dir='ltr'>primo.</span> 
     </span>
    </p>
   </div>
   <div class='ocr_carea' id='block_1_15' title="bbox 970 1351 1770 2204">
    <p class='ocr_par' dir='ltr' id='par_1_17' title="bbox 970 1351 1770 2204">
     <span class='ocr_line' id='line_1_60' title="bbox 1011 1351 1770 1424; baseline 0.012 -14"><span class='ocrx_word' id='word_1_358' title='bbox 1011 1351 1219 1411; x_wconf 76' lang='lat' dir='ltr'>Irreumdem</span> <span class='ocrx_word' id='word_1_359' title='bbox 1227 1351 1448 1424; x_wconf 79' lang='lat' dir='ltr'>fcreoeodum</span> <span class='ocrx_word' id='word_1_360' title='bbox 1458 1352 1625 1416; x_wconf 88' lang='lat' dir='ltr'>universis</span> <span class='ocrx_word' id='word_1_361' title='bbox 1637 1355 1770 1419; x_wconf 89' lang='lat' dir='ltr'>baroni-</span> 
     </span>
     <span class='ocr_line' id='line_1_61' title="bbox 970 1444 1769 1532; baseline 0.014 -26"><span class='ocrx_word' id='word_1_362' title='bbox 970 1444 1032 1506; x_wconf 90' lang='lat' dir='ltr'>bus</span> <span class='ocrx_word' id='word_1_363' title='bbox 1055 1446 1088 1508; x_wconf 92' lang='lat' dir='ltr'>et</span> <span class='ocrx_word' id='word_1_364' title='bbox 1111 1445 1263 1508; x_wconf 82' lang='lat' dir='ltr'>fidelibus</span> <span class='ocrx_word' id='word_1_365' title='bbox 1288 1446 1431 1510; x_wconf 90' lang='lat' dir='ltr'>illustris</span> <span class='ocrx_word' id='word_1_366' title='bbox 1455 1450 1544 1526; x_wconf 89' lang='lat' dir='ltr'>regis</span> <span class='ocrx_word' id='word_1_367' title='bbox 1564 1453 1693 1529; x_wconf 83' lang='lat' dir='ltr'>Angliae</span> <span class='ocrx_word' id='word_1_368' title='bbox 1709 1470 1769 1532; x_wconf 92' lang='lat' dir='ltr'>per</span> 
     </span>
     <span class='ocr_line' id='line_1_62' title="bbox 971 1543 1767 1625; baseline 0.015 -22"><span class='ocrx_word' id='word_1_369' title='bbox 971 1543 1155 1605; x_wconf 86' lang='lat' dir='ltr'>Pictaviam</span> <span class='ocrx_word' id='word_1_370' title='bbox 1169 1545 1203 1605; x_wconf 89' lang='lat' dir='ltr'>et</span> <span class='ocrx_word' id='word_1_371' title='bbox 1215 1545 1429 1606; x_wconf 88' lang='lat' dir='ltr'>Wasconiam</span> <span class='ocrx_word' id='word_1_372' title='bbox 1444 1547 1642 1622; x_wconf 68' lang='lat' dir='ltr'>constitutis</span> <span class='ocrx_word' id='word_1_373' title='bbox 1660 1568 1767 1625; x_wconf 78' lang='lat' dir='ltr'>usquc</span> 
     </span>
     <span class='ocr_line' id='line_1_63' title="bbox 971 1639 1767 1720; baseline 0.011 -19"><span class='ocrx_word' id='word_1_374' title='bbox 971 1639 1140 1717; x_wconf 88' lang='lat' dir='ltr'>expedire.</span> <span class='ocrx_word' id='word_1_375' title='bbox 1154 1643 1284 1703; x_wconf 75' lang='lat' dir='ltr'>Deinde</span> <span class='ocrx_word' id='word_1_376' title='bbox 1296 1663 1304 1702; x_wconf 79' lang='grc' dir='ltr'><strong><em>ε</em></strong></span> <span class='ocrx_word' id='word_1_377' title='bbox 1318 1643 1357 1704; x_wconf 84' lang='lat' dir='ltr'>ut</span> <span class='ocrx_word' id='word_1_378' title='bbox 1369 1643 1503 1720; x_wconf 87' lang='lat' dir='ltr'>quidam</span> <span class='ocrx_word' id='word_1_379' title='bbox 1515 1661 1558 1706; x_wconf 91' lang='lat' dir='ltr'>ex</span> <span class='ocrx_word' id='word_1_380' title='bbox 1566 1646 1659 1708; x_wconf 89' lang='lat' dir='ltr'>vobis</span> <span class='ocrx_word' id='word_1_381' title='bbox 1672 1665 1767 1711; x_wconf 89' lang='lat' dir='ltr'>suam</span> 
     </span>
     <span class='ocr_line' id='line_1_64' title="bbox 970 1737 1767 1821; baseline 0.014 -23"><span class='ocrx_word' id='word_1_382' title='bbox 970 1737 1013 1799; x_wconf 91' lang='lat' dir='ltr'>ad</span> <span class='ocrx_word' id='word_1_383' title='bbox 1033 1752 1095 1799; x_wconf 91' lang='lat' dir='ltr'>nos</span> <span class='ocrx_word' id='word_1_384' title='bbox 1114 1738 1282 1814; x_wconf 85' lang='lat' dir='ltr'>querelam</span> <span class='ocrx_word' id='word_1_385' title='bbox 1300 1738 1518 1813; x_wconf 89' lang='lat' dir='ltr'>destinarunt,</span> <span class='ocrx_word' id='word_1_386' title='bbox 1535 1745 1621 1819; x_wconf 72' lang='lat' dir='ltr'>qarod</span> <span class='ocrx_word' id='word_1_387' title='bbox 1636 1746 1767 1821; x_wconf 85' lang='lat' dir='ltr'>praelati</span> 
     </span>
     <span class='ocr_line' id='line_1_65' title="bbox 970 1833 1767 1914; baseline 0.013 -19"><span class='ocrx_word' id='word_1_388' title='bbox 970 1833 1012 1895; x_wconf 92' lang='lat' dir='ltr'>de</span> <span class='ocrx_word' id='word_1_389' title='bbox 1029 1834 1179 1912; x_wconf 88' lang='lat' dir='ltr'>partibus</span> <span class='ocrx_word' id='word_1_390' title='bbox 1201 1835 1321 1897; x_wconf 89' lang='lat' dir='ltr'>vestris</span> <span class='ocrx_word' id='word_1_391' title='bbox 1344 1835 1433 1913; x_wconf 90' lang='lat' dir='ltr'>ipsos</span> <span class='ocrx_word' id='word_1_392' title='bbox 1453 1839 1650 1914; x_wconf 88' lang='lat' dir='ltr'>quibusdam</span> <span class='ocrx_word' id='word_1_393' title='bbox 1671 1844 1767 1905; x_wconf 83' lang='lat' dir='ltr'>novis</span> 
     </span>
     <span class='ocr_line' id='line_1_66' title="bbox 970 1931 1767 2010; baseline 0.014 -19"><span class='ocrx_word' id='word_1_394' title='bbox 970 1931 1230 2010; x_wconf 86' lang='lat' dir='ltr'>impetitionibus</span> <span class='ocrx_word' id='word_1_395' title='bbox 1245 1933 1422 1995; x_wconf 86' lang='lat' dir='ltr'>molestare</span> <span class='ocrx_word' id='word_1_396' title='bbox 1434 1935 1596 2010; x_wconf 91' lang='lat' dir='ltr'>nituntur,</span> <span class='ocrx_word' id='word_1_397' title='bbox 1608 1939 1767 2002; x_wconf 89' lang='lat' dir='ltr'>noveritis</span> 
     </span>
     <span class='ocr_line' id='line_1_67' title="bbox 970 2028 1767 2107; baseline 0.013 -18"><span class='ocrx_word' id='word_1_398' title='bbox 970 2044 1031 2090; x_wconf 89' lang='lat' dir='ltr'>nos</span> <span class='ocrx_word' id='word_1_399' title='bbox 1046 2028 1128 2107; x_wconf 88' lang='lat' dir='ltr'>ipsis</span> <span class='ocrx_word' id='word_1_400' title='bbox 1142 2029 1266 2092; x_wconf 88' lang='lat' dir='ltr'>nostris</span> <span class='ocrx_word' id='word_1_401' title='bbox 1279 2029 1410 2097; x_wconf 87' lang='lat' dir='ltr'>dedisse</span> <span class='ocrx_word' id='word_1_402' title='bbox 1422 2031 1542 2094; x_wconf 90' lang='lat' dir='ltr'>litteris</span> <span class='ocrx_word' id='word_1_403' title='bbox 1554 2034 1589 2095; x_wconf 93' lang='lat' dir='ltr'>iu</span> <span class='ocrx_word' id='word_1_404' title='bbox 1602 2037 1767 2100; x_wconf 88' lang='lat' dir='ltr'>mandatis</span> 
     </span>
     <span class='ocr_line' id='line_1_68' title="bbox 970 2125 1766 2204; baseline 0.013 -18"><span class='ocrx_word' id='word_1_405' title='bbox 970 2125 1007 2188; x_wconf 89' lang='lat' dir='ltr'>ut</span> <span class='ocrx_word' id='word_1_406' title='bbox 1023 2125 1063 2187; x_wconf 91' lang='lat' dir='ltr'>ab</span> <span class='ocrx_word' id='word_1_407' title='bbox 1081 2126 1229 2204; x_wconf 90' lang='lat' dir='ltr'>ipsorum</span> <span class='ocrx_word' id='word_1_408' title='bbox 1251 2126 1384 2189; x_wconf 90' lang='lat' dir='ltr'>interim</span> <span class='ocrx_word' id='word_1_409' title='bbox 1406 2129 1637 2194; x_wconf 87' lang='lat' dir='ltr'>molestatione</span> <span class='ocrx_word' id='word_1_410' title='bbox 1655 2133 1766 2196; x_wconf 90' lang='lat' dir='ltr'>desis-</span> 
     </span>
    </p>
   </div>
   <div class='ocr_carea' id='block_1_16' title="bbox 970 2222 1053 2286">
    <p class='ocr_par' dir='ltr' id='par_1_18' title="bbox 970 2222 1053 2286">
     <span class='ocr_line' id='line_1_69' title="bbox 970 2222 1053 2286; baseline -0.036 0"><span class='ocrx_word' id='word_1_411' title='bbox 970 2222 1053 2286; x_wconf 89' lang='lat' dir='ltr'>tant.</span> 
     </span>
    </p>
   </div>
   <div class='ocr_carea' id='block_1_17' title="bbox 1305 2402 1432 2492">
    <p class='ocr_par' dir='ltr' id='par_1_19' title="bbox 1305 2402 1432 2492">
     <span class='ocr_line' id='line_1_70' title="bbox 1305 2402 1432 2492; baseline 0.008 -1"><span class='ocrx_word' id='word_1_412' title='bbox 1305 2402 1432 2492; x_wconf 86' lang='lat' dir='ltr'>XXIV</span> 
     </span>
    </p>
   </div>
   <div class='ocr_carea' id='block_1_18' title="bbox 970 2589 1767 2751">
    <p class='ocr_par' dir='ltr' id='par_1_20' title="bbox 970 2589 1767 2751">
     <span class='ocr_line' id='line_1_71' title="bbox 970 2589 1767 2658; baseline 0.011 -9"><span class='ocrx_word' id='word_1_413' title='bbox 970 2589 1023 2650; x_wconf 81' lang='lat' dir='ltr'>Ad</span> <span class='ocrx_word' id='word_1_414' title='bbox 1033 2589 1189 2651; x_wconf 84' lang='lat' dir='ltr'>abbatem</span> <span class='ocrx_word' id='word_1_415' title='bbox 1211 2592 1245 2652; x_wconf 84' lang='lat' dir='ltr'>et</span> <span class='ocrx_word' id='word_1_416' title='bbox 1264 2593 1406 2653; x_wconf 77' lang='lat' dir='ltr'>clericos</span> <span class='ocrx_word' id='word_1_417' title='bbox 1425 2594 1563 2654; x_wconf 76' lang='lat' dir='ltr'>soncior</span> <span class='ocrx_word' id='word_1_418' title='bbox 1582 2596 1711 2658; x_wconf 73' lang='lat' dir='ltr'>Marica</span> <span class='ocrx_word' id='word_1_419' title='bbox 1725 2598 1767 2657; x_wconf 80' lang='lat' dir='ltr'>dc</span> 
     </span>
     <span class='ocr_line' id='line_1_72' title="bbox 1176 2690 1556 2751; baseline 0.008 -3"><span class='ocrx_word' id='word_1_420' title='bbox 1176 2690 1556 2751; x_wconf 76' lang='lat' dir='ltr'>Flumtncdececcono.</span> 
     </span>
    </p>
   </div>
   <div class='ocr_carea' id='block_1_19' title="bbox 1265 2800 1486 2874">
    <p class='ocr_par' dir='ltr' id='par_1_21' title="bbox 1265 2800 1486 2874">
     <span class='ocr_line' id='line_1_73' title="bbox 1265 2800 1486 2874; baseline 0 -17"><span class='ocrx_word' id='word_1_421' title='bbox 1265 2800 1300 2858; x_wconf 83' lang='lat' dir='ltr'>le</span> <span class='ocrx_word' id='word_1_422' title='bbox 1314 2808 1387 2874; x_wconf 86' lang='lat' dir='ltr'>sept.</span> <span class='ocrx_word' id='word_1_423' title='bbox 1407 2801 1486 2860; x_wconf 79' lang='lat' dir='ltr'>liiii.</span> 
     </span>
    </p>
   </div>
   <div class='ocr_carea' id='block_1_20' title="bbox 969 2912 1766 3061">
    <p class='ocr_par' dir='ltr' id='par_1_22' title="bbox 969 2912 1766 3061">
     <span class='ocr_line' id='line_1_74' title="bbox 969 2912 1766 3045; baseline 0.008 -81"><span class='ocrx_word' id='word_1_424' title='bbox 969 2913 1064 2977; x_wconf 63' lang='lat' dir='ltr'>[Perta</span> <span class='ocrx_word' id='word_1_425' title='bbox 1085 2912 1198 2966; x_wconf 78' lang='lat' dir='ltr'>Annales</span> <span class='ocrx_word' id='word_1_426' title='bbox 1208 2914 1382 2968; x_wconf 84' lang='lat' dir='ltr'>Ceccauenses.</span> <span class='ocrx_word' id='word_1_427' title='bbox 1400 2917 1567 3045; x_wconf 50' lang='lat' dir='ltr'>{loommentc</span> <span class='ocrx_word' id='word_1_428' title='bbox 1581 2918 1637 2970; x_wconf 85' lang='lat' dir='ltr'>Ger.</span> <span class='ocrx_word' id='word_1_429' title='bbox 1651 2918 1766 2970; x_wconf 72' lang='lat' dir='ltr'>historica</span> 
     </span>
     <span class='ocr_line' id='line_1_75' title="bbox 1252 2995 1468 3061; baseline 0 -16"><span class='ocrx_word' id='word_1_430' title='bbox 1252 2995 1352 3055; x_wconf 78' lang='lat' dir='ltr'>cxlx,</span> <span class='ocrx_word' id='word_1_431' title='bbox 1363 3011 1390 3061; x_wconf 86' lang='lat' dir='ltr'>p.</span> <span class='ocrx_word' id='word_1_432' title='bbox 1433 2996 1468 3059; x_wconf 92' lang='lat' dir='ltr'>i.]</span> 
     </span>
    </p>
   </div>
   <div class='ocr_carea' id='block_1_21' title="bbox 969 3117 1763 3282">
    <p class='ocr_par' dir='ltr' id='par_1_23' title="bbox 969 3117 1763 3282">
     <span class='ocr_line' id='line_1_76' title="bbox 969 3117 1763 3182; baseline 0.008 -6"><span class='ocrx_word' id='word_1_433' title='bbox 969 3118 1128 3178; x_wconf 71' lang='lat' dir='ltr'>licalcsiam</span> <span class='ocrx_word' id='word_1_434' title='bbox 1147 3118 1176 3177; x_wconf 89' lang='lat' dir='ltr'>S.</span> <span class='ocrx_word' id='word_1_435' title='bbox 1191 3119 1289 3178; x_wconf 82' lang='lat' dir='ltr'>liariae</span> <span class='ocrx_word' id='word_1_436' title='bbox 1302 3117 1339 3176; x_wconf 92' lang='lat' dir='ltr'>de</span> <span class='ocrx_word' id='word_1_437' title='bbox 1353 3120 1483 3179; x_wconf 87' lang='lat' dir='ltr'>Flumine</span> <span class='ocrx_word' id='word_1_438' title='bbox 1499 3119 1535 3179; x_wconf 94' lang='lat' dir='ltr'>de</span> <span class='ocrx_word' id='word_1_439' title='bbox 1551 3122 1682 3182; x_wconf 87' lang='lat' dir='ltr'>Ceceano</span> <span class='ocrx_word' id='word_1_440' title='bbox 1696 3137 1763 3182; x_wconf 87' lang='lat' dir='ltr'>cum</span> 
     </span>
     <span class='ocr_line' id='line_1_77' title="bbox 1102 3204 1621 3282; baseline 0.01 -20"><span class='ocrx_word' id='word_1_441' title='bbox 1102 3204 1235 3264; x_wconf 87' lang='lat' dir='ltr'>omuibus</span> <span class='ocrx_word' id='word_1_442' title='bbox 1247 3204 1332 3265; x_wconf 88' lang='lat' dir='ltr'>bouis</span> <span class='ocrx_word' id='word_1_443' title='bbox 1346 3205 1479 3266; x_wconf 86' lang='lat' dir='ltr'>tuendam</span> <span class='ocrx_word' id='word_1_444' title='bbox 1493 3208 1621 3282; x_wconf 86' lang='lat' dir='ltr'>suscipit.</span> 
     </span>
    </p>
   </div>
   <div class='ocr_carea' id='block_1_22' title="bbox 966 3331 1806 5251">
    <p class='ocr_par' dir='ltr' id='par_1_24' title="bbox 969 3331 1806 3589">
     <span class='ocr_line' id='line_1_78' title="bbox 1009 3331 1766 3405; baseline 0.007 -13"><span class='ocrx_word' id='word_1_445' title='bbox 1009 3331 1188 3405; x_wconf 87' lang='lat' dir='ltr'>Honorius,</span> <span class='ocrx_word' id='word_1_446' title='bbox 1213 3331 1294 3404; x_wconf 77' lang='lat' dir='ltr'>etc,</span> <span class='ocrx_word' id='word_1_447' title='bbox 1319 3331 1449 3394; x_wconf 89' lang='lat' dir='ltr'>dilectis</span> <span class='ocrx_word' id='word_1_448' title='bbox 1475 3333 1553 3394; x_wconf 86' lang='lat' dir='ltr'>liliis</span> <span class='ocrx_word' id='word_1_449' title='bbox 1576 3335 1610 3397; x_wconf 91' lang='lat' dir='ltr'>et</span> <span class='ocrx_word' id='word_1_450' title='bbox 1635 3335 1766 3397; x_wconf 90' lang='lat' dir='ltr'>clericis</span> 
     </span>
     <span class='ocr_line' id='line_1_79' title="bbox 971 3427 1806 3494; baseline 0.006 -4"><span class='ocrx_word' id='word_1_451' title='bbox 971 3430 1101 3492; x_wconf 85' lang='lat' dir='ltr'>Sanctae</span> <span class='ocrx_word' id='word_1_452' title='bbox 1117 3427 1233 3491; x_wconf 73' lang='lat' dir='ltr'>Maria</span> <span class='ocrx_word' id='word_1_453' title='bbox 1252 3427 1294 3490; x_wconf 90' lang='lat' dir='ltr'>de</span> <span class='ocrx_word' id='word_1_454' title='bbox 1312 3429 1464 3492; x_wconf 87' lang='lat' dir='ltr'>Flumine</span> <span class='ocrx_word' id='word_1_455' title='bbox 1481 3430 1522 3492; x_wconf 93' lang='lat' dir='ltr'>de</span> <span class='ocrx_word' id='word_1_456' title='bbox 1541 3433 1688 3494; x_wconf 81' lang='lat' dir='ltr'>ceccano</span> <span class='ocrx_word' id='word_1_457' title='bbox 1705 3449 1765 3494; x_wconf 88' lang='lat' dir='ltr'>sa·</span> <span class='ocrx_word' id='word_1_458' title='bbox 1798 3440 1806 3457; x_wconf 91' lang='lat'>&#39;</span> 
     </span>
     <span class='ocr_line' id='line_1_80' title="bbox 969 3525 1083 3589; baseline 0.009 -3"><span class='ocrx_word' id='word_1_459' title='bbox 969 3525 1083 3589; x_wconf 85' lang='lat' dir='ltr'>lutem.</span> 
     </span>
    </p>

    <p class='ocr_par' dir='ltr' id='par_1_25' title="bbox 966 3623 1789 5251">
     <span class='ocr_line' id='line_1_81' title="bbox 1007 3623 1764 3705; baseline 0.004 -19"><span class='ocrx_word' id='word_1_460' title='bbox 1007 3623 1112 3686; x_wconf 82' lang='lat' dir='ltr'>iustis</span> <span class='ocrx_word' id='word_1_461' title='bbox 1129 3624 1321 3702; x_wconf 88' lang='lat' dir='ltr'>petentium,</span> <span class='ocrx_word' id='word_1_462' title='bbox 1339 3625 1415 3696; x_wconf 72' lang='lat' dir='ltr'>etc„</span> <span class='ocrx_word' id='word_1_463' title='bbox 1432 3640 1538 3700; x_wconf 79' lang='lat' dir='ltr'>usquc</span> <span class='ocrx_word' id='word_1_464' title='bbox 1555 3627 1764 3705; x_wconf 88' lang='lat' dir='ltr'>suscipimus.</span> 
     </span>
     <span class='ocr_line' id='line_1_82' title="bbox 970 3721 1767 3800; baseline 0.006 -18"><span class='ocrx_word' id='word_1_465' title='bbox 970 3721 1167 3798; x_wconf 85' lang='lat' dir='ltr'>Specialiter</span> <span class='ocrx_word' id='word_1_466' title='bbox 1179 3723 1290 3783; x_wconf 88' lang='lat' dir='ltr'>autem</span> <span class='ocrx_word' id='word_1_467' title='bbox 1304 3722 1417 3784; x_wconf 88' lang='lat' dir='ltr'>Sancti</span> <span class='ocrx_word' id='word_1_468' title='bbox 1432 3723 1591 3800; x_wconf 88' lang='lat' dir='ltr'>Stephani</span> <span class='ocrx_word' id='word_1_469' title='bbox 1603 3725 1637 3786; x_wconf 90' lang='lat' dir='ltr'>et</span> <span class='ocrx_word' id='word_1_470' title='bbox 1653 3725 1767 3787; x_wconf 87' lang='lat' dir='ltr'>Sancti</span> 
     </span>
     <span class='ocr_line' id='line_1_83' title="bbox 968 3817 1768 3890; baseline 0.006 -11"><span class='ocrx_word' id='word_1_471' title='bbox 968 3817 1094 3890; x_wconf 79' lang='lat' dir='ltr'>Quirici</span> <span class='ocrx_word' id='word_1_472' title='bbox 1107 3818 1267 3880; x_wconf 88' lang='lat' dir='ltr'>ecclesias</span> <span class='ocrx_word' id='word_1_473' title='bbox 1279 3835 1354 3880; x_wconf 92' lang='lat' dir='ltr'>cum</span> <span class='ocrx_word' id='word_1_474' title='bbox 1363 3818 1515 3880; x_wconf 89' lang='lat' dir='ltr'>omnibus</span> <span class='ocrx_word' id='word_1_475' title='bbox 1524 3821 1722 3882; x_wconf 88' lang='lat' dir='ltr'>tenementis</span> <span class='ocrx_word' id='word_1_476' title='bbox 1733 3824 1768 3884; x_wconf 89' lang='lat' dir='ltr'>et</span> 
     </span>
     <span class='ocr_line' id='line_1_84' title="bbox 967 3914 1765 3993; baseline 0.001 -15"><span class='ocrx_word' id='word_1_477' title='bbox 967 3915 1177 3993; x_wconf 82' lang='lat' dir='ltr'>pertiuentiis</span> <span class='ocrx_word' id='word_1_478' title='bbox 1194 3914 1274 3987; x_wconf 88' lang='lat' dir='ltr'>suis,</span> <span class='ocrx_word' id='word_1_479' title='bbox 1296 3915 1453 3977; x_wconf 83' lang='lat' dir='ltr'>forestam</span> <span class='ocrx_word' id='word_1_480' title='bbox 1470 3917 1569 3993; x_wconf 78' lang='lat' dir='ltr'>Juxta</span> <span class='ocrx_word' id='word_1_481' title='bbox 1588 3916 1765 3979; x_wconf 88' lang='lat' dir='ltr'>ecclesiam</span> 
     </span>
     <span class='ocr_line' id='line_1_85' title="bbox 969 4011 1789 4091; baseline 0.004 -17"><span class='ocrx_word' id='word_1_482' title='bbox 969 4012 1081 4075; x_wconf 84' lang='lat' dir='ltr'>Sancti</span> <span class='ocrx_word' id='word_1_483' title='bbox 1095 4011 1254 4091; x_wconf 89' lang='lat' dir='ltr'>Stephani</span> <span class='ocrx_word' id='word_1_484' title='bbox 1263 4012 1297 4074; x_wconf 90' lang='lat' dir='ltr'>et</span> <span class='ocrx_word' id='word_1_485' title='bbox 1309 4011 1349 4073; x_wconf 94' lang='lat' dir='ltr'>de</span> <span class='ocrx_word' id='word_1_486' title='bbox 1363 4012 1470 4088; x_wconf 87' lang='lat' dir='ltr'>capite</span> <span class='ocrx_word' id='word_1_487' title='bbox 1481 4013 1589 4090; x_wconf 91' lang='lat' dir='ltr'>pontis</span> <span class='ocrx_word' id='word_1_488' title='bbox 1600 4013 1640 4075; x_wconf 92' lang='lat' dir='ltr'>de</span> <span class='ocrx_word' id='word_1_489' title='bbox 1652 4015 1760 4091; x_wconf 86' lang='lat' dir='ltr'>prato,</span> <span class='ocrx_word' id='word_1_490' title='bbox 1786 4076 1789 4089; x_wconf 87' lang='grc'>,</span> 
     </span>
     <span class='ocr_line' id='line_1_86' title="bbox 967 4108 1765 4184; baseline 0.001 -12"><span class='ocrx_word' id='word_1_491' title='bbox 967 4111 1001 4173; x_wconf 89' lang='lat' dir='ltr'>el</span> <span class='ocrx_word' id='word_1_492' title='bbox 1013 4110 1054 4172; x_wconf 94' lang='lat' dir='ltr'>de</span> <span class='ocrx_word' id='word_1_493' title='bbox 1063 4108 1164 4173; x_wconf 90' lang='lat' dir='ltr'>tineis</span> <span class='ocrx_word' id='word_1_494' title='bbox 1178 4109 1379 4182; x_wconf 89' lang='lat' dir='ltr'>molendina,</span> <span class='ocrx_word' id='word_1_495' title='bbox 1391 4110 1517 4184; x_wconf 88' lang='lat' dir='ltr'>vineas,</span> <span class='ocrx_word' id='word_1_496' title='bbox 1529 4110 1668 4184; x_wconf 83' lang='lat' dir='ltr'>reditus,</span> <span class='ocrx_word' id='word_1_497' title='bbox 1679 4111 1765 4174; x_wconf 88' lang='lat' dir='ltr'>deci·</span> 
     </span>
     <span class='ocr_line' id='line_1_87' title="bbox 967 4206 1765 4281; baseline 0.001 -12"><span class='ocrx_word' id='word_1_498' title='bbox 967 4223 1050 4281; x_wconf 86' lang='lat' dir='ltr'>mas,</span> <span class='ocrx_word' id='word_1_499' title='bbox 1066 4206 1260 4279; x_wconf 86' lang='lat' dir='ltr'>oblationes,</span> <span class='ocrx_word' id='word_1_500' title='bbox 1277 4207 1440 4280; x_wconf 87' lang='lat' dir='ltr'>homiues,</span> <span class='ocrx_word' id='word_1_501' title='bbox 1456 4207 1583 4280; x_wconf 87' lang='lat' dir='ltr'>hortos,</span> <span class='ocrx_word' id='word_1_502' title='bbox 1604 4209 1765 4271; x_wconf 89' lang='lat' dir='ltr'>cannabi-</span> 
     </span>
     <span class='ocr_line' id='line_1_88' title="bbox 967 4304 1764 4382; baseline 0.004 -16"><span class='ocrx_word' id='word_1_503' title='bbox 967 4321 1039 4377; x_wconf 89' lang='lat' dir='ltr'>nas,</span> <span class='ocrx_word' id='word_1_504' title='bbox 1053 4305 1087 4367; x_wconf 92' lang='lat' dir='ltr'>et</span> <span class='ocrx_word' id='word_1_505' title='bbox 1098 4305 1326 4382; x_wconf 89' lang='lat' dir='ltr'>possessiones</span> <span class='ocrx_word' id='word_1_506' title='bbox 1341 4304 1425 4366; x_wconf 89' lang='lat' dir='ltr'>alias</span> <span class='ocrx_word' id='word_1_507' title='bbox 1439 4305 1482 4367; x_wconf 91' lang='lat' dir='ltr'>ad</span> <span class='ocrx_word' id='word_1_508' title='bbox 1496 4307 1641 4368; x_wconf 90' lang='lat' dir='ltr'>vestram</span> <span class='ocrx_word' id='word_1_509' title='bbox 1656 4306 1764 4369; x_wconf 90' lang='lat' dir='ltr'>eccle-</span> 
     </span>
     <span class='ocr_line' id='line_1_89' title="bbox 967 4401 1767 4482; baseline 0.004 -18"><span class='ocrx_word' id='word_1_510' title='bbox 967 4403 1052 4464; x_wconf 88' lang='lat' dir='ltr'>siam</span> <span class='ocrx_word' id='word_1_511' title='bbox 1070 4401 1284 4480; x_wconf 88' lang='lat' dir='ltr'>pertinentes,</span> <span class='ocrx_word' id='word_1_512' title='bbox 1307 4402 1394 4466; x_wconf 90' lang='lat' dir='ltr'>sicut</span> <span class='ocrx_word' id='word_1_513' title='bbox 1418 4417 1459 4465; x_wconf 88' lang='lat' dir='ltr'>ea</span> <span class='ocrx_word' id='word_1_514' title='bbox 1482 4403 1594 4465; x_wconf 90' lang='lat' dir='ltr'>omnia</span> <span class='ocrx_word' id='word_1_515' title='bbox 1615 4405 1705 4482; x_wconf 76' lang='lat' dir='ltr'>Juste</span> <span class='ocrx_word' id='word_1_516' title='bbox 1725 4420 1767 4467; x_wconf 90' lang='lat' dir='ltr'>ac</span> 
     </span>
     <span class='ocr_line' id='line_1_90' title="bbox 967 4499 1764 4577; baseline 0 -15"><span class='ocrx_word' id='word_1_517' title='bbox 967 4499 1105 4577; x_wconf 82' lang='lat' dir='ltr'>pacifice</span> <span class='ocrx_word' id='word_1_518' title='bbox 1127 4499 1314 4577; x_wconf 88' lang='lat' dir='ltr'>possidetis,</span> <span class='ocrx_word' id='word_1_519' title='bbox 1334 4500 1430 4562; x_wconf 90' lang='lat' dir='ltr'>vobis</span> <span class='ocrx_word' id='word_1_520' title='bbox 1451 4501 1484 4562; x_wconf 92' lang='lat' dir='ltr'>et</span> <span class='ocrx_word' id='word_1_521' title='bbox 1501 4516 1562 4577; x_wconf 93' lang='lat' dir='ltr'>per</span> <span class='ocrx_word' id='word_1_522' title='bbox 1581 4516 1640 4562; x_wconf 90' lang='lat' dir='ltr'>vos</span> <span class='ocrx_word' id='word_1_523' title='bbox 1657 4501 1764 4563; x_wconf 90' lang='lat' dir='ltr'>eidem</span> 
     </span>
     <span class='ocr_line' id='line_1_91' title="bbox 967 4596 1762 4673; baseline 0 -14"><span class='ocrx_word' id='word_1_524' title='bbox 967 4597 1118 4659; x_wconf 84' lang='lat' dir='ltr'>ecclesiae</span> <span class='ocrx_word' id='word_1_525' title='bbox 1146 4596 1343 4659; x_wconf 88' lang='lat' dir='ltr'>auctoritate</span> <span class='ocrx_word' id='word_1_526' title='bbox 1368 4597 1557 4673; x_wconf 89' lang='lat' dir='ltr'>Apostolica</span> <span class='ocrx_word' id='word_1_527' title='bbox 1582 4596 1762 4659; x_wconf 83' lang='lat' dir='ltr'>conflrma-</span> 
     </span>
     <span class='ocr_line' id='line_1_92' title="bbox 967 4693 1765 4771; baseline -0.001 -15"><span class='ocrx_word' id='word_1_528' title='bbox 967 4711 1051 4768; x_wconf 89' lang='lat' dir='ltr'>mus,</span> <span class='ocrx_word' id='word_1_529' title='bbox 1063 4696 1096 4756; x_wconf 91' lang='lat' dir='ltr'>et</span> <span class='ocrx_word' id='word_1_530' title='bbox 1108 4694 1283 4771; x_wconf 82' lang='lat' dir='ltr'>praesentis</span> <span class='ocrx_word' id='word_1_531' title='bbox 1293 4693 1409 4770; x_wconf 90' lang='lat' dir='ltr'>scripti</span> <span class='ocrx_word' id='word_1_532' title='bbox 1424 4693 1608 4770; x_wconf 91' lang='lat' dir='ltr'>patrocinio</span> <span class='ocrx_word' id='word_1_533' title='bbox 1620 4708 1765 4755; x_wconf 91' lang='lat' dir='ltr'>commu·</span> 
     </span>
     <span class='ocr_line' id='line_1_93' title="bbox 966 4788 1763 4866; baseline 0.001 -13"><span class='ocrx_word' id='word_1_534' title='bbox 966 4793 1087 4853; x_wconf 88' lang='lat' dir='ltr'>nimus.</span> <span class='ocrx_word' id='word_1_535' title='bbox 1113 4789 1297 4853; x_wconf 86' lang='lat' dir='ltr'>Libertates</span> <span class='ocrx_word' id='word_1_536' title='bbox 1325 4804 1456 4866; x_wconf 84' lang='lat' dir='ltr'>quoque</span> <span class='ocrx_word' id='word_1_537' title='bbox 1476 4789 1510 4850; x_wconf 91' lang='lat' dir='ltr'>et</span> <span class='ocrx_word' id='word_1_538' title='bbox 1536 4788 1763 4853; x_wconf 87' lang='lat' dir='ltr'>immunitates</span> 
     </span>
     <span class='ocr_line' id='line_1_94' title="bbox 967 4884 1763 4963; baseline 0.001 -13"><span class='ocrx_word' id='word_1_539' title='bbox 967 4903 1102 4951; x_wconf 79' lang='lat' dir='ltr'>necnon·</span> <span class='ocrx_word' id='word_1_540' title='bbox 1110 4888 1144 4949; x_wconf 92' lang='lat' dir='ltr'>et</span> <span class='ocrx_word' id='word_1_541' title='bbox 1157 4884 1383 4963; x_wconf 84' lang='lat' dir='ltr'>exemptiones</span> <span class='ocrx_word' id='word_1_542' title='bbox 1396 4884 1596 4947; x_wconf 89' lang='lat' dir='ltr'>secularium</span> <span class='ocrx_word' id='word_1_543' title='bbox 1613 4888 1763 4951; x_wconf 88' lang='lat' dir='ltr'>exactio-</span> 
     </span>
     <span class='ocr_line' id='line_1_95' title="bbox 967 4980 1762 5049; baseline 0 -1"><span class='ocrx_word' id='word_1_544' title='bbox 967 5001 1047 5048; x_wconf 89' lang='lat' dir='ltr'>num</span> <span class='ocrx_word' id='word_1_545' title='bbox 1067 4999 1088 5046; x_wconf 89' lang='lat' dir='ltr'>a</span> <span class='ocrx_word' id='word_1_546' title='bbox 1110 4982 1230 5045; x_wconf 88' lang='lat' dir='ltr'>dilecto</span> <span class='ocrx_word' id='word_1_547' title='bbox 1249 4980 1317 5043; x_wconf 88' lang='lat' dir='ltr'>tilio</span> <span class='ocrx_word' id='word_1_548' title='bbox 1334 4980 1438 5042; x_wconf 90' lang='lat' dir='ltr'>nobili</span> <span class='ocrx_word' id='word_1_549' title='bbox 1459 4981 1532 5044; x_wconf 91' lang='lat' dir='ltr'>viro</span> <span class='ocrx_word' id='word_1_550' title='bbox 1547 4983 1699 5046; x_wconf 82' lang='lat' dir='ltr'>lobaune</span> <span class='ocrx_word' id='word_1_551' title='bbox 1721 4985 1762 5049; x_wconf 90' lang='lat' dir='ltr'>de</span> 
     </span>
     <span class='ocr_line' id='line_1_96' title="bbox 967 5078 1762 5157; baseline 0.001 -13"><span class='ocrx_word' id='word_1_552' title='bbox 967 5085 1115 5144; x_wconf 82' lang='lat' dir='ltr'>ceccano</span> <span class='ocrx_word' id='word_1_553' title='bbox 1129 5080 1197 5143; x_wconf 87' lang='lat' dir='ltr'>tam</span> <span class='ocrx_word' id='word_1_554' title='bbox 1212 5079 1266 5156; x_wconf 91' lang='lat' dir='ltr'>pie</span> <span class='ocrx_word' id='word_1_555' title='bbox 1280 5093 1378 5156; x_wconf 88' lang='lat' dir='ltr'>quam</span> <span class='ocrx_word' id='word_1_556' title='bbox 1393 5078 1530 5157; x_wconf 89' lang='lat' dir='ltr'>provide</span> <span class='ocrx_word' id='word_1_557' title='bbox 1546 5080 1640 5143; x_wconf 89' lang='lat' dir='ltr'>vobis</span> <span class='ocrx_word' id='word_1_558' title='bbox 1656 5083 1690 5144; x_wconf 87' lang='lat' dir='ltr'>et</span> <span class='ocrx_word' id='word_1_559' title='bbox 1705 5098 1762 5145; x_wconf 88' lang='lat' dir='ltr'>ec·</span> 
     </span>
     <span class='ocr_line' id='line_1_97' title="bbox 966 5176 1760 5251; baseline -0.001 -8"><span class='ocrx_word' id='word_1_560' title='bbox 966 5178 1078 5243; x_wconf 80' lang='lat' dir='ltr'>clesiae</span> <span class='ocrx_word' id='word_1_561' title='bbox 1090 5176 1211 5241; x_wconf 74' lang='lat' dir='ltr'>vestre</span> <span class='ocrx_word' id='word_1_562' title='bbox 1224 5191 1412 5251; x_wconf 85' lang='lat' dir='ltr'>concessas,</span> <span class='ocrx_word' id='word_1_563' title='bbox 1425 5176 1512 5241; x_wconf 89' lang='lat' dir='ltr'>sicut</span> <span class='ocrx_word' id='word_1_564' title='bbox 1522 5176 1558 5239; x_wconf 91' lang='lat' dir='ltr'>in</span> <span class='ocrx_word' id='word_1_565' title='bbox 1570 5179 1760 5242; x_wconf 86' lang='lat' dir='ltr'>authentico</span> 
     </span>
    </p>
   </div>
   <div class='ocr_carea' id='block_1_23' title="bbox 965 5360 1893 5436">
    <p class='ocr_par' dir='ltr' id='par_1_26' title="bbox 965 5360 1893 5436">
     <span class='ocr_line' id='line_1_98' title="bbox 965 5360 1893 5436; baseline -0.005 -13"><span class='ocrx_word' id='word_1_566' title='bbox 965 5365 1010 5423; x_wconf 79' lang='lat' dir='ltr'>An</span> <span class='ocrx_word' id='word_1_567' title='bbox 1032 5363 1100 5421; x_wconf 88' lang='lat' dir='ltr'>liam</span> <span class='ocrx_word' id='word_1_568' title='bbox 1112 5361 1257 5436; x_wconf 74' lang='lat' dir='ltr'>promidi,</span> <span class='ocrx_word' id='word_1_569' title='bbox 1270 5374 1370 5420; x_wconf 88' lang='lat' dir='ltr'>mense</span> <span class='ocrx_word' id='word_1_570' title='bbox 1381 5360 1657 5435; x_wconf 75' lang='lat' dir='ltr'>septembriseptem</span> <span class='ocrx_word' id='word_1_571' title='bbox 1666 5361 1761 5419; x_wconf 78' lang='lat' dir='ltr'>milito</span> <span class='ocrx_word' id='word_1_572' title='bbox 1891 5368 1893 5371; x_wconf 86' lang='grc'><strong><em>·</em></strong></span> 
     </span>
    </p>
   </div>
   <div class='ocr_carea' id='block_1_24' title="bbox 965 5378 1760 5578">
    <p class='ocr_par' dir='ltr' id='par_1_27' title="bbox 965 5378 1760 5578">
     <span class='ocr_line' id='line_1_99' title="bbox 965 5378 1760 5505; baseline -0.003 -13"><span class='ocrx_word' id='word_1_573' title='bbox 965 5378 1132 5492; x_wconf 43' lang='lat' dir='ltr'>delatorum</span> <span class='ocrx_word' id='word_1_574' title='bbox 1153 5432 1246 5505; x_wconf 83' lang='lat' dir='ltr'>inquit</span> <span class='ocrx_word' id='word_1_575' title='bbox 1260 5431 1397 5490; x_wconf 78' lang='lat' dir='ltr'>nebulus</span> <span class='ocrx_word' id='word_1_576' title='bbox 1414 5431 1664 5505; x_wconf 81' lang='lat' dir='ltr'>coggesbaicusis,</span> <span class='ocrx_word' id='word_1_577' title='bbox 1681 5439 1760 5490; x_wconf 86' lang='lat' dir='ltr'>tomo</span> 
     </span>
     <span class='ocr_line' id='line_1_100' title="bbox 966 5474 1517 5578; baseline -0.013 -13"><span class='ocrx_word' id='word_1_578' title='bbox 966 5512 1063 5565; x_wconf 76' lang='grc' dir='ltr'>ιοιιιο</span> <span class='ocrx_word' id='word_1_579' title='bbox 1075 5474 1179 5573; x_wconf 80' lang='lat' dir='ltr'>xvir,</span> <span class='ocrx_word' id='word_1_580' title='bbox 1192 5517 1260 5577; x_wconf 77' lang='lat' dir='ltr'>pag.</span> <span class='ocrx_word' id='word_1_581' title='bbox 1278 5502 1339 5562; x_wconf 82' lang='lat' dir='ltr'>ios.</span> <span class='ocrx_word' id='word_1_582' title='bbox 1354 5503 1517 5578; x_wconf 67' lang='lat' dir='ltr'>(munseo.</span> 
     </span>
    </p>
   </div>
   <div class='ocr_carea' id='block_1_25' title="bbox 0 0 1968 6199">
    <p class='ocr_par' dir='ltr' id='par_1_28' title="bbox 0 0 1968 6199">
     <span class='ocr_line' id='line_1_101' title="bbox 0 0 1968 6199; baseline 0 0"><span class='ocrx_word' id='word_1_583' title='bbox 0 0 1968 6199; x_wconf 95' lang='lat' dir='ltr'> </span> 
     </span>
    </p>
   </div>
  </div>
 </body>
</html>
