3928 6200
128 360 133 373 .
184 310 245 370 367
647 313 822 375 HONORII
846 315 889 374 111
912 315 1061 376 OPERA.
1078 345 1116 358 -
1133 315 1366 378 seleuchus.
1774 319 1835 380 368

184 469 307 531 dicitur
321 486 358 533 se
378 486 452 533 esse
474 472 576 534 vitem
591 487 716 544 veram,
740 472 827 535 sicut
840 473 982 535 audistis
1034 473 1232 539 vinclarum.
1254 474 1319 536 Sed
1343 473 1421 552 qula
1442 473 1567 538 occidis
1593 474 1779 552 Prophetas
1800 476 1837 540 et

184 570 218 630 in
240 569 304 632 hoc
319 570 492 646 evangelio
511 569 618 631 :Vitis
640 584 721 631 vera
739 571 906 633 veraciter
919 571 982 633 luit
1036 572 1210 634 Dominum
1238 571 1489 650 prophetarum,
1520 572 1710 649 demergam
1737 576 1771 636 te
1797 575 1834 636 in

176 667 346 741 Christus,
364 669 440 746 quie
455 667 534 729 lecit
548 668 671 729 bonum
684 669 811 740 vinum,
826 686 893 731 non
908 686 981 731 ace·
1035 669 1212 730 internum.
1227 670 1424 745 Jerusalem,
1439 671 1600 732 honoravi
1613 673 1646 732 te
1660 672 1785 748 templo
1800 675 1835 734 et

183 768 265 838 tum,
280 767 365 827 sicut
380 766 503 841 legitur
517 766 551 827 in
567 767 758 842 Evangelio,
773 769 859 845 quod
870 768 981 829 Chris·
1034 766 1219 829 sacerdotio
1232 770 1265 829 et
1277 769 1372 842 regni
1385 768 1557 843 dignitate,
1571 768 1628 829 sed
1646 769 1725 844 quia
1741 769 1833 845 lapi-

183 863 237 923 tus
261 863 323 923 luit
335 863 495 923 invitatus
513 864 554 924 ad
571 864 704 940 nuptias
720 882 794 924 cum
817 869 921 927 matre
945 866 978 926 in
1034 865 1093 926 das
1110 866 1239 942 eosqui
1261 866 1436 927 mittuntur
1449 866 1491 926 ad
1504 870 1537 927 le
1556 882 1622 927 non
1644 866 1832 943 relinquam

183 960 296 1020 Chana
314 960 461 1021 Galileae.
478 961 625 1023 intuitio
641 962 812 1038 signorum
842 978 978 1023 suorum
1033 962 1068 1022 in
1083 963 1115 1023 te
1130 962 1273 1040 lapidem
1288 978 1388 1040 super
1399 962 1553 1039 lapidem,
1571 964 1649 1041 quia
1664 964 1694 1024 si
1707 964 1832 1025 milvus

182 1059 518 1135 aquamconvertitin
528 1060 653 1131 vinum,
664 1076 730 1122 non
739 1061 979 1138 qualecumque
1033 1059 1068 1120 in
1083 1060 1177 1132 coelo,
1191 1061 1301 1121 turtur
1308 1061 1342 1121 et
1352 1060 1495 1121 hirundo
1508 1062 1737 1137 cognoverunt
1747 1062 1834 1122 tem-

182 1155 240 1216 sed
255 1155 389 1229 bonum,
406 1157 493 1218 sicut
504 1157 584 1219 dicit
595 1157 853 1220 architriclinus
869 1180 877 1219 ε
895 1161 979 1220 Ser·
1033 1174 1095 1234 pus
1115 1157 1276 1219 adventus
1299 1159 1363 1230 sui,
1388 1159 1424 1219 tu
1445 1173 1524 1219 vero
1551 1174 1618 1218 non
1644 1159 1833 1233 cognovisti

182 1256 274 1315 vesti
288 1257 412 1315 bonrum
421 1259 553 1326 muum,
569 1270 677 1330 usque
690 1254 922 1333 adhucuoan.
938 1272 976 1327 11,
1032 1257 1161 1332 tempus
1173 1255 1377 1317 visitationis
1392 1258 1470 1317 tuae.

183 1350 236 1430 10)
251 1353 415 1428 quatenns
430 1367 517 1414 nova
532 1353 610 1414 vitis
625 1370 747 1415 novum
766 1353 881 1415 vinum
901 1354 979 1414 fun·
1072 1353 1148 1414 Non
1163 1355 1213 1414 est
1227 1356 1338 1415 autem
1353 1353 1605 1429 intelligendum
1620 1353 1708 1430 quod
1723 1354 1832 1415 Domi·

181 1449 285 1512 deret.
300 1451 366 1511 Ista
381 1452 471 1520 vitis,
492 1451 588 1523 idest,
605 1451 756 1514 Christus
770 1450 871 1513 habet
885 1449 978 1512 truc·
1033 1461 1096 1506 nus
1109 1447 1232 1510 dixerit
1250 1468 1258 1507 τ
1280 1448 1478 1520 Jerusalem,
1503 1449 1701 1518 Jerusalem·
1725 1448 1832 1509 muris

182 1548 236 1608 tus
250 1547 471 1620 dulcissimos,
486 1565 553 1611 non
568 1564 712 1618 amaros,
728 1549 785 1626 qui
798 1549 877 1611 lecit
895 1564 978 1609 uvas
1033 1547 1066 1604 et
1079 1543 1241 1615 aedificiis,
1258 1545 1315 1606 sed
1331 1546 1441 1622 potius
1454 1545 1696 1608 habitatoribus
1711 1546 1833 1608 civita-

180 1645 214 1707 et
227 1643 518 1708 nonlambruscas.
532 1647 625 1709 Unde
636 1647 717 1709 dicit
727 1664 786 1724 per
793 1646 979 1708 Ecclesias—
1032 1641 1087 1702 tls.
1103 1642 1212 1703 Judmi
1226 1644 1306 1704 timc
1320 1645 1491 1719 ejecerunt
1505 1644 1682 1714 Christum,
1697 1644 1832 1721 quando

180 1742 284 1804 ticum
306 1766 313 1804 ι
333 1747 407 1820 Epo
421 1747 521 1818 qtmst
541 1746 623 1806 ollis
634 1746 844 1819 fructificavi
859 1748 979 1806 suam-
1033 1755 1108 1800 eum
1133 1740 1336 1812 occiderunt,
1357 1742 1445 1803 sicut
1466 1741 1546 1803 dicit
1565 1742 1743 1819 Apostolus
1764 1764 1771 1801 :
1796 1744 1835 1803 Si

182 1841 289 1902 tatem
300 1846 416 1904 odoris
434 1842 535 1921 (Eecl.
552 1859 645 1914 xxiv,
665 1841 718 1921 23)
735 1843 824 1919 quia,
842 1842 929 1904 sicut
943 1842 978 1902 in
1032 1840 1280 1914 cognovissent,
1302 1854 1491 1913 numquam
1505 1843 1692 1900 Dominum
1709 1842 1835 1916 glorius

181 1954 259 2001 arca
274 1939 409 2001 fuerunt
423 1941 582 2002 animalia
602 1941 724 2001 munda
742 1947 775 2003 et
793 1940 976 2011 immunda,
1032 1937 1290 2008 crustuminum
1314 1934 1343 2015 (Ι
1366 1938 1440 1997 Cor.
1465 1952 1502 2007 n,
1526 1934 1574 2014 8).
1600 1938 1836 2012 cognoverunt

180 2036 270 2098 itaet
284 2038 423 2099 invinea
438 2037 621 2099 suntbonae
633 2039 717 2098 vites
733 2038 870 2099 etmalae
881 2038 976 2100 vites.
1034 2050 1115 2110 ergo
1128 2049 1215 2105 eum,
1225 2034 1258 2095 et
1268 2049 1334 2094 non
1345 2037 1582 2109 cognoverunt.
1597 2034 1836 2110 Cognovcrunt

181 2134 287 2194 Vinea
301 2137 351 2196 est
365 2135 526 2206 Ecclesia,
542 2134 724 2205 bonavitis
739 2135 801 2196 suit
814 2135 975 2207 Christus,

181 2233 236 2308 qui
254 2231 316 2294 luit
329 2232 540 2310 principium.
555 2235 655 2295 Bonae
667 2233 753 2295 vites
763 2235 840 2296 sunt
850 2234 933 2310 justi
945 2235 979 2296 et

181 2331 279 2392 electi
295 2332 351 2408 qui
374 2333 480 2394 secuti
495 2334 572 2393 sunt
584 2349 671 2393 eum.

220 2430 307 2491 Vitis
320 2429 403 2489 lalsa
420 2431 470 2491 est
484 2446 664 2507 synagoga.
681 2431 778 2491 Malae
798 2430 883 2491 vites
901 2430 978 2491 sunt

182 2527 301 2597 iudai,
318 2526 436 2603 iniqui,
453 2525 598 2603 reprobi,
615 2528 648 2588 et
662 2527 977 2603 peccatoressyna-

180 2639 264 2700 noga
281 2640 345 2685 non
366 2624 523 2701 produxit
540 2623 661 2685 bonum
682 2626 808 2696 vinum,
823 2624 881 2685 sed
900 2639 979 2685 aee-

179 2724 259 2783 tum.
277 2722 352 2781 Non
376 2720 465 2783 enim
479 2721 594 2782 vinum
618 2722 675 2783 sed
703 2722 800 2783 fldem
827 2721 977 2783 Christus

178 2819 321 2891 sitiebat,
339 2820 425 2881 sicut
437 2819 596 2880 habemus
612 2820 647 2879 in
660 2819 816 2897 passione
831 2819 975 2891 Domini,

180 2918 312 2995 (quando
326 2918 477 2979 Christus
491 2918 576 2979 dixit
592 2940 600 2977 ε
616 2920 713 2990 Silio,
738 2920 771 2979 et
792 2921 872 2980 tunc
893 2934 975 2995 por-

182 3017 341 3077 rexerunt
364 3016 536 3092 spongiam
565 3031 639 3077 cum
663 3016 769 3076 aceto.
801 3018 976 3092 Synagoga

180 3116 310 3175 tantum
325 3113 389 3174 hoc
403 3112 513 3184 dabat,
526 3113 611 3189 quod
625 3111 778 3173 habebat.
793 3113 877 3184 Quid
888 3113 975 3174 enim

180 3213 308 3272 acetum
325 3210 390 3269 nisi
399 3225 513 3270 eorum
527 3209 676 3272 doctrina
686 3225 812 3281 amara,
829 3213 973 3282 acetosa,

180 3323 322 3369 emonea
350 3307 382 3368 et
404 3308 600 3368 venenosa?
620 3309 706 3383 Ergo
732 3323 798 3367 non
820 3308 978 3384 produxit

178 3406 307 3477 vinnm,
319 3404 375 3465 sed
389 3407 529 3465 acetum.
542 3407 632 3466 Deus
644 3405 832 3481 expectavit
843 3406 878 3467 ut
892 3405 978 3466 sace-

180 3505 334 3573 retusae,
346 3501 976 3580 etlecitlambruscas‚secundumquod

180 3601 302 3676 legitur
323 3602 358 3661 in
372 3600 517 3663 Jeremia
543 3622 551 3661 ε
568 3601 673 3661 Vinea
688 3617 762 3662 mea
778 3600 894 3672 electa,
915 3617 976 3677 ego

176 3701 210 3761 te
224 3699 381 3776 plantavi,
397 3698 559 3776 quomodo
575 3714 736 3760 conversa
751 3715 787 3760 es
800 3699 835 3759 in
850 3700 977 3760 amari-

179 3798 328 3860 tudinem
343 3797 420 3859 vitis
429 3797 564 3858 alienae!
579 3795 709 3876 (Jer.11,
722 3795 789 3874 21.)
802 3799 841 3859 Et
851 3797 955 3858 Isaias
968 3819 975 3857 ε

182 3895 362 3972 Enpectavi
376 3896 411 3957 ut
423 3894 548 3957 laceret
560 3910 653 3967 uvas,
670 3896 703 3956 et
716 3895 794 3956 fecit
808 3894 976 3956 lambrus-

182 4010 249 4066 cas,
267 3994 345 4071 quia
364 3996 533 4070 synagoga
546 3993 737 4055 Judeeorum
751 3993 843 4069 prius
858 3993 979 4054 occidit

180 4092 371 4169 prophetas,
388 4091 502 4166 postea
524 4090 690 4150 Christum
710 4089 886 4162 crucifixit,
905 4092 979 4151 Ste-

182 4189 328 4266 phanum
356 4185 529 4263 lapidavit,
556 4185 732 4261 Apostolos
756 4188 789 4247 et
815 4188 978 4263 martyres

181 4284 302 4344 multos
318 4284 496 4354 interemit,
514 4282 601 4343 sicut
614 4283 755 4356 legimus
776 4283 812 4342 in
827 4285 979 4359 Evange-

182 4383 227 4442 llo
245 4403 252 4441 :
269 4380 497 4451 «Jerusalem,
527 4380 728 4451 Jerusalem,
757 4396 830 4456 quae
854 4381 977 4442 occidis

181 4479 376 4556 Prophetas,
393 4481 425 4540 et
451 4477 579 4554 lapidas
600 4493 669 4548 eos,
691 4477 748 4553 qui
769 4477 811 4538 ad
829 4480 863 4539 te
884 4479 977 4539 missi

182 4580 258 4640 snm
273 4576 430 4657 »tldatth
440 4590 538 4647 xmn,
547 4573 613 4653 37).
624 4574 703 4635 Pius
714 4575 872 4636 Dominus
880 4575 978 4652 plan-

180 4677 229 4751 git
242 4675 397 4737 duritiem
410 4672 560 4751 reprobae
576 4672 730 4744 civitatis,
747 4688 821 4750 quae
836 4672 919 4734 adeo
929 4674 977 4735 in·

180 4776 340 4836 duruerat
353 4775 388 4834 in
406 4773 562 4849 peccatis,
579 4773 615 4833 ut
637 4772 669 4833 et
684 4771 866 4848 Prophetas
883 4771 975 4855 occi-

181 4871 283 4942 deret,
301 4871 334 4932 et
348 4871 522 4932 Dominum
538 4869 784 4947 prophetarum,
802 4869 975 4946 etlapida-

85 5038 88 5045 .
180 4956 973 5043 reteosquimittebanturadsalutemmultorum.

181 5065 243 5125 Sed
261 5065 339 5140 quia
354 5064 483 5124 nullum
506 5064 648 5141 legimus
663 5080 684 5125 a
701 5064 825 5126 Judaeis
841 5063 974 5139 lapida-

1033 2147 1109 2193 eum
1134 2148 1208 2194 esse
1237 2132 1415 2203 Christum,
1441 2132 1498 2193 sed
1518 2148 1585 2192 non
1603 2135 1836 2208 cognoverunt

1033 2246 1109 2291 eum
1124 2246 1199 2291 esse
1220 2233 1335 2292 Deum.
1353 2231 1436 2302 Quia
1451 2229 1608 2291 videbant
1624 2245 1701 2290 eum
1716 2230 1833 2292 divina

1033 2328 1195 2389 miracula
1231 2328 1417 2397 facientem,
1450 2327 1629 2390 credebant
1659 2344 1735 2389 eum
1755 2344 1832 2390 esse

1033 2426 1211 2487 Christum.
1229 2426 1312 2497 Quia
1326 2425 1484 2487 videbant
1504 2441 1579 2486 eum
1602 2426 1750 2487 humana
1765 2443 1832 2503 pa-

1032 2523 1695 2595 tientem,lamemvidelicet,indrmltates
1705 2524 1830 2596 stelin,

1032 2638 1099 2683 non
1112 2622 1339 2698 cognoverunt
1357 2638 1433 2683 eum
1447 2637 1521 2683 esse
1536 2624 1650 2694 Deum,
1675 2621 1763 2683 sicut
1777 2622 1834 2684 le-

1032 2720 1125 2795 gitur
1141 2720 1177 2780 in
1200 2719 1284 2780 libro
1297 2719 1476 2796 Sapientiae
1492 2740 1500 2779 ε
1521 2720 1722 2781 Emcoecumt
1734 2723 1833 2781 elsim

1032 2822 1107 2879 illos
1120 2819 1256 2879 mulitia
1269 2821 1425 2892 ipsorum
1437 2816 1530 2895 (Sap.
1543 2833 1580 2888 11,
1592 2815 1657 2895 21).

1072 2916 1226 2991 Legimus
1255 2915 1341 2992 quod
1370 2915 1511 2992 quatuor
1536 2914 1613 2976 sunt
1631 2914 1833 2976 differentiae

1032 3012 1301 3088 cognoscentium
1313 3013 1345 3073 et
1355 3027 1421 3072 non
1431 3012 1701 3088 cognoscentium
1711 3013 1832 3072 Deum.

1032 3112 1237 3185 Cognoscere
1250 3111 1360 3172 autem
1374 3109 1541 3171 Creatoris
1556 3111 1606 3171 est
1624 3109 1755 3171 felicem
1772 3109 1831 3170 la-

1032 3222 1118 3267 cere.
1136 3209 1342 3282 cognoscere
1364 3208 1485 3279 autem,
1500 3208 1674 3279 creaturas,
1690 3207 1732 3267 de
1747 3223 1832 3283 per-

1032 3307 1126 3381 cepta
1139 3303 1297 3366 felicitate
1312 3305 1439 3381 gratias
1452 3320 1563 3380 agere.
1580 3305 1685 3380 lgitur
1695 3305 1834 3382 quidam

1032 3405 1312 3477 cognoscuntura
1334 3404 1413 3471 Deo,
1436 3403 1469 3464 et
1487 3405 1691 3479 cognoscunt
1712 3405 1832 3475 Deum,

1032 3499 1138 3562 sancti
1162 3499 1319 3562 videlicet
1351 3500 1479 3576 angeli,
1502 3501 1558 3578 qui
1582 3499 1623 3560 ab
1650 3516 1691 3561 eo
1713 3500 1834 3562 felices

1033 3597 1110 3659 lacti
1123 3600 1197 3675 ejus
1218 3614 1348 3674 semper
1362 3597 1516 3659 laudibus
1531 3599 1661 3665 vacant,
1682 3600 1716 3660 et
1732 3598 1835 3660 obse-

1032 3696 1119 3773 quiis
1131 3695 1333 3758 deserviunt.
1347 3696 1485 3768 Quidam
1494 3712 1573 3757 vero
1584 3698 1836 3772 cognoscuntur

1032 3796 1140 3865 abeo,
1152 3809 1214 3855 nec
1222 3795 1425 3870 cognoscunt
1435 3797 1551 3866 Deum,
1561 3810 1725 3871 pauperes
1736 3793 1836 3855 vide-

1033 3892 1110 3953 licet
1126 3893 1319 3963 necessarii,
1332 3908 1414 3970 quos
1429 3907 1491 3952 nec
1501 3893 1597 3968 copia
1609 3908 1721 3953 rerum
1735 3893 1833 3964 ditat,

1032 4005 1094 4050 nec
1109 3990 1252 4051 servitus
1273 3989 1385 4050 divina
1409 3989 1587 4052 beatificat
1604 3990 1744 4062 Quidam
1768 4005 1833 4052 co-

1032 4088 1237 4161 gnoscuntur
1269 4102 1288 4147 a
1324 4089 1402 4158 Deo,
1437 4087 1494 4148 sed
1526 4103 1593 4149 non
1627 4091 1835 4164 cognoscunt

1033 4187 1147 4255 Deum,
1174 4183 1292 4246 divites
1316 4183 1471 4245 videlicet
1498 4184 1599 4261 hujus
1619 4184 1746 4256 saeculi,
1772 4187 1833 4262 qui

1033 4281 1176 4358 acceptis
1192 4281 1323 4358 quidem
1334 4281 1451 4358 opibus
1466 4282 1617 4353 affluunt,
1633 4282 1691 4343 sed
1706 4298 1837 4343 carna-

1033 4377 1119 4437 libus
1132 4379 1239 4455 pressi
1252 4379 1427 4440 desideriis
1438 4395 1617 4456 numquam
1631 4396 1689 4441 cor
1703 4380 1745 4441 ad
1761 4396 1835 4442 coe-

1033 4475 1835 4552 lestiasuspenonnt.Quidamcognoscuntbeum

1032 4574 1065 4635 et
1081 4589 1147 4635 non
1161 4575 1406 4649 cognoscuntur
1419 4590 1439 4635 a
1456 4576 1535 4646 Deo,
1552 4590 1716 4651 pauperes
1730 4575 1833 4637 vide-

1031 4670 1109 4732 licet
1123 4671 1315 4742 voluntarii,
1330 4687 1412 4748 quos
1428 4687 1489 4731 nec
1500 4671 1683 4744 tribulatio,
1701 4689 1763 4734 nec
1774 4690 1835 4735 an-

1030 4769 1151 4844 gustia,
1175 4784 1236 4829 nec
1259 4768 1326 4829 alia
1348 4785 1489 4847 quaeque
1515 4769 1664 4845 pericula
1689 4775 1835 4846 possunt

1030 4881 1190 4942 separare
1214 4865 1412 4928 acharitate
1430 4867 1566 4939 Christi,
1588 4867 1645 4944 qui
1669 4867 1834 4931 nimirum

1031 4963 1143 5025 multis
1165 4963 1272 5025 modis
1293 4963 1476 5040 probantur
1489 4964 1651 5036 adversis,
1670 4964 1835 5043 durisque

1030 5061 1213 5136 fatigantur
1231 5060 1512 5123 tribulationibus.
1529 5064 1579 5122 Ex
1595 5078 1736 5139 quorum
1752 5080 1836 5139 per-

179 5166 248 5224 tum
258 5162 322 5222 nisi
333 5160 465 5221 beatum
475 5161 689 5237 Stephanum,
701 5162 835 5239 proprie
844 5161 976 5223 videtur
1030 5174 1112 5220 sona
1136 5160 1283 5236 loquitur
1308 5159 1484 5221 Psalmista
1509 5181 1516 5221 ε
1541 5163 1710 5222 Dominus
1736 5164 1835 5224 Deus

179 5261 220 5323 de
243 5261 317 5336 ipso
338 5274 533 5335 expressum
559 5259 622 5319 hoc
643 5259 880 5320 testimoninm.
904 5261 975 5320 Nec
1029 5271 1137 5327 meus,
1154 5260 1289 5330 respice
1303 5260 1339 5317 tn
1349 5272 1415 5328 uae,
1429 5266 1604 5330 quarcme
1615 5261 1836 5332 dereliquisti

179 5357 299 5418 mirum
315 5356 344 5418 si
359 5353 534 5433 pluraliter
544 5355 648 5417 dlxit:
664 5356 861 5427 Jerusalem,
876 5359 976 5418 Jeru-
1030 5353 1159 5432 (Ps.2l‚
1171 5353 1217 5432 2).
1232 5356 1319 5415 Num
1332 5355 1410 5431 quid
1421 5354 1583 5430 incogniti
1592 5355 1759 5429 videntur,
1771 5359 1832 5434 qui

178 5455 292 5525 salem,
309 5454 463 5531 repetitio
476 5455 526 5516 est
544 5453 792 5529 conquestionis
810 5453 863 5514 vel
883 5470 976 5515 com·
1030 5454 1126 5513 orant
1154 5454 1191 5513 ut
1216 5452 1458 5530 respicianturl
1483 5455 1719 5514 Verumtamen
1751 5454 1833 5517 licet

178 5551 382 5621 minationis,
397 5551 491 5630 quasi
507 5551 632 5613 diceret
642 5572 649 5610 :
659 5551 855 5622 Jerusalem,
872 5554 975 5628 egote
1029 5549 1218 5610 humaniter
1232 5550 1404 5626 incogniti,
1421 5548 1500 5612 licet
1514 5549 1675 5619 derelicti,
1692 5551 1758 5628 ipsi
1773 5555 1831 5615 ta-

179 5649 335 5714 constitui
348 5649 519 5710 Dominam
529 5648 689 5726 gentium,
701 5648 885 5728 principem
896 5665 975 5727 pro-
1029 5663 1103 5711 men
1118 5650 1221 5710 Deum
1243 5650 1456 5724 cognoscunt.
1478 5648 1518 5712 m
1537 5664 1580 5710 ex
1601 5664 1745 5726 persona
1766 5666 1831 5712 co-
