<?xml version="1.0" encoding="UTF-8"?>
<!DOCTYPE html PUBLIC "-//W3C//DTD XHTML 1.0 Transitional//EN"
    "http://www.w3.org/TR/xhtml1/DTD/xhtml1-transitional.dtd">
<html xmlns="http://www.w3.org/1999/xhtml" xml:lang="en" lang="en">
 <head>
  <title>
</title>
<meta http-equiv="Content-Type" content="text/html;charset=utf-8" />
  <meta name='ocr-system' content='tesseract 3.04.00' />
  <meta name='ocr-capabilities' content='ocr_page ocr_carea ocr_par ocr_line ocrx_word'/>
</head>
<body>
  <div class='ocr_page' id='page_1' title='image "./mediiaevibiblio00bottgoog_0646.png"; bbox 0 0 3980 6206; ppageno 0'>
   <div class='ocr_carea' id='block_1_1' title="bbox 131 328 1782 409">
    <p class='ocr_par' dir='ltr' id='par_1_1' title="bbox 131 328 1782 409">
     <span class='ocr_line' id='line_1_1' title="bbox 131 328 1782 409; baseline 0 -18"><span class='ocrx_word' id='word_1_1' title='bbox 131 332 190 392; x_wconf 83' lang='lat'>781</span> <span class='ocrx_word' id='word_1_2' title='bbox 765 328 994 395; x_wconf 80' lang='lat' dir='ltr'><strong>EPISTOLAE.</strong></span> <span class='ocrx_word' id='word_1_3' title='bbox 1018 330 1096 391; x_wconf 86' lang='lat' dir='ltr'><strong>LIB.</strong></span> <span class='ocrx_word' id='word_1_4' title='bbox 1121 332 1161 390; x_wconf 92' lang='grc' dir='ltr'>ΙΙ.</span> <span class='ocrx_word' id='word_1_5' title='bbox 1722 334 1782 409; x_wconf 69' lang='lat'>789,</span> 
     </span>
    </p>
   </div>
   <div class='ocr_carea' id='block_1_2' title="bbox 131 482 1785 663">
    <p class='ocr_par' dir='ltr' id='par_1_2' title="bbox 131 482 1785 663">
     <span class='ocr_line' id='line_1_2' title="bbox 131 482 1785 598; baseline 0.001 -48"><span class='ocrx_word' id='word_1_6' title='bbox 131 490 193 551; x_wconf 90' lang='lat' dir='ltr'>siae</span> <span class='ocrx_word' id='word_1_7' title='bbox 210 486 352 551; x_wconf 88' lang='lat' dir='ltr'>utilitate</span> <span class='ocrx_word' id='word_1_8' title='bbox 366 488 516 564; x_wconf 87' lang='lat' dir='ltr'>pensata,</span> <span class='ocrx_word' id='word_1_9' title='bbox 530 482 679 557; x_wconf 76' lang='lat' dir='ltr'>ridentes</span> <span class='ocrx_word' id='word_1_10' title='bbox 696 485 833 598; x_wconf 67' lang='lat' dir='ltr'>quqdad</span> <span class='ocrx_word' id='word_1_11' title='bbox 846 502 933 564; x_wconf 89' lang='lat' dir='ltr'>prae·</span> <span class='ocrx_word' id='word_1_12' title='bbox 987 486 1135 571; x_wconf 86' lang='lat' dir='ltr'>adeptus,</span> <span class='ocrx_word' id='word_1_13' title='bbox 1162 487 1252 550; x_wconf 88' lang='lat' dir='ltr'>idem</span> <span class='ocrx_word' id='word_1_14' title='bbox 1277 489 1370 549; x_wconf 87' lang='lat' dir='ltr'>nulla</span> <span class='ocrx_word' id='word_1_15' title='bbox 1397 489 1437 550; x_wconf 90' lang='lat' dir='ltr'>de</span> <span class='ocrx_word' id='word_1_16' title='bbox 1463 490 1526 551; x_wconf 90' lang='lat' dir='ltr'>hoc</span> <span class='ocrx_word' id='word_1_17' title='bbox 1549 489 1664 551; x_wconf 86' lang='lat' dir='ltr'>hahita</span> <span class='ocrx_word' id='word_1_18' title='bbox 1689 507 1785 552; x_wconf 91' lang='lat' dir='ltr'>meu-</span> 
     </span>
     <span class='ocr_line' id='line_1_3' title="bbox 132 583 1783 663; baseline 0 -15"><span class='ocrx_word' id='word_1_19' title='bbox 132 603 212 649; x_wconf 91' lang='lat' dir='ltr'>sens</span> <span class='ocrx_word' id='word_1_20' title='bbox 240 600 387 663; x_wconf 84' lang='lat' dir='ltr'>nequeas</span> <span class='ocrx_word' id='word_1_21' title='bbox 422 586 535 646; x_wconf 83' lang='lat' dir='ltr'>votum</span> <span class='ocrx_word' id='word_1_22' title='bbox 567 583 707 660; x_wconf 80' lang='lat' dir='ltr'>exsequi</span> <span class='ocrx_word' id='word_1_23' title='bbox 740 585 838 661; x_wconf 81' lang='lat' dir='ltr'>Juxta</span> <span class='ocrx_word' id='word_1_24' title='bbox 865 584 932 644; x_wconf 78' lang='lat' dir='ltr'>tuae</span> <span class='ocrx_word' id='word_1_25' title='bbox 987 585 1086 656; x_wconf 88' lang='lat' dir='ltr'>tione,</span> <span class='ocrx_word' id='word_1_26' title='bbox 1113 601 1213 661; x_wconf 89' lang='lat' dir='ltr'>super</span> <span class='ocrx_word' id='word_1_27' title='bbox 1238 585 1415 661; x_wconf 81' lang='lat' dir='ltr'>praebenda</span> <span class='ocrx_word' id='word_1_28' title='bbox 1441 587 1553 648; x_wconf 84' lang='lat' dir='ltr'>Sancti</span> <span class='ocrx_word' id='word_1_29' title='bbox 1568 587 1730 648; x_wconf 79' lang='lat' dir='ltr'>iohannis</span> <span class='ocrx_word' id='word_1_30' title='bbox 1748 589 1783 648; x_wconf 89' lang='lat' dir='ltr'>iu</span> 
     </span>
    </p>
   </div>
   <div class='ocr_carea' id='block_1_3' title="bbox 131 681 1908 760">
    <p class='ocr_par' dir='ltr' id='par_1_3' title="bbox 131 681 1908 760">
     <span class='ocr_line' id='line_1_4' title="bbox 131 681 1908 760; baseline 0 -14"><span class='ocrx_word' id='word_1_31' title='bbox 131 683 340 760; x_wconf 78' lang='lat' dir='ltr'>exigentiam</span> <span class='ocrx_word' id='word_1_32' title='bbox 361 681 543 758; x_wconf 87' lang='lat' dir='ltr'>diguitatis,</span> <span class='ocrx_word' id='word_1_33' title='bbox 569 682 600 743; x_wconf 86' lang='lat' dir='ltr'>et</span> <span class='ocrx_word' id='word_1_34' title='bbox 625 683 655 742; x_wconf 91' lang='lat' dir='ltr'>si</span> <span class='ocrx_word' id='word_1_35' title='bbox 679 696 776 742; x_wconf 88' lang='lat' dir='ltr'>secus</span> <span class='ocrx_word' id='word_1_36' title='bbox 803 696 930 757; x_wconf 87' lang='lat' dir='ltr'>ageres,</span> <span class='ocrx_word' id='word_1_37' title='bbox 987 681 1091 757; x_wconf 88' lang='lat' dir='ltr'>burgo</span> <span class='ocrx_word' id='word_1_38' title='bbox 1106 683 1318 743; x_wconf 89' lang='lat' dir='ltr'>Laudunensi</span> <span class='ocrx_word' id='word_1_39' title='bbox 1332 683 1372 743; x_wconf 87' lang='lat' dir='ltr'>ad</span> <span class='ocrx_word' id='word_1_40' title='bbox 1387 683 1497 759; x_wconf 89' lang='lat' dir='ltr'>ipsum</span> <span class='ocrx_word' id='word_1_41' title='bbox 1509 686 1640 745; x_wconf 89' lang='lat' dir='ltr'>nostras</span> <span class='ocrx_word' id='word_1_42' title='bbox 1655 685 1783 746; x_wconf 76' lang='lat' dir='ltr'>litteras</span> <span class='ocrx_word' id='word_1_43' title='bbox 1904 726 1908 735; x_wconf 83' lang='lat'><em>-</em></span> 
     </span>
    </p>
   </div>
   <div class='ocr_carea' id='block_1_4' title="bbox 131 777 1819 1635">
    <p class='ocr_par' dir='ltr' id='par_1_4' title="bbox 131 777 1819 1635">
     <span class='ocr_line' id='line_1_5' title="bbox 131 777 1784 857; baseline 0.001 -15"><span class='ocrx_word' id='word_1_44' title='bbox 131 782 276 842; x_wconf 83' lang='lat' dir='ltr'>forsitan</span> <span class='ocrx_word' id='word_1_45' title='bbox 293 780 426 856; x_wconf 86' lang='lat' dir='ltr'>portare</span> <span class='ocrx_word' id='word_1_46' title='bbox 443 794 575 841; x_wconf 88' lang='lat' dir='ltr'>crucem</span> <span class='ocrx_word' id='word_1_47' title='bbox 591 778 625 839; x_wconf 92' lang='lat' dir='ltr'>in</span> <span class='ocrx_word' id='word_1_48' title='bbox 645 778 784 854; x_wconf 88' lang='lat' dir='ltr'>angaria</span> <span class='ocrx_word' id='word_1_49' title='bbox 800 777 934 839; x_wconf 84' lang='lat' dir='ltr'>videre·</span> <span class='ocrx_word' id='word_1_50' title='bbox 988 778 1186 854; x_wconf 87' lang='lat' dir='ltr'>impetravit.</span> <span class='ocrx_word' id='word_1_51' title='bbox 1222 782 1427 856; x_wconf 81' lang='lat' dir='ltr'>Quapropter</span> <span class='ocrx_word' id='word_1_52' title='bbox 1460 779 1547 841; x_wconf 90' lang='lat' dir='ltr'>idem</span> <span class='ocrx_word' id='word_1_53' title='bbox 1576 781 1633 856; x_wconf 91' lang='lat' dir='ltr'>qui</span> <span class='ocrx_word' id='word_1_54' title='bbox 1664 784 1784 857; x_wconf 86' lang='lat' dir='ltr'>praeter</span> 
     </span>
     <span class='ocr_line' id='line_1_6' title="bbox 131 858 1784 953; baseline 0 -14"><span class='ocrx_word' id='word_1_55' title='bbox 131 879 195 951; x_wconf 89' lang='lat' dir='ltr'>ris,</span> <span class='ocrx_word' id='word_1_56' title='bbox 210 878 404 939; x_wconf 87' lang='lat' dir='ltr'>dilationem</span> <span class='ocrx_word' id='word_1_57' title='bbox 415 876 484 938; x_wconf 82' lang='lat' dir='ltr'>voti</span> <span class='ocrx_word' id='word_1_58' title='bbox 496 891 600 953; x_wconf 89' lang='lat' dir='ltr'>usque</span> <span class='ocrx_word' id='word_1_59' title='bbox 611 875 653 937; x_wconf 92' lang='lat' dir='ltr'>ad</span> <span class='ocrx_word' id='word_1_60' title='bbox 664 876 747 936; x_wconf 90' lang='lat' dir='ltr'>duos</span> <span class='ocrx_word' id='word_1_61' title='bbox 757 891 862 936; x_wconf 90' lang='lat' dir='ltr'>annos</span> <span class='ocrx_word' id='word_1_62' title='bbox 873 875 932 936; x_wconf 88' lang='lat' dir='ltr'>tihi</span> <span class='ocrx_word' id='word_1_63' title='bbox 987 876 1181 952; x_wconf 86' lang='lat' dir='ltr'>praehendas</span> <span class='ocrx_word' id='word_1_64' title='bbox 1194 858 1278 936; x_wconf 86' lang='lat' dir='ltr'>nihil</span> <span class='ocrx_word' id='word_1_65' title='bbox 1292 877 1434 937; x_wconf 88' lang='lat' dir='ltr'>hahetiu</span> <span class='ocrx_word' id='word_1_66' title='bbox 1445 893 1506 937; x_wconf 88' lang='lat' dir='ltr'>sua</span> <span class='ocrx_word' id='word_1_67' title='bbox 1517 877 1692 939; x_wconf 83' lang='lat' dir='ltr'>donatione</span> <span class='ocrx_word' id='word_1_68' title='bbox 1703 895 1784 940; x_wconf 94' lang='lat' dir='ltr'>con-</span> 
     </span>
     <span class='ocr_line' id='line_1_7' title="bbox 131 971 1785 1051; baseline 0 -15"><span class='ocrx_word' id='word_1_69' title='bbox 131 976 292 1036; x_wconf 80' lang='lat' dir='ltr'>duximus</span> <span class='ocrx_word' id='word_1_70' title='bbox 311 973 558 1049; x_wconf 88' lang='lat' dir='ltr'>indulgendam,</span> <span class='ocrx_word' id='word_1_71' title='bbox 581 972 774 1035; x_wconf 85' lang='lat' dir='ltr'>discretioni</span> <span class='ocrx_word' id='word_1_72' title='bbox 793 975 860 1033; x_wconf 90' lang='lat' dir='ltr'>tuae</span> <span class='ocrx_word' id='word_1_73' title='bbox 875 988 933 1049; x_wconf 91' lang='lat' dir='ltr'>per</span> <span class='ocrx_word' id='word_1_74' title='bbox 988 971 1133 1041; x_wconf 67' lang='lat' dir='ltr'>terreae</span> <span class='ocrx_word' id='word_1_75' title='bbox 1148 990 1248 1051; x_wconf 87' lang='lat' dir='ltr'>super</span> <span class='ocrx_word' id='word_1_76' title='bbox 1260 974 1450 1050; x_wconf 83' lang='lat' dir='ltr'>provisione</span> <span class='ocrx_word' id='word_1_77' title='bbox 1463 974 1708 1051; x_wconf 85' lang='lat' dir='ltr'>quamplurium</span> <span class='ocrx_word' id='word_1_78' title='bbox 1721 976 1785 1036; x_wconf 89' lang='lat' dir='ltr'>cle·</span> 
     </span>
     <span class='ocr_line' id='line_1_8' title="bbox 131 1070 1785 1148; baseline 0 -15"><span class='ocrx_word' id='word_1_79' title='bbox 131 1070 932 1148; x_wconf 75' lang='lat' dir='ltr'>apostolicescriptamandantes,quatenuscirca</span> <span class='ocrx_word' id='word_1_80' title='bbox 988 1070 1133 1133; x_wconf 76' lang='lat' dir='ltr'>meorum</span> <span class='ocrx_word' id='word_1_81' title='bbox 1146 1073 1203 1147; x_wconf 93' lang='lat' dir='ltr'>qui</span> <span class='ocrx_word' id='word_1_82' title='bbox 1216 1087 1235 1132; x_wconf 91' lang='lat' dir='ltr'>a</span> <span class='ocrx_word' id='word_1_83' title='bbox 1247 1070 1317 1131; x_wconf 89' lang='lat' dir='ltr'>suis</span> <span class='ocrx_word' id='word_1_84' title='bbox 1328 1071 1627 1147; x_wconf 81' lang='lat' dir='ltr'>praedecessoribus</span> <span class='ocrx_word' id='word_1_85' title='bbox 1639 1072 1785 1134; x_wconf 84' lang='lat' dir='ltr'>ordinati</span> 
     </span>
     <span class='ocr_line' id='line_1_9' title="bbox 133 1160 1784 1249; baseline 0.001 -20"><span class='ocrx_word' id='word_1_86' title='bbox 133 1160 315 1249; x_wconf 88' lang='lat' dir='ltr'>praedictas</span> <span class='ocrx_word' id='word_1_87' title='bbox 328 1168 487 1231; x_wconf 87' lang='lat' dir='ltr'>ecclesias</span> <span class='ocrx_word' id='word_1_88' title='bbox 502 1168 661 1229; x_wconf 86' lang='lat' dir='ltr'>adhibeas</span> <span class='ocrx_word' id='word_1_89' title='bbox 677 1166 932 1229; x_wconf 89' lang='lat' dir='ltr'>sollicitudinem</span> <span class='ocrx_word' id='word_1_90' title='bbox 988 1166 1140 1238; x_wconf 83' lang='lat' dir='ltr'>fuerunt,</span> <span class='ocrx_word' id='word_1_91' title='bbox 1166 1185 1232 1229; x_wconf 91' lang='lat' dir='ltr'>non</span> <span class='ocrx_word' id='word_1_92' title='bbox 1260 1168 1426 1229; x_wconf 87' lang='lat' dir='ltr'>modicum</span> <span class='ocrx_word' id='word_1_93' title='bbox 1462 1170 1664 1244; x_wconf 88' lang='lat' dir='ltr'>aggravatur</span> <span class='ocrx_word' id='word_1_94' title='bbox 1689 1170 1784 1231; x_wconf 89' lang='lat' dir='ltr'>nobis</span> 
     </span>
     <span class='ocr_line' id='line_1_10' title="bbox 133 1264 1785 1345; baseline 0.002 -19"><span class='ocrx_word' id='word_1_95' title='bbox 133 1266 330 1342; x_wconf 83' lang='lat' dir='ltr'>diligentem</span> <span class='ocrx_word' id='word_1_96' title='bbox 345 1267 448 1334; x_wconf 88' lang='lat' dir='ltr'>tuam,</span> <span class='ocrx_word' id='word_1_97' title='bbox 465 1264 584 1326; x_wconf 89' lang='lat' dir='ltr'>deinde</span> <span class='ocrx_word' id='word_1_98' title='bbox 598 1281 806 1343; x_wconf 89' lang='lat' dir='ltr'>nequaquam</span> <span class='ocrx_word' id='word_1_99' title='bbox 822 1264 934 1326; x_wconf 86' lang='lat' dir='ltr'>dimit·</span> <span class='ocrx_word' id='word_1_100' title='bbox 988 1264 1158 1327; x_wconf 88' lang='lat' dir='ltr'>humiliter</span> <span class='ocrx_word' id='word_1_101' title='bbox 1179 1265 1388 1342; x_wconf 85' lang='lat' dir='ltr'>supphcavlt,</span> <span class='ocrx_word' id='word_1_102' title='bbox 1402 1269 1437 1328; x_wconf 92' lang='lat' dir='ltr'>ut</span> <span class='ocrx_word' id='word_1_103' title='bbox 1456 1267 1487 1327; x_wconf 91' lang='lat' dir='ltr'>ei</span> <span class='ocrx_word' id='word_1_104' title='bbox 1503 1283 1602 1345; x_wconf 90' lang='lat' dir='ltr'>super</span> <span class='ocrx_word' id='word_1_105' title='bbox 1621 1268 1684 1328; x_wconf 92' lang='lat' dir='ltr'>hoc</span> <span class='ocrx_word' id='word_1_106' title='bbox 1705 1283 1785 1345; x_wconf 89' lang='lat' dir='ltr'>pro-</span> 
     </span>
     <span class='ocr_line' id='line_1_11' title="bbox 131 1346 1780 1440; baseline 0 -17"><span class='ocrx_word' id='word_1_107' title='bbox 131 1362 188 1423; x_wconf 89' lang='lat' dir='ltr'>tas</span> <span class='ocrx_word' id='word_1_108' title='bbox 211 1364 283 1424; x_wconf 90' lang='lat' dir='ltr'>sine</span> <span class='ocrx_word' id='word_1_109' title='bbox 306 1363 401 1424; x_wconf 87' lang='lat' dir='ltr'>Sedis</span> <span class='ocrx_word' id='word_1_110' title='bbox 426 1346 784 1439; x_wconf 78' lang='lat' dir='ltr'>Apostolicaelicentia.</span> <span class='ocrx_word' id='word_1_111' title='bbox 814 1362 933 1423; x_wconf 88' lang='lat' dir='ltr'>Datum</span> <span class='ocrx_word' id='word_1_112' title='bbox 987 1362 1100 1425; x_wconf 80' lang='lat' dir='ltr'>videre</span> <span class='ocrx_word' id='word_1_113' title='bbox 1130 1363 1268 1439; x_wconf 90' lang='lat' dir='ltr'>paterna</span> <span class='ocrx_word' id='word_1_114' title='bbox 1301 1364 1525 1424; x_wconf 90' lang='lat' dir='ltr'>sollicitudine</span> <span class='ocrx_word' id='word_1_115' title='bbox 1558 1364 1780 1440; x_wconf 86' lang='lat' dir='ltr'>dignaremur.</span> 
     </span>
     <span class='ocr_line' id='line_1_12' title="bbox 135 1457 1819 1539; baseline 0.001 -18"><span class='ocrx_word' id='word_1_116' title='bbox 135 1462 266 1532; x_wconf 87' lang='lat' dir='ltr'>Romae,</span> <span class='ocrx_word' id='word_1_117' title='bbox 277 1460 364 1538; x_wconf 88' lang='lat' dir='ltr'>apud</span> <span class='ocrx_word' id='word_1_118' title='bbox 374 1462 532 1521; x_wconf 87' lang='lat' dir='ltr'>Sanctum</span> <span class='ocrx_word' id='word_1_119' title='bbox 541 1461 686 1530; x_wconf 85' lang='lat' dir='ltr'>Petrum,</span> <span class='ocrx_word' id='word_1_120' title='bbox 699 1461 743 1520; x_wconf 90' lang='lat' dir='ltr'>Vl</span> <span class='ocrx_word' id='word_1_121' title='bbox 757 1457 931 1535; x_wconf 85' lang='lat' dir='ltr'>hal.junii‚</span> <span class='ocrx_word' id='word_1_122' title='bbox 988 1460 1071 1532; x_wconf 85' lang='lat' dir='ltr'>Quia</span> <span class='ocrx_word' id='word_1_123' title='bbox 1083 1475 1162 1521; x_wconf 83' lang='lat' dir='ltr'>vero</span> <span class='ocrx_word' id='word_1_124' title='bbox 1175 1459 1296 1522; x_wconf 75' lang='lat' dir='ltr'>litterae</span> <span class='ocrx_word' id='word_1_125' title='bbox 1308 1477 1367 1539; x_wconf 90' lang='grc' dir='ltr'><strong>ρει</strong></span> <span class='ocrx_word' id='word_1_126' title='bbox 1378 1462 1648 1538; x_wconf 87' lang='lat' dir='ltr'>suppressionem</span> <span class='ocrx_word' id='word_1_127' title='bbox 1659 1463 1784 1523; x_wconf 86' lang='lat' dir='ltr'>verita·</span> <span class='ocrx_word' id='word_1_128' title='bbox 1816 1528 1819 1537; x_wconf 51' lang='grc'>,</span> 
     </span>
     <span class='ocr_line' id='line_1_13' title="bbox 132 1555 751 1635; baseline -0.003 -16"><span class='ocrx_word' id='word_1_129' title='bbox 132 1557 351 1635; x_wconf 85' lang='lat' dir='ltr'>pontificatus</span> <span class='ocrx_word' id='word_1_130' title='bbox 366 1557 472 1621; x_wconf 89' lang='lat' dir='ltr'>nostri</span> <span class='ocrx_word' id='word_1_131' title='bbox 491 1573 579 1618; x_wconf 90' lang='lat' dir='ltr'>anno</span> <span class='ocrx_word' id='word_1_132' title='bbox 595 1555 751 1618; x_wconf 86' lang='lat' dir='ltr'>secunda.</span> 
     </span>
    </p>
   </div>
   <div class='ocr_carea' id='block_1_5' title="bbox 134 1875 932 1951">
    <p class='ocr_par' dir='ltr' id='par_1_5' title="bbox 134 1875 932 1951">
     <span class='ocr_line' id='line_1_14' title="bbox 134 1875 932 1951; baseline -0.005 -13"><span class='ocrx_word' id='word_1_133' title='bbox 134 1879 191 1938; x_wconf 83' lang='lat' dir='ltr'>Ad</span> <span class='ocrx_word' id='word_1_134' title='bbox 203 1875 392 1951; x_wconf 78' lang='lat' dir='ltr'>capitatam</span> <span class='ocrx_word' id='word_1_135' title='bbox 402 1876 521 1937; x_wconf 75' lang='lat' dir='ltr'>Sancti</span> <span class='ocrx_word' id='word_1_136' title='bbox 529 1878 678 1937; x_wconf 78' lang='lat' dir='ltr'>Andreae</span> <span class='ocrx_word' id='word_1_137' title='bbox 686 1877 932 1950; x_wconf 66' lang='lat' dir='ltr'>meterrensis.</span> 
     </span>
    </p>
   </div>
   <div class='ocr_carea' id='block_1_6' title="bbox 436 1557 1784 2117">
    <p class='ocr_par' dir='ltr' id='par_1_6' title="bbox 436 1557 1784 2054">
     <span class='ocr_line' id='line_1_15' title="bbox 988 1557 1780 1634; baseline -0.001 -16"><span class='ocrx_word' id='word_1_138' title='bbox 988 1557 1031 1618; x_wconf 89' lang='lat' dir='ltr'>tis</span> <span class='ocrx_word' id='word_1_139' title='bbox 1047 1557 1187 1620; x_wconf 89' lang='lat' dir='ltr'>obtentae</span> <span class='ocrx_word' id='word_1_140' title='bbox 1204 1557 1333 1618; x_wconf 86' lang='lat' dir='ltr'>nrrllum</span> <span class='ocrx_word' id='word_1_141' title='bbox 1348 1557 1468 1620; x_wconf 89' lang='lat' dir='ltr'>dehent</span> <span class='ocrx_word' id='word_1_142' title='bbox 1482 1558 1606 1619; x_wconf 89' lang='lat' dir='ltr'>hahere</span> <span class='ocrx_word' id='word_1_143' title='bbox 1620 1559 1780 1634; x_wconf 86' lang='lat' dir='ltr'>vigorem,</span> 
     </span>
     <span class='ocr_line' id='line_1_16' title="bbox 989 1654 1782 1733; baseline 0.004 -19"><span class='ocrx_word' id='word_1_144' title='bbox 989 1654 1182 1716; x_wconf 87' lang='lat' dir='ltr'>discretioni</span> <span class='ocrx_word' id='word_1_145' title='bbox 1209 1656 1330 1717; x_wconf 83' lang='lat' dir='ltr'>vestrae</span> <span class='ocrx_word' id='word_1_146' title='bbox 1361 1671 1420 1732; x_wconf 93' lang='lat' dir='ltr'>per</span> <span class='ocrx_word' id='word_1_147' title='bbox 1445 1656 1635 1733; x_wconf 71' lang='lat' dir='ltr'>apostolica</span> <span class='ocrx_word' id='word_1_148' title='bbox 1658 1656 1782 1733; x_wconf 86' lang='lat' dir='ltr'>scripta</span> 
     </span>
     <span class='ocr_line' id='line_1_17' title="bbox 988 1751 1782 1830; baseline -0.003 -15"><span class='ocrx_word' id='word_1_149' title='bbox 988 1751 1194 1824; x_wconf 79' lang='lat' dir='ltr'>mandamus,</span> <span class='ocrx_word' id='word_1_150' title='bbox 1210 1754 1383 1829; x_wconf 88' lang='lat' dir='ltr'>quatenus,</span> <span class='ocrx_word' id='word_1_151' title='bbox 1401 1753 1431 1813; x_wconf 94' lang='lat' dir='ltr'>si</span> <span class='ocrx_word' id='word_1_152' title='bbox 1445 1754 1496 1813; x_wconf 89' lang='lat' dir='ltr'>est</span> <span class='ocrx_word' id='word_1_153' title='bbox 1514 1753 1571 1824; x_wconf 86' lang='lat' dir='ltr'>ita,</span> <span class='ocrx_word' id='word_1_154' title='bbox 1591 1753 1782 1830; x_wconf 87' lang='lat' dir='ltr'>episcopum</span> 
     </span>
     <span class='ocr_line' id='line_1_18' title="bbox 988 1849 1784 1927; baseline 0.003 -19"><span class='ocrx_word' id='word_1_155' title='bbox 988 1849 1097 1926; x_wconf 91' lang='lat' dir='ltr'>ipsum</span> <span class='ocrx_word' id='word_1_156' title='bbox 1120 1850 1317 1911; x_wconf 87' lang='lat' dir='ltr'>auctoritate</span> <span class='ocrx_word' id='word_1_157' title='bbox 1338 1852 1452 1912; x_wconf 88' lang='lat' dir='ltr'>nostra</span> <span class='ocrx_word' id='word_1_158' title='bbox 1468 1850 1668 1912; x_wconf 87' lang='lat' dir='ltr'>denuntietis</span> <span class='ocrx_word' id='word_1_159' title='bbox 1683 1867 1784 1927; x_wconf 78' lang='lat' dir='ltr'>super</span> 
     </span>
     <span class='ocr_line' id='line_1_19' title="bbox 436 1945 1784 2054; baseline -0.001 -46"><span class='ocrx_word' id='word_1_160' title='bbox 436 1996 550 2054; x_wconf 57' lang='lat' dir='ltr'><strong>„man</strong></span> <span class='ocrx_word' id='word_1_161' title='bbox 566 1997 635 2053; x_wconf 60' lang='lat' dir='ltr'>mg</span> <span class='ocrx_word' id='word_1_162' title='bbox 989 1947 1052 2008; x_wconf 89' lang='lat' dir='ltr'>hoc</span> <span class='ocrx_word' id='word_1_163' title='bbox 1068 1945 1110 2007; x_wconf 88' lang='lat' dir='ltr'>ah</span> <span class='ocrx_word' id='word_1_164' title='bbox 1122 1946 1328 2023; x_wconf 89' lang='lat' dir='ltr'>impetitione</span> <span class='ocrx_word' id='word_1_165' title='bbox 1347 1947 1498 2025; x_wconf 86' lang='lat' dir='ltr'>praedicti</span> <span class='ocrx_word' id='word_1_166' title='bbox 1515 1948 1629 2009; x_wconf 90' lang='lat' dir='ltr'>clerici</span> <span class='ocrx_word' id='word_1_167' title='bbox 1649 1948 1784 2008; x_wconf 90' lang='lat' dir='ltr'>ahsolu-</span> 
     </span>
    </p>

    <p class='ocr_par' dir='ltr' id='par_1_7' title="bbox 637 2038 1784 2117">
     <span class='ocr_line' id='line_1_20' title="bbox 637 2038 1784 2117; baseline -0.001 -12"><span class='ocrx_word' id='word_1_168' title='bbox 637 2038 644 2051; x_wconf 87' lang='lat'>&#39;</span> <span class='ocrx_word' id='word_1_169' title='bbox 988 2044 1067 2105; x_wconf 91' lang='lat' dir='ltr'>tum.</span> <span class='ocrx_word' id='word_1_170' title='bbox 1093 2043 1240 2116; x_wconf 85' lang='lat' dir='ltr'>Quodsi</span> <span class='ocrx_word' id='word_1_171' title='bbox 1267 2061 1333 2106; x_wconf 90' lang='lat' dir='ltr'>non</span> <span class='ocrx_word' id='word_1_172' title='bbox 1360 2060 1490 2116; x_wconf 90' lang='lat' dir='ltr'>omues,</span> <span class='ocrx_word' id='word_1_173' title='bbox 1535 2045 1591 2117; x_wconf 91' lang='lat' dir='ltr'>to.,</span> <span class='ocrx_word' id='word_1_174' title='bbox 1620 2045 1684 2106; x_wconf 92' lang='lat' dir='ltr'>duo</span> <span class='ocrx_word' id='word_1_175' title='bbox 1706 2060 1784 2105; x_wconf 80' lang='lat' dir='ltr'>res-</span> 
     </span>
    </p>
   </div>
   <div class='ocr_carea' id='block_1_7' title="bbox 179 2101 1785 2316">
    <p class='ocr_par' dir='ltr' id='par_1_8' title="bbox 179 2101 1785 2316">
     <span class='ocr_line' id='line_1_21' title="bbox 298 2101 1785 2219; baseline -0.005 -11"><span class='ocrx_word' id='word_1_176' title='bbox 298 2101 770 2214; x_wconf 59' lang='lat' dir='ltr'>mung‚uegaar0mmnuarum.]</span> <span class='ocrx_word' id='word_1_177' title='bbox 832 2200 839 2213; x_wconf 85' lang='grc'>,</span> <span class='ocrx_word' id='word_1_178' title='bbox 988 2142 1087 2213; x_wconf 89' lang='lat' dir='ltr'>trum,</span> <span class='ocrx_word' id='word_1_179' title='bbox 1111 2141 1173 2202; x_wconf 86' lang='lat' dir='ltr'>etc.</span> <span class='ocrx_word' id='word_1_180' title='bbox 1203 2144 1322 2202; x_wconf 88' lang='lat' dir='ltr'>Datum</span> <span class='ocrx_word' id='word_1_181' title='bbox 1347 2144 1459 2203; x_wconf 85' lang='lat' dir='ltr'>Romae</span> <span class='ocrx_word' id='word_1_182' title='bbox 1481 2143 1568 2219; x_wconf 92' lang='lat' dir='ltr'>apud</span> <span class='ocrx_word' id='word_1_183' title='bbox 1594 2145 1627 2204; x_wconf 85' lang='lat' dir='ltr'>S.</span> <span class='ocrx_word' id='word_1_184' title='bbox 1648 2144 1785 2203; x_wconf 89' lang='lat' dir='ltr'>Petrum</span> 
     </span>
     <span class='ocr_line' id='line_1_22' title="bbox 179 2200 1578 2316; baseline -0.006 -54"><span class='ocrx_word' id='word_1_185' title='bbox 179 2204 349 2262; x_wconf 81' lang='lat' dir='ltr'>Honorius</span> <span class='ocrx_word' id='word_1_186' title='bbox 375 2216 460 2277; x_wconf 89' lang='lat' dir='ltr'>papa</span> <span class='ocrx_word' id='word_1_187' title='bbox 484 2203 531 2261; x_wconf 91' lang='lat' dir='ltr'>Ill</span> <span class='ocrx_word' id='word_1_188' title='bbox 556 2200 702 2291; x_wconf 82' lang='lat' dir='ltr'>capitulo</span> <span class='ocrx_word' id='word_1_189' title='bbox 729 2201 842 2261; x_wconf 81' lang='lat' dir='ltr'>Sancti</span> <span class='ocrx_word' id='word_1_190' title='bbox 860 2202 933 2261; x_wconf 75' lang='lat' dir='ltr'>An·</span> <span class='ocrx_word' id='word_1_191' title='bbox 989 2240 1017 2299; x_wconf 59' lang='grc' dir='ltr'>γ</span> <span class='ocrx_word' id='word_1_192' title='bbox 1030 2237 1190 2298; x_wconf 61' lang='lat' dir='ltr'>kalendas</span> <span class='ocrx_word' id='word_1_193' title='bbox 1201 2239 1300 2316; x_wconf 48' lang='lat' dir='ltr'><strong>jumi,</strong></span> <span class='ocrx_word' id='word_1_194' title='bbox 1318 2254 1407 2299; x_wconf 63' lang='lat' dir='ltr'>anno</span> <span class='ocrx_word' id='word_1_195' title='bbox 1422 2239 1578 2300; x_wconf 41' lang='lat' dir='ltr'><strong>secundo·</strong></span> 
     </span>
    </p>
   </div>
   <div class='ocr_carea' id='block_1_8' title="bbox 133 2297 934 2374">
    <p class='ocr_par' dir='ltr' id='par_1_9' title="bbox 133 2297 934 2374">
     <span class='ocr_line' id='line_1_23' title="bbox 133 2297 934 2374; baseline -0.004 -15"><span class='ocrx_word' id='word_1_196' title='bbox 133 2298 227 2359; x_wconf 84' lang='lat' dir='ltr'>dreae</span> <span class='ocrx_word' id='word_1_197' title='bbox 253 2297 478 2373; x_wconf 84' lang='lat' dir='ltr'>Frisingeusis</span> <span class='ocrx_word' id='word_1_198' title='bbox 501 2308 611 2369; x_wconf 85' lang='lat' dir='ltr'>areas,</span> <span class='ocrx_word' id='word_1_199' title='bbox 634 2298 731 2374; x_wconf 74' lang='lat' dir='ltr'>Juxta</span> <span class='ocrx_word' id='word_1_200' title='bbox 757 2297 934 2358; x_wconf 88' lang='lat' dir='ltr'>ecclesiam</span> 
     </span>
    </p>
   </div>
   <div class='ocr_carea' id='block_1_9' title="bbox 135 2393 1778 2715">
    <p class='ocr_par' dir='ltr' id='par_1_10' title="bbox 135 2393 1778 2715">
     <span class='ocr_line' id='line_1_24' title="bbox 135 2393 933 2470; baseline -0.004 -14"><span class='ocrx_word' id='word_1_201' title='bbox 135 2411 235 2456; x_wconf 91' lang='lat' dir='ltr'>suam</span> <span class='ocrx_word' id='word_1_202' title='bbox 251 2394 344 2466; x_wconf 88' lang='lat' dir='ltr'>sitas,</span> <span class='ocrx_word' id='word_1_203' title='bbox 371 2394 555 2456; x_wconf 80' lang='lat' dir='ltr'>confirmat.</span> <span class='ocrx_word' id='word_1_204' title='bbox 571 2396 690 2456; x_wconf 87' lang='lat' dir='ltr'>Datum</span> <span class='ocrx_word' id='word_1_205' title='bbox 709 2396 822 2455; x_wconf 87' lang='lat' dir='ltr'>Rornae</span> <span class='ocrx_word' id='word_1_206' title='bbox 846 2393 933 2470; x_wconf 90' lang='lat' dir='ltr'>apud</span> 
     </span>
     <span class='ocr_line' id='line_1_25' title="bbox 989 2558 1778 2631; baseline -0.001 -14"><span class='ocrx_word' id='word_1_207' title='bbox 989 2558 1040 2617; x_wconf 84' lang='lat' dir='ltr'>Ad</span> <span class='ocrx_word' id='word_1_208' title='bbox 1051 2558 1575 2631; x_wconf 70' lang='lat' dir='ltr'>aroaaptseopamnaauensaa</span> <span class='ocrx_word' id='word_1_209' title='bbox 1583 2559 1778 2630; x_wconf 81' lang='lat' dir='ltr'>episcopum</span> 
     </span>
     <span class='ocr_line' id='line_1_26' title="bbox 1017 2654 1748 2715; baseline -0.001 -2"><span class='ocrx_word' id='word_1_210' title='bbox 1017 2655 1275 2715; x_wconf 80' lang='lat' dir='ltr'>Rushttdensem</span> <span class='ocrx_word' id='word_1_211' title='bbox 1285 2654 1481 2715; x_wconf 81' lang='lat' dir='ltr'>etabbateru</span> <span class='ocrx_word' id='word_1_212' title='bbox 1495 2656 1537 2714; x_wconf 81' lang='lat' dir='ltr'>uc</span> <span class='ocrx_word' id='word_1_213' title='bbox 1548 2656 1748 2715; x_wconf 81' lang='lat' dir='ltr'>Hartroada</span> 
     </span>
    </p>
   </div>
   <div class='ocr_carea' id='block_1_10' title="bbox 1109 2774 1668 2953">
    <p class='ocr_par' dir='ltr' id='par_1_11' title="bbox 1109 2774 1668 2953">
     <span class='ocr_line' id='line_1_27' title="bbox 1282 2774 1489 2832; baseline -0.005 0"><span class='ocrx_word' id='word_1_214' title='bbox 1282 2774 1489 2832; x_wconf 53' lang='lat' dir='ltr'>mmmm.</span> 
     </span>
     <span class='ocr_line' id='line_1_28' title="bbox 1109 2888 1668 2953; baseline 0 -15"><span class='ocrx_word' id='word_1_215' title='bbox 1109 2888 1260 2953; x_wconf 77' lang='lat' dir='ltr'>[Bullatium</span> <span class='ocrx_word' id='word_1_216' title='bbox 1270 2889 1356 2948; x_wconf 69' lang='lat' dir='ltr'>Rom„</span> <span class='ocrx_word' id='word_1_217' title='bbox 1367 2888 1426 2938; x_wconf 79' lang='lat' dir='ltr'>odit.</span> <span class='ocrx_word' id='word_1_218' title='bbox 1441 2889 1530 2948; x_wconf 77' lang='lat' dir='ltr'>Tutin,</span> <span class='ocrx_word' id='word_1_219' title='bbox 1545 2889 1586 2947; x_wconf 93' lang='grc' dir='ltr'>ΙΙΙ,</span> <span class='ocrx_word' id='word_1_220' title='bbox 1600 2888 1668 2953; x_wconf 64' lang='lat' dir='ltr'>dib]</span> 
     </span>
    </p>
   </div>
   <div class='ocr_carea' id='block_1_11' title="bbox 989 2993 1784 3140">
    <p class='ocr_par' dir='ltr' id='par_1_12' title="bbox 989 2993 1784 3140">
     <span class='ocr_line' id='line_1_29' title="bbox 989 2993 1784 3068; baseline -0.003 -16"><span class='ocrx_word' id='word_1_221' title='bbox 989 2993 1106 3053; x_wconf 83' lang='lat' dir='ltr'>Mandat</span> <span class='ocrx_word' id='word_1_222' title='bbox 1117 3002 1147 3052; x_wconf 88' lang='lat' dir='ltr'>ut</span> <span class='ocrx_word' id='word_1_223' title='bbox 1167 2995 1312 3068; x_wconf 89' lang='lat' dir='ltr'>inquirant</span> <span class='ocrx_word' id='word_1_224' title='bbox 1323 2993 1358 3052; x_wconf 91' lang='lat' dir='ltr'>de</span> <span class='ocrx_word' id='word_1_225' title='bbox 1375 2995 1433 3052; x_wconf 87' lang='lat' dir='ltr'>vita</span> <span class='ocrx_word' id='word_1_226' title='bbox 1448 3001 1476 3052; x_wconf 91' lang='lat' dir='ltr'>et</span> <span class='ocrx_word' id='word_1_227' title='bbox 1490 2994 1635 3052; x_wconf 88' lang='lat' dir='ltr'>miraculis</span> <span class='ocrx_word' id='word_1_228' title='bbox 1649 2993 1784 3053; x_wconf 90' lang='lat' dir='ltr'>Willelml</span> 
     </span>
     <span class='ocr_line' id='line_1_30' title="bbox 1069 3081 1544 3140; baseline -0.004 0"><span class='ocrx_word' id='word_1_229' title='bbox 1069 3082 1075 3095; x_wconf 83' lang='lat'><strong><em>‘</em></strong></span> <span class='ocrx_word' id='word_1_230' title='bbox 1228 3081 1338 3140; x_wconf 87' lang='lat' dir='ltr'>abbatis</span> <span class='ocrx_word' id='word_1_231' title='bbox 1348 3081 1383 3139; x_wconf 90' lang='lat' dir='ltr'>de</span> <span class='ocrx_word' id='word_1_232' title='bbox 1396 3082 1544 3140; x_wconf 89' lang='lat' dir='ltr'>Paraclito.</span> 
     </span>
    </p>
   </div>
   <div class='ocr_carea' id='block_1_12' title="bbox 989 3199 1788 4345">
    <p class='ocr_par' dir='ltr' id='par_1_13' title="bbox 989 3199 1785 3561">
     <span class='ocr_line' id='line_1_31' title="bbox 1029 3199 1780 3276; baseline -0.003 -15"><span class='ocrx_word' id='word_1_233' title='bbox 1029 3199 1196 3261; x_wconf 91' lang='lat' dir='ltr'>Honorius</span> <span class='ocrx_word' id='word_1_234' title='bbox 1204 3201 1389 3276; x_wconf 87' lang='lat' dir='ltr'>episcopus,</span> <span class='ocrx_word' id='word_1_235' title='bbox 1403 3215 1519 3259; x_wconf 88' lang='lat' dir='ltr'>servus</span> <span class='ocrx_word' id='word_1_236' title='bbox 1529 3212 1700 3260; x_wconf 85' lang='lat' dir='ltr'>servorum</span> <span class='ocrx_word' id='word_1_237' title='bbox 1709 3200 1780 3269; x_wconf 85' lang='lat' dir='ltr'>Dei,</span> 
     </span>
     <span class='ocr_line' id='line_1_32' title="bbox 989 3296 1784 3372; baseline -0.001 -14"><span class='ocrx_word' id='word_1_238' title='bbox 989 3296 1144 3358; x_wconf 85' lang='lat' dir='ltr'>venerab.</span> <span class='ocrx_word' id='word_1_239' title='bbox 1169 3296 1327 3358; x_wconf 84' lang='lat' dir='ltr'>iratribus</span> <span class='ocrx_word' id='word_1_240' title='bbox 1347 3296 1514 3356; x_wconf 91' lang='lat' dir='ltr'>Lundensi</span> <span class='ocrx_word' id='word_1_241' title='bbox 1534 3296 1784 3372; x_wconf 84' lang='lat' dir='ltr'>archiepiscopo</span> 
     </span>
     <span class='ocr_line' id='line_1_33' title="bbox 990 3390 1785 3469; baseline -0.004 -15"><span class='ocrx_word' id='word_1_242' title='bbox 990 3394 1023 3454; x_wconf 87' lang='lat' dir='ltr'>et</span> <span class='ocrx_word' id='word_1_243' title='bbox 1032 3394 1188 3469; x_wconf 90' lang='lat' dir='ltr'>episcopo</span> <span class='ocrx_word' id='word_1_244' title='bbox 1197 3391 1408 3453; x_wconf 83' lang='lat' dir='ltr'>Roshildensi</span> <span class='ocrx_word' id='word_1_245' title='bbox 1421 3393 1454 3453; x_wconf 88' lang='lat' dir='ltr'>et</span> <span class='ocrx_word' id='word_1_246' title='bbox 1463 3392 1583 3453; x_wconf 91' lang='lat' dir='ltr'>dilecto</span> <span class='ocrx_word' id='word_1_247' title='bbox 1594 3392 1662 3451; x_wconf 87' lang='lat' dir='ltr'>tilio</span> <span class='ocrx_word' id='word_1_248' title='bbox 1674 3390 1785 3453; x_wconf 87' lang='lat' dir='ltr'>abbati</span> 
     </span>
     <span class='ocr_line' id='line_1_34' title="bbox 991 3488 1473 3561; baseline -0.008 -10"><span class='ocrx_word' id='word_1_249' title='bbox 991 3490 1031 3551; x_wconf 91' lang='lat' dir='ltr'>de</span> <span class='ocrx_word' id='word_1_250' title='bbox 1046 3488 1234 3561; x_wconf 85' lang='lat' dir='ltr'>Heriwado,</span> <span class='ocrx_word' id='word_1_251' title='bbox 1252 3489 1388 3549; x_wconf 83' lang='lat' dir='ltr'>Cisterc.</span> <span class='ocrx_word' id='word_1_252' title='bbox 1403 3488 1473 3547; x_wconf 93' lang='lat' dir='ltr'>ord.</span> 
     </span>
    </p>

    <p class='ocr_par' dir='ltr' id='par_1_14' title="bbox 990 3584 1788 4345">
     <span class='ocr_line' id='line_1_35' title="bbox 1031 3584 1785 3661; baseline -0.005 -14"><span class='ocrx_word' id='word_1_253' title='bbox 1031 3587 1122 3647; x_wconf 87' lang='lat' dir='ltr'>Licet</span> <span class='ocrx_word' id='word_1_254' title='bbox 1141 3586 1279 3660; x_wconf 88' lang='lat' dir='ltr'>angelus</span> <span class='ocrx_word' id='word_1_255' title='bbox 1303 3584 1457 3646; x_wconf 83' lang='lat' dir='ltr'>sathanae</span> <span class='ocrx_word' id='word_1_256' title='bbox 1473 3600 1509 3645; x_wconf 92' lang='lat' dir='ltr'>se</span> <span class='ocrx_word' id='word_1_257' title='bbox 1530 3584 1728 3661; x_wconf 90' lang='lat' dir='ltr'>quandoque</span> <span class='ocrx_word' id='word_1_258' title='bbox 1751 3584 1785 3643; x_wconf 89' lang='lat' dir='ltr'>in</span> 
     </span>
     <span class='ocr_line' id='line_1_36' title="bbox 990 3681 1785 3758; baseline -0.005 -14"><span class='ocrx_word' id='word_1_259' title='bbox 990 3684 1075 3745; x_wconf 90' lang='lat' dir='ltr'>lucis</span> <span class='ocrx_word' id='word_1_260' title='bbox 1090 3682 1245 3758; x_wconf 80' lang='lat' dir='ltr'>angelum</span> <span class='ocrx_word' id='word_1_261' title='bbox 1260 3681 1485 3758; x_wconf 76' lang='lat' dir='ltr'>transfiguret,</span> <span class='ocrx_word' id='word_1_262' title='bbox 1509 3682 1542 3742; x_wconf 91' lang='lat' dir='ltr'>et</span> <span class='ocrx_word' id='word_1_263' title='bbox 1555 3681 1705 3758; x_wconf 83' lang='lat' dir='ltr'>plerique</span> <span class='ocrx_word' id='word_1_264' title='bbox 1717 3681 1785 3740; x_wconf 88' lang='lat' dir='ltr'>im·</span> 
     </span>
     <span class='ocr_line' id='line_1_37' title="bbox 991 3777 1786 3859; baseline -0.009 -15"><span class='ocrx_word' id='word_1_265' title='bbox 991 3781 1147 3859; x_wconf 89' lang='lat' dir='ltr'>pietatem</span> <span class='ocrx_word' id='word_1_266' title='bbox 1166 3796 1260 3841; x_wconf 90' lang='lat' dir='ltr'>suam</span> <span class='ocrx_word' id='word_1_267' title='bbox 1275 3780 1424 3841; x_wconf 80' lang='lat' dir='ltr'>velantes</span> <span class='ocrx_word' id='word_1_268' title='bbox 1439 3777 1499 3840; x_wconf 89' lang='lat' dir='ltr'>suh</span> <span class='ocrx_word' id='word_1_269' title='bbox 1513 3777 1639 3839; x_wconf 85' lang='lat' dir='ltr'>vellere</span> <span class='ocrx_word' id='word_1_270' title='bbox 1653 3778 1786 3855; x_wconf 86' lang='lat' dir='ltr'>pietatis</span> 
     </span>
     <span class='ocr_line' id='line_1_38' title="bbox 990 3874 1788 3955; baseline -0.01 -14"><span class='ocrx_word' id='word_1_271' title='bbox 990 3881 1157 3955; x_wconf 87' lang='lat' dir='ltr'>tamquam</span> <span class='ocrx_word' id='word_1_272' title='bbox 1177 3878 1323 3955; x_wconf 89' lang='lat' dir='ltr'>parietes</span> <span class='ocrx_word' id='word_1_273' title='bbox 1338 3876 1481 3937; x_wconf 87' lang='lat' dir='ltr'>dealbati</span> <span class='ocrx_word' id='word_1_274' title='bbox 1494 3891 1555 3953; x_wconf 89' lang='lat' dir='ltr'>per</span> <span class='ocrx_word' id='word_1_275' title='bbox 1568 3874 1686 3935; x_wconf 85' lang='lat' dir='ltr'>salsam</span> <span class='ocrx_word' id='word_1_276' title='bbox 1705 3874 1788 3937; x_wconf 88' lang='lat' dir='ltr'>reli-</span> 
     </span>
     <span class='ocr_line' id='line_1_39' title="bbox 990 3971 1786 4053; baseline -0.006 -16"><span class='ocrx_word' id='word_1_277' title='bbox 990 3976 1099 4053; x_wconf 88' lang='lat' dir='ltr'>gionis</span> <span class='ocrx_word' id='word_1_278' title='bbox 1123 3975 1269 4053; x_wconf 87' lang='lat' dir='ltr'>speciem</span> <span class='ocrx_word' id='word_1_279' title='bbox 1293 3990 1392 4052; x_wconf 91' lang='lat' dir='ltr'>quam</span> <span class='ocrx_word' id='word_1_280' title='bbox 1411 3972 1621 4050; x_wconf 90' lang='lat' dir='ltr'>praetendunt</span> <span class='ocrx_word' id='word_1_281' title='bbox 1638 3971 1786 4047; x_wconf 89' lang='lat' dir='ltr'>ignomi-</span> 
     </span>
     <span class='ocr_line' id='line_1_40' title="bbox 991 4069 1787 4146; baseline -0.005 -11"><span class='ocrx_word' id='word_1_282' title='bbox 991 4074 1085 4135; x_wconf 90' lang='lat' dir='ltr'>niose</span> <span class='ocrx_word' id='word_1_283' title='bbox 1109 4088 1229 4134; x_wconf 92' lang='lat' dir='ltr'>nomen</span> <span class='ocrx_word' id='word_1_284' title='bbox 1254 4071 1318 4133; x_wconf 92' lang='lat' dir='ltr'>sihi</span> <span class='ocrx_word' id='word_1_285' title='bbox 1345 4069 1531 4132; x_wconf 87' lang='lat' dir='ltr'>sanctitatis</span> <span class='ocrx_word' id='word_1_286' title='bbox 1557 4069 1728 4146; x_wconf 89' lang='lat' dir='ltr'>usurpent,</span> <span class='ocrx_word' id='word_1_287' title='bbox 1754 4069 1787 4131; x_wconf 85' lang='lat' dir='ltr'>et</span> 
     </span>
     <span class='ocr_line' id='line_1_41' title="bbox 991 4167 1783 4247; baseline -0.009 -15"><span class='ocrx_word' id='word_1_288' title='bbox 991 4171 1144 4233; x_wconf 80' lang='lat' dir='ltr'>fallentes</span> <span class='ocrx_word' id='word_1_289' title='bbox 1166 4169 1356 4247; x_wconf 89' lang='lat' dir='ltr'>opinionem</span> <span class='ocrx_word' id='word_1_290' title='bbox 1376 4168 1548 4229; x_wconf 90' lang='lat' dir='ltr'>hominum</span> <span class='ocrx_word' id='word_1_291' title='bbox 1570 4169 1602 4228; x_wconf 88' lang='lat' dir='ltr'>et</span> <span class='ocrx_word' id='word_1_292' title='bbox 1625 4182 1661 4227; x_wconf 89' lang='lat' dir='ltr'>se</span> <span class='ocrx_word' id='word_1_293' title='bbox 1681 4167 1783 4241; x_wconf 89' lang='lat' dir='ltr'>ipsos.</span> 
     </span>
     <span class='ocr_line' id='line_1_42' title="bbox 991 4264 1786 4345; baseline -0.008 -15"><span class='ocrx_word' id='word_1_294' title='bbox 991 4272 1094 4331; x_wconf 88' lang='lat' dir='ltr'>Deum</span> <span class='ocrx_word' id='word_1_295' title='bbox 1102 4268 1160 4345; x_wconf 93' lang='lat' dir='ltr'>qui</span> <span class='ocrx_word' id='word_1_296' title='bbox 1170 4283 1237 4329; x_wconf 92' lang='lat' dir='ltr'>non</span> <span class='ocrx_word' id='word_1_297' title='bbox 1249 4266 1408 4328; x_wconf 91' lang='lat' dir='ltr'>irridetur</span> <span class='ocrx_word' id='word_1_298' title='bbox 1417 4281 1483 4326; x_wconf 90' lang='lat' dir='ltr'>non</span> <span class='ocrx_word' id='word_1_299' title='bbox 1493 4264 1623 4336; x_wconf 81' lang='lat' dir='ltr'>fallunt,</span> <span class='ocrx_word' id='word_1_300' title='bbox 1632 4264 1688 4324; x_wconf 89' lang='lat' dir='ltr'>sed</span> <span class='ocrx_word' id='word_1_301' title='bbox 1695 4264 1786 4340; x_wconf 87' lang='lat' dir='ltr'>justo</span> 
     </span>
    </p>
   </div>
   <div class='ocr_carea' id='block_1_13' title="bbox 134 2489 932 2666">
    <p class='ocr_par' dir='ltr' id='par_1_15' title="bbox 134 2489 932 2666">
     <span class='ocr_line' id='line_1_43' title="bbox 135 2489 932 2570; baseline -0.004 -16"><span class='ocrx_word' id='word_1_302' title='bbox 135 2493 299 2554; x_wconf 89' lang='lat' dir='ltr'>Sanctum</span> <span class='ocrx_word' id='word_1_303' title='bbox 321 2493 467 2565; x_wconf 89' lang='lat' dir='ltr'>Petrum,</span> <span class='ocrx_word' id='word_1_304' title='bbox 492 2494 537 2553; x_wconf 82' lang='lat' dir='ltr'>Vl</span> <span class='ocrx_word' id='word_1_305' title='bbox 559 2491 628 2552; x_wconf 86' lang='lat' dir='ltr'>kal.</span> <span class='ocrx_word' id='word_1_306' title='bbox 647 2491 736 2569; x_wconf 84' lang='lat' dir='ltr'>Junii</span> <span class='ocrx_word' id='word_1_307' title='bbox 763 2490 818 2570; x_wconf 77' lang='lat'>(27</span> <span class='ocrx_word' id='word_1_308' title='bbox 838 2489 932 2569; x_wconf 88' lang='lat' dir='ltr'>maii)</span> 
     </span>
     <span class='ocr_line' id='line_1_44' title="bbox 134 2588 530 2666; baseline -0.003 -16"><span class='ocrx_word' id='word_1_309' title='bbox 134 2589 257 2666; x_wconf 85' lang='lat' dir='ltr'>pontis.</span> <span class='ocrx_word' id='word_1_310' title='bbox 274 2604 361 2651; x_wconf 89' lang='lat' dir='ltr'>anno</span> <span class='ocrx_word' id='word_1_311' title='bbox 374 2588 530 2650; x_wconf 87' lang='lat' dir='ltr'>secundo.</span> 
     </span>
    </p>
   </div>
   <div class='ocr_carea' id='block_1_14' title="bbox 429 2764 646 2852">
    <p class='ocr_par' dir='ltr' id='par_1_16' title="bbox 429 2764 646 2852">
     <span class='ocr_line' id='line_1_45' title="bbox 429 2764 646 2852; baseline -0.009 0"><span class='ocrx_word' id='word_1_312' title='bbox 429 2764 646 2852; x_wconf 80' lang='lat' dir='ltr'>ttnxxtv</span> 
     </span>
    </p>
   </div>
   <div class='ocr_carea' id='block_1_15' title="bbox 134 2907 935 3079">
    <p class='ocr_par' dir='ltr' id='par_1_17' title="bbox 134 2907 935 3079">
     <span class='ocr_line' id='line_1_46' title="bbox 134 2907 935 2979; baseline -0.005 -10"><span class='ocrx_word' id='word_1_313' title='bbox 134 2910 189 2969; x_wconf 81' lang='lat' dir='ltr'>Aa</span> <span class='ocrx_word' id='word_1_314' title='bbox 208 2909 386 2968; x_wconf 67' lang='lat' dir='ltr'>hiarcam</span> <span class='ocrx_word' id='word_1_315' title='bbox 408 2910 625 2968; x_wconf 72' lang='lat' dir='ltr'>troadensem</span> <span class='ocrx_word' id='word_1_316' title='bbox 642 2907 935 2979; x_wconf 75' lang='lat' dir='ltr'>archiepiscopatu</span> 
     </span>
     <span class='ocr_line' id='line_1_47' title="bbox 340 3005 733 3079; baseline -0.005 -15"><span class='ocrx_word' id='word_1_317' title='bbox 340 3005 373 3065; x_wconf 86' lang='lat' dir='ltr'>ct</span> <span class='ocrx_word' id='word_1_318' title='bbox 387 3005 628 3079; x_wconf 79' lang='lat' dir='ltr'>saffraqaaeos</span> <span class='ocrx_word' id='word_1_319' title='bbox 648 3006 733 3075; x_wconf 80' lang='lat' dir='ltr'>ejas.</span> 
     </span>
    </p>
   </div>
   <div class='ocr_carea' id='block_1_16' title="bbox 135 3116 933 3606">
    <p class='ocr_par' dir='ltr' id='par_1_18' title="bbox 135 3116 933 3606">
     <span class='ocr_line' id='line_1_48' title="bbox 432 3116 645 3175; baseline -0.009 -1"><span class='ocrx_word' id='word_1_320' title='bbox 432 3118 467 3175; x_wconf 78' lang='lat'>28</span> <span class='ocrx_word' id='word_1_321' title='bbox 481 3117 549 3174; x_wconf 88' lang='lat' dir='ltr'>maii</span> <span class='ocrx_word' id='word_1_322' title='bbox 566 3116 645 3173; x_wconf 74' lang='lat' dir='ltr'>lits.</span> 
     </span>
     <span class='ocr_line' id='line_1_49' title="bbox 233 3219 837 3288; baseline -0.01 -13"><span class='ocrx_word' id='word_1_323' title='bbox 233 3222 369 3288; x_wconf 80' lang='lat' dir='ltr'>[Liljegren</span> <span class='ocrx_word' id='word_1_324' title='bbox 379 3222 495 3281; x_wconf 82' lang='lat' dir='ltr'>Svensht,</span> <span class='ocrx_word' id='word_1_325' title='bbox 511 3220 617 3286; x_wconf 88' lang='lat' dir='ltr'>diplom.</span> <span class='ocrx_word' id='word_1_326' title='bbox 629 3221 649 3281; x_wconf 91' lang='lat' dir='ltr'>l,</span> <span class='ocrx_word' id='word_1_327' title='bbox 661 3221 715 3279; x_wconf 79' lang='lat' dir='ltr'>leo,</span> <span class='ocrx_word' id='word_1_328' title='bbox 728 3235 754 3271; x_wconf 92' lang='lat' dir='ltr'>n.</span> <span class='ocrx_word' id='word_1_329' title='bbox 772 3219 837 3285; x_wconf 80' lang='lat' dir='ltr'>lto]</span> 
     </span>
     <span class='ocr_line' id='line_1_50' title="bbox 398 3321 674 3394; baseline -0.011 -14"><span class='ocrx_word' id='word_1_330' title='bbox 398 3325 440 3380; x_wconf 88' lang='lat' dir='ltr'>De</span> <span class='ocrx_word' id='word_1_331' title='bbox 450 3321 674 3394; x_wconf 87' lang='lat' dir='ltr'>probationibus.</span> 
     </span>
     <span class='ocr_line' id='line_1_51' title="bbox 178 3426 933 3511; baseline -0.009 -18"><span class='ocrx_word' id='word_1_332' title='bbox 178 3430 277 3511; x_wconf 81' lang='lat' dir='ltr'>(vide</span> <span class='ocrx_word' id='word_1_333' title='bbox 301 3431 428 3498; x_wconf 77' lang='lat' dir='ltr'>natata</span> <span class='ocrx_word' id='word_1_334' title='bbox 454 3429 666 3503; x_wconf 71' lang='lat' dir='ltr'>Compitalia,</span> <span class='ocrx_word' id='word_1_335' title='bbox 684 3426 741 3489; x_wconf 82' lang='lat' dir='ltr'>lib.</span> <span class='ocrx_word' id='word_1_336' title='bbox 762 3429 804 3500; x_wconf 90' lang='lat'>11,</span> <span class='ocrx_word' id='word_1_337' title='bbox 820 3426 870 3488; x_wconf 84' lang='lat' dir='ltr'>tit.</span> <span class='ocrx_word' id='word_1_338' title='bbox 885 3426 933 3498; x_wconf 89' lang='grc' dir='ltr'>ΙΙ,</span> 
     </span>
     <span class='ocr_line' id='line_1_52' title="bbox 135 3520 580 3606; baseline -0.011 -15"><span class='ocrx_word' id='word_1_339' title='bbox 135 3544 212 3606; x_wconf 90' lang='lat' dir='ltr'>cap.</span> <span class='ocrx_word' id='word_1_340' title='bbox 233 3530 262 3599; x_wconf 91' lang='grc' dir='ltr'>Ι,</span> <span class='ocrx_word' id='word_1_341' title='bbox 277 3529 356 3590; x_wconf 86' lang='lat' dir='ltr'>tom.</span> <span class='ocrx_word' id='word_1_342' title='bbox 373 3530 398 3598; x_wconf 89' lang='lat' dir='ltr'>l,</span> <span class='ocrx_word' id='word_1_343' title='bbox 415 3520 580 3603; x_wconf 53' lang='lat'>0010220.)</span> 
     </span>
    </p>
   </div>
   <div class='ocr_carea' id='block_1_17' title="bbox 135 3619 935 3799">
    <p class='ocr_par' dir='ltr' id='par_1_19' title="bbox 135 3619 935 3799">
     <span class='ocr_line' id='line_1_53' title="bbox 178 3619 933 3699; baseline -0.013 -11"><span class='ocrx_word' id='word_1_344' title='bbox 178 3627 298 3688; x_wconf 84' lang='lat' dir='ltr'>Datum</span> <span class='ocrx_word' id='word_1_345' title='bbox 325 3628 450 3695; x_wconf 82' lang='lat' dir='ltr'>Romae,</span> <span class='ocrx_word' id='word_1_346' title='bbox 485 3623 572 3699; x_wconf 88' lang='lat' dir='ltr'>apud</span> <span class='ocrx_word' id='word_1_347' title='bbox 602 3621 760 3682; x_wconf 85' lang='lat' dir='ltr'>Sanctum</span> <span class='ocrx_word' id='word_1_348' title='bbox 788 3619 933 3692; x_wconf 89' lang='lat' dir='ltr'>Petrum,</span> 
     </span>
     <span class='ocr_line' id='line_1_54' title="bbox 135 3717 935 3799; baseline -0.011 -14"><span class='ocrx_word' id='word_1_349' title='bbox 135 3726 167 3785; x_wconf 88' lang='lat' dir='ltr'>V</span> <span class='ocrx_word' id='word_1_350' title='bbox 184 3722 348 3784; x_wconf 64' lang='lat' dir='ltr'>kmendas</span> <span class='ocrx_word' id='word_1_351' title='bbox 370 3722 470 3799; x_wconf 85' lang='lat' dir='ltr'>junii,</span> <span class='ocrx_word' id='word_1_352' title='bbox 488 3719 699 3798; x_wconf 83' lang='lat' dir='ltr'>pontificatus</span> <span class='ocrx_word' id='word_1_353' title='bbox 719 3717 825 3780; x_wconf 86' lang='lat' dir='ltr'>nostri</span> <span class='ocrx_word' id='word_1_354' title='bbox 846 3731 935 3777; x_wconf 89' lang='lat' dir='ltr'>anno</span> 
     </span>
    </p>
   </div>
   <div class='ocr_carea' id='block_1_18' title="bbox 137 3820 297 3883">
    <p class='ocr_par' dir='ltr' id='par_1_20' title="bbox 137 3820 297 3883">
     <span class='ocr_line' id='line_1_55' title="bbox 137 3820 297 3883; baseline -0.019 0"><span class='ocrx_word' id='word_1_355' title='bbox 137 3820 297 3883; x_wconf 84' lang='lat' dir='ltr'>secundo.</span> 
     </span>
    </p>
   </div>
   <div class='ocr_carea' id='block_1_19' title="bbox 439 3931 637 4018">
    <p class='ocr_par' dir='ltr' id='par_1_21' title="bbox 439 3931 637 4018">
     <span class='ocr_line' id='line_1_56' title="bbox 439 3931 637 4018; baseline -0.015 0"><span class='ocrx_word' id='word_1_356' title='bbox 439 3931 637 4018; x_wconf 79' lang='lat' dir='ltr'>odhllv</span> 
     </span>
    </p>
   </div>
   <div class='ocr_carea' id='block_1_20' title="bbox 200 4063 877 4225">
    <p class='ocr_par' dir='ltr' id='par_1_22' title="bbox 200 4063 877 4225">
     <span class='ocr_line' id='line_1_57' title="bbox 200 4063 877 4143; baseline -0.013 -14"><span class='ocrx_word' id='word_1_357' title='bbox 200 4070 252 4129; x_wconf 83' lang='lat' dir='ltr'>Ad</span> <span class='ocrx_word' id='word_1_358' title='bbox 275 4066 485 4143; x_wconf 81' lang='lat' dir='ltr'>maqtstrnm</span> <span class='ocrx_word' id='word_1_359' title='bbox 503 4067 534 4125; x_wconf 89' lang='lat' dir='ltr'>J.</span> <span class='ocrx_word' id='word_1_360' title='bbox 558 4064 592 4125; x_wconf 87' lang='lat' dir='ltr'>et</span> <span class='ocrx_word' id='word_1_361' title='bbox 611 4064 651 4123; x_wconf 82' lang='lat' dir='ltr'>R.</span> <span class='ocrx_word' id='word_1_362' title='bbox 674 4063 877 4123; x_wconf 61' lang='lat' dir='ltr'>mandabam</span> 
     </span>
     <span class='ocr_line' id='line_1_58' title="bbox 239 4161 834 4225; baseline -0.013 0"><span class='ocrx_word' id='word_1_363' title='bbox 239 4166 519 4225; x_wconf 78' lang='lat' dir='ltr'>archidiaconum</span> <span class='ocrx_word' id='word_1_364' title='bbox 538 4161 834 4223; x_wconf 77' lang='lat' dir='ltr'>catalaunensem.</span> 
     </span>
    </p>
   </div>
   <div class='ocr_carea' id='block_1_21' title="bbox 434 4281 645 4341">
    <p class='ocr_par' dir='ltr' id='par_1_23' title="bbox 434 4281 645 4341">
     <span class='ocr_line' id='line_1_59' title="bbox 434 4281 645 4341; baseline -0.014 0"><span class='ocrx_word' id='word_1_365' title='bbox 434 4284 469 4341; x_wconf 77' lang='lat'>28</span> <span class='ocrx_word' id='word_1_366' title='bbox 482 4281 550 4340; x_wconf 89' lang='lat' dir='ltr'>maii</span> <span class='ocrx_word' id='word_1_367' title='bbox 566 4283 645 4339; x_wconf 77' lang='lat' dir='ltr'>itis.</span> 
     </span>
    </p>
   </div>
   <div class='ocr_carea' id='block_1_22' title="bbox 150 4368 908 4457">
    <p class='ocr_par' dir='ltr' id='par_1_24' title="bbox 150 4368 908 4457">
     <span class='ocr_line' id='line_1_60' title="bbox 150 4368 908 4457; baseline -0.013 -14"><span class='ocrx_word' id='word_1_368' title='bbox 150 4368 286 4457; x_wconf 66' lang='lat' dir='ltr'>&#39;quaest.,</span> <span class='ocrx_word' id='word_1_369' title='bbox 298 4390 344 4441; x_wconf 82' lang='lat' dir='ltr'>ru.</span> <span class='ocrx_word' id='word_1_370' title='bbox 359 4390 390 4447; x_wconf 87' lang='grc' dir='ltr'>ιι,</span> <span class='ocrx_word' id='word_1_371' title='bbox 404 4388 478 4455; x_wconf 83' lang='lat' dir='ltr'>epist.</span> <span class='ocrx_word' id='word_1_372' title='bbox 491 4388 559 4438; x_wconf 85' lang='grc' dir='ltr'><strong>ιιει.</strong></span> <span class='ocrx_word' id='word_1_373' title='bbox 573 4387 677 4438; x_wconf 62' lang='lat' dir='ltr'>uscia</span> <span class='ocrx_word' id='word_1_374' title='bbox 688 4384 805 4436; x_wconf 74' lang='lat' dir='ltr'>rorum</span> <span class='ocrx_word' id='word_1_375' title='bbox 816 4382 908 4447; x_wconf 79' lang='lat' dir='ltr'>ruat]</span> 
     </span>
    </p>
   </div>
   <div class='ocr_carea' id='block_1_23' title="bbox 11 4486 937 4567">
    <p class='ocr_par' dir='ltr' id='par_1_25' title="bbox 11 4486 937 4567">
     <span class='ocr_line' id='line_1_61' title="bbox 11 4486 937 4567; baseline -0.014 -7"><span class='ocrx_word' id='word_1_376' title='bbox 11 4486 13 4489; x_wconf 37' lang='lat'>¹</span> <span class='ocrx_word' id='word_1_377' title='bbox 138 4500 272 4559; x_wconf 85' lang='lat' dir='ltr'>Clemens</span> <span class='ocrx_word' id='word_1_378' title='bbox 285 4498 406 4555; x_wconf 88' lang='lat' dir='ltr'>clericus</span> <span class='ocrx_word' id='word_1_379' title='bbox 420 4499 448 4553; x_wconf 90' lang='lat' dir='ltr'>in</span> <span class='ocrx_word' id='word_1_380' title='bbox 461 4510 513 4554; x_wconf 86' lang='lat' dir='ltr'>sua</span> <span class='ocrx_word' id='word_1_381' title='bbox 531 4494 648 4552; x_wconf 87' lang='lat' dir='ltr'>dioecesi</span> <span class='ocrx_word' id='word_1_382' title='bbox 663 4490 813 4567; x_wconf 83' lang='lat' dir='ltr'>possidens</span> <span class='ocrx_word' id='word_1_383' title='bbox 833 4488 937 4548; x_wconf 83' lang='lat' dir='ltr'>heneti·</span> 
     </span>
    </p>
   </div>
   <div class='ocr_carea' id='block_1_24' title="bbox 173 4577 939 4919">
    <p class='ocr_par' dir='ltr' id='par_1_26' title="bbox 173 4577 939 4919">
     <span class='ocr_line' id='line_1_62' title="bbox 173 4577 936 4659; baseline -0.01 -14"><span class='ocrx_word' id='word_1_384' title='bbox 173 4589 252 4645; x_wconf 87' lang='lat' dir='ltr'>cium</span> <span class='ocrx_word' id='word_1_385' title='bbox 278 4584 451 4659; x_wconf 84' lang='lat' dir='ltr'>parochiale,</span> <span class='ocrx_word' id='word_1_386' title='bbox 468 4583 503 4641; x_wconf 91' lang='lat' dir='ltr'>de</span> <span class='ocrx_word' id='word_1_387' title='bbox 530 4583 586 4640; x_wconf 87' lang='lat' dir='ltr'>hoa</span> <span class='ocrx_word' id='word_1_388' title='bbox 601 4583 676 4639; x_wconf 91' lang='lat' dir='ltr'>nulla</span> <span class='ocrx_word' id='word_1_389' title='bbox 693 4581 839 4638; x_wconf 88' lang='lat' dir='ltr'>mentione</span> <span class='ocrx_word' id='word_1_390' title='bbox 860 4577 936 4637; x_wconf 86' lang='lat' dir='ltr'>tecta</span> 
     </span>
     <span class='ocr_line' id='line_1_63' title="bbox 175 4667 938 4747; baseline -0.012 -15"><span class='ocrx_word' id='word_1_391' title='bbox 175 4676 296 4733; x_wconf 88' lang='lat' dir='ltr'>obtinuit</span> <span class='ocrx_word' id='word_1_392' title='bbox 306 4674 414 4731; x_wconf 88' lang='lat' dir='ltr'>litteras</span> <span class='ocrx_word' id='word_1_393' title='bbox 423 4687 509 4747; x_wconf 87' lang='lat' dir='ltr'>snper</span> <span class='ocrx_word' id='word_1_394' title='bbox 520 4669 671 4744; x_wconf 73' lang='lat' dir='ltr'>praebenda</span> <span class='ocrx_word' id='word_1_395' title='bbox 684 4669 779 4726; x_wconf 87' lang='lat' dir='ltr'>Sancti</span> <span class='ocrx_word' id='word_1_396' title='bbox 796 4667 938 4725; x_wconf 84' lang='lat' dir='ltr'>iohannis</span> 
     </span>
     <span class='ocr_line' id='line_1_64' title="bbox 176 4757 935 4837; baseline -0.012 -15"><span class='ocrx_word' id='word_1_397' title='bbox 176 4765 207 4822; x_wconf 90' lang='lat' dir='ltr'>in</span> <span class='ocrx_word' id='word_1_398' title='bbox 220 4766 337 4837; x_wconf 86' lang='lat' dir='ltr'>Burg03</span> <span class='ocrx_word' id='word_1_399' title='bbox 357 4777 444 4834; x_wconf 90' lang='lat' dir='ltr'>quum</span> <span class='ocrx_word' id='word_1_400' title='bbox 459 4761 559 4817; x_wconf 76' lang='lat' dir='ltr'>littera</span> <span class='ocrx_word' id='word_1_401' title='bbox 578 4774 629 4832; x_wconf 82' lang='lat' dir='ltr'>per</span> <span class='ocrx_word' id='word_1_402' title='bbox 643 4757 875 4830; x_wconf 87' lang='lat' dir='ltr'>suppressionem</span> <span class='ocrx_word' id='word_1_403' title='bbox 885 4771 935 4813; x_wconf 82' lang='lat' dir='ltr'>ve·</span> 
     </span>
     <span class='ocr_line' id='line_1_65' title="bbox 174 4842 939 4919; baseline -0.013 -9"><span class='ocrx_word' id='word_1_404' title='bbox 174 4853 268 4910; x_wconf 88' lang='lat' dir='ltr'>ritatts</span> <span class='ocrx_word' id='word_1_405' title='bbox 282 4851 405 4908; x_wconf 72' lang='lat' dir='ltr'>obtentae</span> <span class='ocrx_word' id='word_1_406' title='bbox 424 4849 533 4906; x_wconf 88' lang='lat' dir='ltr'>nullum</span> <span class='ocrx_word' id='word_1_407' title='bbox 549 4847 655 4905; x_wconf 88' lang='lat' dir='ltr'>hahent</span> <span class='ocrx_word' id='word_1_408' title='bbox 670 4847 801 4919; x_wconf 84' lang='lat' dir='ltr'>vigorem</span> <span class='ocrx_word' id='word_1_409' title='bbox 820 4842 939 4901; x_wconf 86' lang='lat' dir='ltr'>mandat</span> 
     </span>
    </p>
   </div>
   <div class='ocr_carea' id='block_1_25' title="bbox 175 4935 692 5014">
    <p class='ocr_par' dir='ltr' id='par_1_27' title="bbox 175 4935 692 5014">
     <span class='ocr_line' id='line_1_66' title="bbox 175 4935 692 5014; baseline -0.014 -16"><span class='ocrx_word' id='word_1_410' title='bbox 175 4938 304 5014; x_wconf 79' lang='lat' dir='ltr'>pontifex</span> <span class='ocrx_word' id='word_1_411' title='bbox 316 4947 346 4997; x_wconf 92' lang='lat' dir='ltr'>ut</span> <span class='ocrx_word' id='word_1_412' title='bbox 359 4937 528 4996; x_wconf 80' lang='lat' dir='ltr'>informetur</span> <span class='ocrx_word' id='word_1_413' title='bbox 538 4936 593 4993; x_wconf 89' lang='lat' dir='ltr'>hac</span> <span class='ocrx_word' id='word_1_414' title='bbox 601 4935 636 4993; x_wconf 91' lang='lat' dir='ltr'>de</span> <span class='ocrx_word' id='word_1_415' title='bbox 651 4949 692 4993; x_wconf 85' lang='lat' dir='ltr'>re.</span> 
     </span>
    </p>
   </div>
   <div class='ocr_carea' id='block_1_26' title="bbox 138 5050 939 5225">
    <p class='ocr_par' dir='ltr' id='par_1_28' title="bbox 138 5050 939 5225">
     <span class='ocr_line' id='line_1_67' title="bbox 179 5050 938 5129; baseline -0.009 -10"><span class='ocrx_word' id='word_1_416' title='bbox 179 5058 370 5129; x_wconf 89' lang='lat' dir='ltr'>Honorius,</span> <span class='ocrx_word' id='word_1_417' title='bbox 404 5057 488 5127; x_wconf 80' lang='lat' dir='ltr'>eta,</span> <span class='ocrx_word' id='word_1_418' title='bbox 517 5053 647 5114; x_wconf 90' lang='lat' dir='ltr'>dilectis</span> <span class='ocrx_word' id='word_1_419' title='bbox 675 5050 753 5111; x_wconf 83' lang='lat' dir='ltr'>tiliis</span> <span class='ocrx_word' id='word_1_420' title='bbox 777 5050 938 5127; x_wconf 86' lang='lat' dir='ltr'>magistro</span> 
     </span>
     <span class='ocr_line' id='line_1_68' title="bbox 138 5149 939 5225; baseline -0.016 -5"><span class='ocrx_word' id='word_1_421' title='bbox 138 5160 169 5220; x_wconf 88' lang='lat' dir='ltr'>J.</span> <span class='ocrx_word' id='word_1_422' title='bbox 198 5156 231 5217; x_wconf 89' lang='lat' dir='ltr'>et</span> <span class='ocrx_word' id='word_1_423' title='bbox 254 5157 293 5216; x_wconf 87' lang='lat' dir='ltr'>R.</span> <span class='ocrx_word' id='word_1_424' title='bbox 318 5153 489 5225; x_wconf 85' lang='lat' dir='ltr'>Fundello,</span> <span class='ocrx_word' id='word_1_425' title='bbox 511 5150 747 5212; x_wconf 88' lang='lat' dir='ltr'>archidiacono</span> <span class='ocrx_word' id='word_1_426' title='bbox 782 5149 939 5209; x_wconf 88' lang='lat' dir='ltr'>Catalau-</span> 
     </span>
    </p>
   </div>
   <div class='ocr_carea' id='block_1_27' title="bbox 138 5252 939 5421">
    <p class='ocr_par' dir='ltr' id='par_1_29' title="bbox 138 5252 939 5421">
     <span class='ocr_line' id='line_1_69' title="bbox 138 5252 323 5325; baseline -0.027 -9"><span class='ocrx_word' id='word_1_427' title='bbox 138 5253 248 5325; x_wconf 89' lang='lat' dir='ltr'>nensi,</span> <span class='ocrx_word' id='word_1_428' title='bbox 261 5252 323 5312; x_wconf 90' lang='lat' dir='ltr'>etc.</span> 
     </span>
     <span class='ocr_line' id='line_1_70' title="bbox 179 5343 939 5421; baseline -0.014 -10"><span class='ocrx_word' id='word_1_429' title='bbox 179 5348 390 5411; x_wconf 87' lang='lat' dir='ltr'>Venerabilis</span> <span class='ocrx_word' id='word_1_430' title='bbox 414 5347 518 5408; x_wconf 85' lang='lat' dir='ltr'>irater</span> <span class='ocrx_word' id='word_1_431' title='bbox 532 5348 645 5408; x_wconf 88' lang='lat' dir='ltr'>noster</span> <span class='ocrx_word' id='word_1_432' title='bbox 659 5343 833 5421; x_wconf 89' lang='lat' dir='ltr'>episcopus</span> <span class='ocrx_word' id='word_1_433' title='bbox 849 5343 939 5402; x_wconf 90' lang='lat' dir='ltr'>Lau·</span> 
     </span>
    </p>
   </div>
   <div class='ocr_carea' id='block_1_28' title="bbox 990 4361 1790 5412">
    <p class='ocr_par' dir='ltr' id='par_1_30' title="bbox 990 4361 1790 5412">
     <span class='ocr_line' id='line_1_71' title="bbox 991 4361 1788 4444; baseline -0.008 -17"><span class='ocrx_word' id='word_1_434' title='bbox 991 4369 1063 4443; x_wconf 87' lang='lat' dir='ltr'>ejus</span> <span class='ocrx_word' id='word_1_435' title='bbox 1084 4365 1211 4444; x_wconf 78' lang='lat' dir='ltr'>judicio</span> <span class='ocrx_word' id='word_1_436' title='bbox 1236 4365 1481 4442; x_wconf 88' lang='lat' dir='ltr'>relinquuntur,</span> <span class='ocrx_word' id='word_1_437' title='bbox 1498 4363 1593 4440; x_wconf 89' lang='lat' dir='ltr'>isque</span> <span class='ocrx_word' id='word_1_438' title='bbox 1615 4362 1671 4439; x_wconf 89' lang='lat' dir='ltr'>qui</span> <span class='ocrx_word' id='word_1_439' title='bbox 1695 4361 1788 4422; x_wconf 83' lang='lat' dir='ltr'>novit</span> 
     </span>
     <span class='ocr_line' id='line_1_72' title="bbox 991 4458 1789 4537; baseline -0.009 -13"><span class='ocrx_word' id='word_1_440' title='bbox 991 4465 1082 4525; x_wconf 91' lang='lat' dir='ltr'>solus</span> <span class='ocrx_word' id='word_1_441' title='bbox 1093 4462 1506 4525; x_wconf 87' lang='lat' dir='ltr'>absconditatenehrarum</span> <span class='ocrx_word' id='word_1_442' title='bbox 1516 4458 1706 4537; x_wconf 68' lang='lat' dir='ltr'>huiusmodi</span> <span class='ocrx_word' id='word_1_443' title='bbox 1718 4474 1789 4534; x_wconf 89' lang='lat' dir='ltr'>per·</span> 
     </span>
     <span class='ocr_line' id='line_1_73' title="bbox 990 4556 1787 4623; baseline -0.009 -1"><span class='ocrx_word' id='word_1_444' title='bbox 990 4577 1164 4623; x_wconf 80' lang='lat' dir='ltr'>versorum</span> <span class='ocrx_word' id='word_1_445' title='bbox 1179 4560 1340 4621; x_wconf 90' lang='lat' dir='ltr'>malitiam</span> <span class='ocrx_word' id='word_1_446' title='bbox 1354 4559 1395 4620; x_wconf 89' lang='lat' dir='ltr'>ab</span> <span class='ocrx_word' id='word_1_447' title='bbox 1409 4573 1523 4619; x_wconf 92' lang='lat' dir='ltr'>eorum</span> <span class='ocrx_word' id='word_1_448' title='bbox 1537 4556 1698 4618; x_wconf 82' lang='lat' dir='ltr'>fructibus</span> <span class='ocrx_word' id='word_1_449' title='bbox 1713 4570 1787 4615; x_wconf 87' lang='lat' dir='ltr'>esse</span> 
     </span>
     <span class='ocr_line' id='line_1_74' title="bbox 992 4652 1789 4733; baseline -0.009 -14"><span class='ocrx_word' id='word_1_450' title='bbox 992 4657 1143 4719; x_wconf 87' lang='lat' dir='ltr'>docuerit</span> <span class='ocrx_word' id='word_1_451' title='bbox 1171 4656 1461 4733; x_wconf 67' lang='lat' dir='ltr'>cognoscendam</span> <span class='ocrx_word' id='word_1_452' title='bbox 1486 4656 1523 4714; x_wconf 92' lang='lat' dir='ltr'>ut</span> <span class='ocrx_word' id='word_1_453' title='bbox 1556 4653 1667 4713; x_wconf 72' lang='lat' dir='ltr'>minen</span> <span class='ocrx_word' id='word_1_454' title='bbox 1700 4652 1789 4712; x_wconf 87' lang='lat' dir='ltr'>inter</span> 
     </span>
     <span class='ocr_line' id='line_1_75' title="bbox 992 4750 1790 4832; baseline -0.006 -17"><span class='ocrx_word' id='word_1_455' title='bbox 992 4756 1119 4832; x_wconf 89' lang='lat' dir='ltr'>lepram</span> <span class='ocrx_word' id='word_1_456' title='bbox 1138 4760 1172 4814; x_wconf 91' lang='lat' dir='ltr'>et</span> <span class='ocrx_word' id='word_1_457' title='bbox 1189 4754 1316 4830; x_wconf 88' lang='lat' dir='ltr'>lepram</span> <span class='ocrx_word' id='word_1_458' title='bbox 1338 4752 1459 4813; x_wconf 90' lang='lat' dir='ltr'>melius</span> <span class='ocrx_word' id='word_1_459' title='bbox 1481 4750 1734 4823; x_wconf 83' lang='lat' dir='ltr'>distinguamus,</span> <span class='ocrx_word' id='word_1_460' title='bbox 1756 4750 1790 4810; x_wconf 85' lang='lat' dir='ltr'>ei</span> 
     </span>
     <span class='ocr_line' id='line_1_76' title="bbox 992 4847 1788 4931; baseline -0.008 -18"><span class='ocrx_word' id='word_1_461' title='bbox 992 4868 1065 4931; x_wconf 86' lang='lat' dir='ltr'>quaa</span> <span class='ocrx_word' id='word_1_462' title='bbox 1088 4850 1212 4911; x_wconf 89' lang='lat' dir='ltr'>munda</span> <span class='ocrx_word' id='word_1_463' title='bbox 1247 4849 1348 4911; x_wconf 82' lang='lat' dir='ltr'>luerit</span> <span class='ocrx_word' id='word_1_464' title='bbox 1375 4851 1408 4911; x_wconf 87' lang='lat' dir='ltr'>et</span> <span class='ocrx_word' id='word_1_465' title='bbox 1439 4847 1608 4908; x_wconf 90' lang='lat' dir='ltr'>immunda</span> <span class='ocrx_word' id='word_1_466' title='bbox 1644 4848 1788 4907; x_wconf 88' lang='lat' dir='ltr'>sciamus</span> 
     </span>
     <span class='ocr_line' id='line_1_77' title="bbox 993 4944 1789 5024; baseline -0.011 -13"><span class='ocrx_word' id='word_1_467' title='bbox 993 4950 1184 5011; x_wconf 89' lang='lat' dir='ltr'>discernere</span> <span class='ocrx_word' id='word_1_468' title='bbox 1207 4946 1393 5024; x_wconf 87' lang='lat' dir='ltr'>separando</span> <span class='ocrx_word' id='word_1_469' title='bbox 1412 4946 1594 5023; x_wconf 90' lang='lat' dir='ltr'>pretiosum</span> <span class='ocrx_word' id='word_1_470' title='bbox 1608 4961 1629 5005; x_wconf 91' lang='lat' dir='ltr'>a</span> <span class='ocrx_word' id='word_1_471' title='bbox 1643 4944 1713 5015; x_wconf 83' lang='lat' dir='ltr'>rili,</span> <span class='ocrx_word' id='word_1_472' title='bbox 1733 4959 1789 5003; x_wconf 91' lang='lat' dir='ltr'>so-</span> 
     </span>
     <span class='ocr_line' id='line_1_78' title="bbox 992 5042 1790 5118; baseline -0.008 -10"><span class='ocrx_word' id='word_1_473' title='bbox 992 5047 1038 5108; x_wconf 91' lang='lat' dir='ltr'>let</span> <span class='ocrx_word' id='word_1_474' title='bbox 1063 5046 1222 5107; x_wconf 87' lang='lat' dir='ltr'>Dominus</span> <span class='ocrx_word' id='word_1_475' title='bbox 1240 5045 1342 5106; x_wconf 87' lang='lat' dir='ltr'>vitam</span> <span class='ocrx_word' id='word_1_476' title='bbox 1364 5045 1513 5105; x_wconf 89' lang='lat' dir='ltr'>sanctam</span> <span class='ocrx_word' id='word_1_477' title='bbox 1533 5059 1647 5103; x_wconf 86' lang='lat' dir='ltr'>eorum</span> <span class='ocrx_word' id='word_1_478' title='bbox 1663 5042 1719 5118; x_wconf 89' lang='lat' dir='ltr'>qui</span> <span class='ocrx_word' id='word_1_479' title='bbox 1735 5056 1790 5102; x_wconf 91' lang='lat' dir='ltr'>se-</span> 
     </span>
     <span class='ocr_line' id='line_1_79' title="bbox 993 5139 1789 5218; baseline -0.005 -13"><span class='ocrx_word' id='word_1_480' title='bbox 993 5144 1204 5207; x_wconf 86' lang='lat' dir='ltr'>minaverunt</span> <span class='ocrx_word' id='word_1_481' title='bbox 1227 5143 1264 5202; x_wconf 91' lang='lat' dir='ltr'>in</span> <span class='ocrx_word' id='word_1_482' title='bbox 1295 5142 1467 5218; x_wconf 87' lang='lat' dir='ltr'>lacrymis,</span> <span class='ocrx_word' id='word_1_483' title='bbox 1491 5157 1530 5202; x_wconf 91' lang='lat' dir='ltr'>eo</span> <span class='ocrx_word' id='word_1_484' title='bbox 1553 5140 1639 5217; x_wconf 90' lang='lat' dir='ltr'>quod</span> <span class='ocrx_word' id='word_1_485' title='bbox 1662 5139 1789 5201; x_wconf 89' lang='lat' dir='ltr'>metunt</span> 
     </span>
     <span class='ocr_line' id='line_1_80' title="bbox 992 5238 1788 5313; baseline -0.008 -11"><span class='ocrx_word' id='word_1_486' title='bbox 992 5241 1027 5302; x_wconf 92' lang='lat' dir='ltr'>in</span> <span class='ocrx_word' id='word_1_487' title='bbox 1055 5238 1340 5303; x_wconf 84' lang='lat' dir='ltr'>benedictionibus</span> <span class='ocrx_word' id='word_1_488' title='bbox 1366 5238 1573 5300; x_wconf 88' lang='lat' dir='ltr'>abundanter</span> <span class='ocrx_word' id='word_1_489' title='bbox 1594 5238 1788 5313; x_wconf 87' lang='lat' dir='ltr'>plerumque</span> 
     </span>
     <span class='ocr_line' id='line_1_81' title="bbox 993 5333 1788 5412; baseline -0.009 -13"><span class='ocrx_word' id='word_1_490' title='bbox 993 5337 1163 5399; x_wconf 87' lang='lat' dir='ltr'>miraculis</span> <span class='ocrx_word' id='word_1_491' title='bbox 1179 5338 1376 5398; x_wconf 80' lang='lat' dir='ltr'>confirmare</span> <span class='ocrx_word' id='word_1_492' title='bbox 1389 5336 1558 5412; x_wconf 88' lang='lat' dir='ltr'>signisque</span> <span class='ocrx_word' id='word_1_493' title='bbox 1576 5333 1788 5410; x_wconf 85' lang='lat' dir='ltr'>sequentihus</span> 
     </span>
    </p>
   </div>
   <div class='ocr_carea' id='block_1_29' title="bbox 138 5431 1789 5625">
    <p class='ocr_par' dir='ltr' id='par_1_31' title="bbox 138 5431 1789 5625">
     <span class='ocr_line' id='line_1_82' title="bbox 138 5431 1789 5520; baseline -0.012 -10"><span class='ocrx_word' id='word_1_494' title='bbox 138 5447 300 5511; x_wconf 87' lang='lat' dir='ltr'>dunensis</span> <span class='ocrx_word' id='word_1_495' title='bbox 315 5445 348 5506; x_wconf 90' lang='lat' dir='ltr'>in</span> <span class='ocrx_word' id='word_1_496' title='bbox 364 5448 477 5506; x_wconf 88' lang='lat' dir='ltr'>nostra</span> <span class='ocrx_word' id='word_1_497' title='bbox 496 5444 574 5505; x_wconf 86' lang='lat' dir='ltr'>fecit</span> <span class='ocrx_word' id='word_1_498' title='bbox 588 5441 766 5520; x_wconf 88' lang='lat' dir='ltr'>praesentia</span> <span class='ocrx_word' id='word_1_499' title='bbox 788 5438 935 5511; x_wconf 89' lang='lat' dir='ltr'>recitari,</span> <span class='ocrx_word' id='word_1_500' title='bbox 993 5436 1153 5506; x_wconf 89' lang='lat' dir='ltr'>indicare,</span> <span class='ocrx_word' id='word_1_501' title='bbox 1170 5435 1255 5513; x_wconf 91' lang='lat' dir='ltr'>quod</span> <span class='ocrx_word' id='word_1_502' title='bbox 1275 5436 1325 5495; x_wconf 91' lang='lat' dir='ltr'>eis</span> <span class='ocrx_word' id='word_1_503' title='bbox 1350 5433 1558 5511; x_wconf 88' lang='lat' dir='ltr'>splendorem</span> <span class='ocrx_word' id='word_1_504' title='bbox 1578 5448 1637 5507; x_wconf 90' lang='lat' dir='ltr'>pro</span> <span class='ocrx_word' id='word_1_505' title='bbox 1661 5431 1789 5492; x_wconf 85' lang='lat' dir='ltr'>meritis</span> 
     </span>
     <span class='ocr_line' id='line_1_83' title="bbox 139 5529 1788 5625; baseline -0.01 -19"><span class='ocrx_word' id='word_1_506' title='bbox 139 5545 228 5625; x_wconf 90' lang='lat' dir='ltr'>quod</span> <span class='ocrx_word' id='word_1_507' title='bbox 256 5560 356 5620; x_wconf 89' lang='lat' dir='ltr'>quum</span> <span class='ocrx_word' id='word_1_508' title='bbox 371 5543 530 5603; x_wconf 68' lang='lat' dir='ltr'>Clemens</span> <span class='ocrx_word' id='word_1_509' title='bbox 562 5540 702 5602; x_wconf 87' lang='lat' dir='ltr'>clericus</span> <span class='ocrx_word' id='word_1_510' title='bbox 741 5536 937 5599; x_wconf 83' lang='lat' dir='ltr'>heneficium</span> <span class='ocrx_word' id='word_1_511' title='bbox 994 5534 1122 5595; x_wconf 89' lang='lat' dir='ltr'>dederit</span> <span class='ocrx_word' id='word_1_512' title='bbox 1132 5529 1702 5610; x_wconf 85' lang='lat' dir='ltr'>sempiternum.Hacigiturratione</span> <span class='ocrx_word' id='word_1_513' title='bbox 1714 5546 1788 5590; x_wconf 89' lang='lat' dir='ltr'>cum</span> 
     </span>
    </p>
   </div>
   <div class='ocr_carea' id='block_1_30' title="bbox 139 5626 1789 5724">
    <p class='ocr_par' dir='ltr' id='par_1_32' title="bbox 139 5626 1789 5724">
     <span class='ocr_line' id='line_1_84' title="bbox 139 5626 1789 5724; baseline -0.012 -19"><span class='ocrx_word' id='word_1_514' title='bbox 139 5641 334 5724; x_wconf 85' lang='lat' dir='ltr'>parochiale</span> <span class='ocrx_word' id='word_1_515' title='bbox 368 5643 557 5719; x_wconf 89' lang='lat' dir='ltr'>competens</span> <span class='ocrx_word' id='word_1_516' title='bbox 581 5638 615 5699; x_wconf 90' lang='lat' dir='ltr'>in</span> <span class='ocrx_word' id='word_1_517' title='bbox 642 5652 702 5699; x_wconf 89' lang='lat' dir='ltr'>sua</span> <span class='ocrx_word' id='word_1_518' title='bbox 726 5635 862 5697; x_wconf 86' lang='lat' dir='ltr'>dioecesi</span> <span class='ocrx_word' id='word_1_519' title='bbox 896 5632 940 5695; x_wconf 92' lang='lat' dir='ltr'>sit</span> <span class='ocrx_word' id='word_1_520' title='bbox 992 5629 1433 5707; x_wconf 75' lang='lat' dir='ltr'>tuiraterarchiepiscope,</span> <span class='ocrx_word' id='word_1_521' title='bbox 1455 5626 1550 5689; x_wconf 90' lang='lat' dir='ltr'>nobis</span> <span class='ocrx_word' id='word_1_522' title='bbox 1573 5626 1789 5705; x_wconf 87' lang='lat' dir='ltr'>saepiusinti-</span> 
     </span>
    </p>
   </div>
   <div class='ocr_carea' id='block_1_31' title="bbox 0 0 2003 6196">
    <p class='ocr_par' dir='ltr' id='par_1_33' title="bbox 0 0 2003 6196">
     <span class='ocr_line' id='line_1_85' title="bbox 0 0 2003 6196; baseline 0 0"><span class='ocrx_word' id='word_1_523' title='bbox 0 0 2003 6196; x_wconf 95' lang='lat' dir='ltr'> </span> 
     </span>
    </p>
   </div>
  </div>
 </body>
</html>
