3928 6200
187 326 247 385 359
645 329 821 392 HONORII
844 331 888 392 111
910 330 1060 394 OPERA.
1076 362 1117 379 -·
1138 334 1370 397 SERMONES.
1770 340 1835 403 360

186 482 233 563 2).
261 482 309 546 Ab
336 485 399 549 hoc
422 484 586 563 sanguine
614 488 696 565 petit
723 487 859 551 liberari
889 489 983 568 psal·
1036 489 1082 572 8).
1094 494 1186 556 'lunc
1200 494 1333 572 quidem
1346 508 1424 556 rere
1438 495 1587 572 pastores
1602 492 1831 573 appellamini,

186 582 285 645 mista
319 600 393 646 cum
422 585 501 646 ait:
533 588 658 649 Libera
686 602 743 650 me
772 590 813 650 de
840 592 985 666 sangni-
1036 590 1065 651 si
1081 590 1228 668 vigilatis
1243 593 1276 653 et
1294 592 1468 654 custodItis
1493 592 1626 669 vigilias
1643 594 1752 656 noctis
1767 611 1832 657 su-

186 684 301 754 ntbns,
331 686 437 754 Dens,
467 686 561 744 Dens
584 685 707 747 salutis
729 701 817 748 meoe
836 683 909 765 (Ps.
929 688 979 759 50,
1036 704 1096 765 per
1110 689 1267 766 populum
1280 688 1375 751 vobis
1388 690 1611 762 commissum,
1625 690 1832 754 excubantes

187 777 261 855 16).
294 782 504 855 Effuderunt
537 785 745 859 sanpstmem
781 785 983 847 sanctornm
1035 784 1070 846 in
1083 785 1248 848 castrisei
1262 786 1369 848 lucem
1382 788 1596 865 expectantes
1610 790 1834 866 propterpro-

187 877 327 939 inornm
351 881 388 953 in
408 880 556 941 circuitu
580 884 775 944 Jerusalem
788 881 857 962 (Ps.
873 881 979 963 78,5).
1035 881 1140 943 lixum
1155 883 1289 944 taedium
1304 884 1421 946 noctis.
1439 884 1596 946 solebant
1607 882 1735 964 antiqui
1748 902 1835 948 noc-

185 977 251 1036 Pro
266 976 429 1050 sanguine
443 977 508 1039 isto
524 977 668 1054 postulat
678 979 843 1041 vindicari
858 980 980 1042 charus
1034 980 1100 1040 tem
1109 979 1314 1056 distinguere
1330 982 1365 1041 in
1377 986 1520 1059 quatuor
1532 982 1678 1058 vigilias,
1688 1000 1831 1061 quarum

184 1073 512 1149 martyrumdicens:
535 1079 978 1154 Vindicosanpninemnos-
1034 1077 1141 1153 prima
1156 1077 1278 1139 dicitur
1296 1079 1521 1151 conticinium,
1547 1080 1692 1141 secunda
1713 1080 1833 1143 intem·

184 1171 280 1232 trnm
294 1174 352 1245 qni
362 1173 492 1246 emises
503 1173 666 1245 esi,Dens
677 1176 798 1236 noster
808 1174 922 1255 (Apoc.
932 1192 976 1249 vi,
1034 1175 1173 1250 pestum,
1193 1174 1291 1237 tertia
1313 1175 1530 1252 gallicinium,
1556 1179 1673 1254 quarta
1697 1179 1833 1239 antelu-

185 1266 248 1346 10).
276 1271 323 1329 De
348 1270 448 1331 tertio
475 1272 638 1348 sanguine
666 1271 809 1349 legitur:
836 1276 905 1335 Hic
927 1274 979 1336 est
1033 1272 1171 1332 carium.
1200 1272 1294 1335 Unde
1312 1275 1347 1333 in
1376 1274 1556 1350 Evangelio
1580 1275 1656 1336 aliis
1683 1275 1833 1337 nomini-

181 1370 325 1442 sangnis
344 1371 425 1429 novi
446 1370 665 1442 Testamenti,
695 1374 754 1445 qni
774 1386 843 1445 pro
861 1373 978 1433 mntiis
1031 1367 1114 1429 bus:
1131 1384 1217 1441 sero,
1228 1371 1286 1431 aut
1298 1370 1407 1431 media
1427 1373 1534 1443 nocte,
1550 1372 1608 1434 aut
1621 1371 1701 1448 galli
1714 1373 1829 1445 cantu,

174 1464 381 1543 *effandetnr
414 1470 452 1527 in
486 1469 729 1530 remissionem
753 1470 977 1542 peccatorem
1032 1467 1090 1528 aut
1105 1482 1214 1527 mane.
1229 1470 1269 1528 Et
1286 1467 1366 1529 alibi
1388 1470 1496 1529 Lucas
1510 1470 1575 1530 :nt
1597 1473 1630 1530 si
1643 1469 1830 1530 veneritin

183 1560 315 1640 (Mattb.
331 1580 424 1636 xxm,
447 1562 513 1644 28).
529 1565 694 1627 Perhunc
706 1567 901 1642 sanguinem
916 1581 976 1627 re·
1030 1567 1180 1625 secunda
1194 1568 1322 1640 cipitia,
1338 1566 1372 1627 ei
1381 1570 1413 1627 si
1426 1569 1463 1626 in
1476 1567 1581 1627 tertio
1592 1569 1711 1643 vipitio
1723 1582 1832 1628 vene-

182 1660 349 1737 demptum
357 1662 408 1722 est
415 1662 807 1741 genushumanum,quia
815 1664 977 1741 redempti
1030 1661 1209 1733 micitia
1232 1664 1417 1734 invenerit,
1443 1664 1532 1725 beati
1554 1665 1636 1724 suni
1660 1667 1757 1725 serm
1778 1667 1831 1725 iiii

181 1760 259 1819 sunt
284 1775 352 1819 non
374 1759 645 1836 corruptibilibus
665 1775 748 1821 auro
768 1761 802 1822 et
824 1762 973 1838 argento,
1031 1754 1125 1835 (Luc.
1137 1773 1197 1829 ιιι,
1209 1757 1456 1836 38).Dequarta
1469 1760 1566 1831 tacet,
1577 1759 1634 1820 sed
1650 1760 1830 1822 Matthaeus

182 1856 240 1915 sed
252 1857 396 1932 pretioso
416 1858 579 1933 sanguine
593 1861 679 1934 Agni
693 1859 909 1920 immaculati.
1030 1854 1121 1927 dicit,
1139 1855 1226 1932 quod
1237 1858 1334 1917 Jesus
1347 1856 1466 1932 quarta
1478 1857 1596 1932 vigilia
1610 1857 1703 1918 venit
1716 1856 1830 1919 adeas

87 2025 90 2031 A
221 1955 346 2030 ltaque,
361 1953 494 2028 iratres,
512 1971 571 2032 pro
596 1971 709 2016 amore
730 1956 830 2034 hujus
845 1956 975 2033 pretio·
1030 1951 1203 2012 ambulans
1219 1968 1318 2030 super
1330 1968 1444 2030 aquas.
1462 1953 1532 2015 Nos
1542 1955 1654 2015 autem
1666 1955 1723 2031 qui
1737 1970 1831 2015 sem-

181 2051 307 2111 sissimi
322 2052 496 2129 sanguinis
517 2053 719 2129 deponamus
745 2054 892 2116 veterem
914 2054 977 2115 lio-
1030 2065 1090 2125 per
1104 2051 1138 2111 in
1154 2052 1251 2112 nocte
1264 2051 1364 2127 hujus
1377 2051 1492 2112 mundi
1507 2050 1664 2112 debemus
1681 2052 1831 2113 essesol·

179 2148 302 2209 minem
337 2165 413 2210 cum
441 2149 571 2212 actibus
607 2151 694 2223 suis,
731 2153 764 2213 et
798 2151 975 2213 induamus
1030 2148 1112 2210 liciti
1128 2151 1245 2210 contra
1259 2149 1372 2210 hostes
1387 2150 1420 2210 et
1433 2150 1610 2226 expectare
1621 2149 1727 2211 lucem
1739 2165 1829 2211 uen-

178 2262 300 2307 novum
332 2248 389 2324 qui
420 2248 600 2309 secundum
633 2251 737 2310 Deum
760 2251 891 2310 creatus
912 2251 972 2311 est.
1029 2249 1154 2319 turam,
1184 2247 1287 2319 idest,
1314 2247 1491 2307 adventum
1515 2247 1656 2323 judicis,
1684 2246 1830 2308 dicimus

178 2346 408 2421 Expurgemus
436 2346 532 2406 vetus
563 2345 778 2420 fermentum,
809 2348 846 2407 ut
871 2347 974 2408 simus
1030 2346 1171 2422 primam
1185 2344 1336 2420 vigiliam
1347 2345 1510 2422 pueritiae,
1520 2345 1829 2423 secundamjuven·

178 2457 265 2501 nova
280 2442 484 2518 conspersis,
499 2443 532 2503 et
546 2443 633 2505 sicut
647 2443 860 2504 exhibuimus
875 2460 975 2505 mem·
1028 2442 1119 2514 tutis,
1138 2443 1271 2504 tertiam
1293 2442 1484 2508 senectutis,
1502 2445 1666 2521 quartam,
1689 2441 1767 2505 licet
1788 2443 1828 2504 in

176 2536 237 2599 bra
250 2541 363 2600 nostra
379 2540 505 2601 servire
520 2540 689 2616 iniquitati
698 2540 738 2601 ad
752 2541 972 2618 iniquitatem,
1029 2540 1185 2601 Mattbaea
1201 2538 1330 2601 dicatur
1347 2540 1478 2601 initium
1494 2540 1570 2601 iidei
1585 2540 1826 2614 illucescentis,

177 2634 224 2697 ita
247 2651 336 2697 nunc
357 2636 575 2697 exhibeamus
590 2653 630 2698 ea
645 2638 772 2700 servire
782 2639 922 2715 justitiae
938 2639 973 2700 in
1028 2637 1083 2698 bic
1096 2636 1236 2698 dicimus
1254 2637 1404 2712 vigiliam
1424 2638 1599 2714 decrepitae
1615 2638 1732 2699 aetatis.
1758 2641 1831 2700 Do-

176 2733 451 2796 sanctiilcatiane.
469 2735 600 2796 Scimus
619 2736 707 2797 anim
723 2737 801 2814 quia
816 2751 906 2798 mors
920 2738 974 2797 in·
1028 2736 1138 2796 minus
1151 2736 1262 2796 autem
1275 2734 1425 2795 ordinem
1446 2736 1672 2796 necessarium
1699 2737 1825 2809 servat,

174 2832 241 2894 irat
255 2848 316 2909 per
328 2832 493 2894 fenestras
508 2850 677 2907 sensuum,
692 2835 726 2896 et
739 2834 815 2896 ideo
837 2835 972 2911 dignum
1028 2833 1207 2894 secundum
1232 2832 1318 2909 quad
1334 2832 1473 2910 quisque
1490 2833 1597 2908 magis
1614 2832 1754 2909 vigilare
1774 2834 1830 2895 te-

175 2932 237 2999 est,
264 2932 299 2991 ui
327 2931 384 3008 qui
408 2930 533 2993 fuerint
554 2932 777 2995 instrumenta
792 2933 919 3010 peccati
940 2935 973 2995 et
1027 2933 1134 2992 netur.
1155 2931 1234 2991 Plus
1263 2930 1351 2991 enim
1373 2929 1516 3005 vigilare
1541 2930 1674 2991 tenetur
1701 2946 1826 3001 senex,

175 3027 354 3090 servierint
363 3028 506 3101 diabalo,
515 3045 604 3091 nunc
614 3030 682 3090 sint
689 3046 769 3091 vasa
783 3031 973 3093 sanctitica-
1027 3044 1125 3105 quam
1138 3028 1273 3104 juvenis
1289 3029 1321 3089 et
1336 3027 1408 3104 plus
1419 3027 1554 3104 juvenis
1577 3043 1677 3105 quam
1691 3027 1829 3089 adoles-

173 3125 275 3187 tionis
291 3128 323 3187 et
338 3126 487 3187 serviant
499 3128 579 3188 Jesu
601 3127 743 3199 Christo,
759 3129 796 3189 ut
814 3129 868 3190 cui
892 3129 971 3190 olim
1027 3142 1116 3199 cens,
1142 3128 1176 3187 et
1195 3126 1269 3203 plus
1298 3125 1491 3187 adolescens
1515 3141 1615 3202 quam
1643 3140 1735 3202 puer.
1763 3125 1828 3186 Vel

174 3223 248 3282 erat
270 3220 362 3282 frons
386 3222 572 3283 meretricis
595 3224 633 3284 ut
662 3223 766 3285 nollet
784 3223 971 3303 ‘aliquando
1027 3223 1146 3300 potius,
1175 3223 1253 3301 quia
1276 3222 1376 3284 homo
1393 3221 1543 3283 nascitur
1570 3221 1612 3283 ad
1638 3222 1823 3295 miseriam,

174 3317 370 3380 erubescere
389 3320 422 3380 et
435 3318 568 3380 erubuit
590 3320 758 3382 Christum
774 3336 886 3382 coram
909 3321 972 3383 bo-
1025 3324 1104 3383 tunc
1122 3321 1241 3397 incipit
1254 3320 1286 3381 ei
1299 3335 1376 3381 nox.
1393 3321 1473 3380 Cum
1488 3321 1599 3381 autem
1617 3318 1758 3382 moritur
1781 3319 1828 3380 ad

174 3415 331 3488 minibus,
352 3432 441 3478 nunc
468 3416 504 3477 in
531 3417 609 3478 sede
634 3418 782 3496 pudoris,
804 3419 906 3492 idest,
934 3419 970 3480 in
1026 3418 1267 3490 salutem,tunc
1283 3417 1401 3493 incipit
1420 3418 1501 3477 dies.

173 3513 284 3575 fronte
307 3515 416 3575 crucis
439 3515 600 3576 uexillum
627 3515 793 3592 praeierat,
813 3517 846 3578 ei
866 3517 972 3579 conil-
1065 3517 1166 3577 Recte
1178 3528 1326 3592 persero
1340 3514 1485 3591 quadest
1500 3514 1604 3582 noctis
1617 3514 1759 3586 initium,
1775 3513 1829 3575 in·

174 3610 274 3672 tendo
287 3611 453 3672 Christum
478 3628 591 3674 coram
613 3612 815 3684 haminibus,
838 3614 925 3676 absit
940 3614 971 3676 ei
1025 3612 1187 3689 telligitur
1202 3611 1356 3689 pueritia.
1372 3614 1552 3673 Permane
1565 3627 1657 3683 vero,
1670 3611 1755 3688 quod
1771 3613 1827 3674 est
1897 3618 1903 3625 '

174 3708 314 3785 gloriari
340 3709 406 3770 nisi
427 3710 463 3771 in
485 3726 584 3772 cruce
608 3711 738 3773 Domini
760 3712 866 3774 nostri
891 3715 971 3775 Jesu
1026 3710 1101 3771 tinis
1114 3709 1231 3782 noctis
1247 3711 1399 3771 senectus
1418 3708 1592 3786 accipitur,
1608 3708 1642 3769 et
1658 3707 1733 3770 ideo
1752 3710 1825 3769 Do-

174 3807 308 3868 Christi.
334 3810 391 3870 Est
410 3809 577 3885 ergohaec
592 3810 804 3872 commutatio
824 3810 970 3873 oexnrae
1025 3807 1135 3869 minus
1149 3807 1242 3884 prius
1256 3808 1491 3889 commemorat
1512 3821 1586 3867 sero
1600 3822 1698 3883 quam
1711 3821 1824 3879 mane,
1860 3828 1866 3835 ·

173 3906 318 3978 Excelsi,
337 3905 496 3974 tribuere,
524 3906 653 3968 scilicet
670 3908 804 3969 terrena
823 3923 883 3986 pro
903 3925 972 3970 coe-
1025 3905 1113 3966 uide
1128 3906 1223 3966 nocte
1244 3905 1452 3966 transeamus
1473 3903 1514 3964 ad
1539 3903 1637 3975 diem,
1659 3903 1757 3971 idest,
1782 3900 1827 3965 de

174 4003 324 4073 lestibus,
341 4004 528 4081 corporalia
543 4019 602 4082 pro
619 4005 859 4083 spiritualibus
874 4008 970 4068 tran·
1025 4002 1160 4063 miseria
1182 4002 1259 4063 vitae
1274 4000 1448 4078 praesentis
1464 4000 1504 4061 ad
1520 4000 1662 4077 gloriam
1674 4000 1751 4062 vitae
1764 3999 1825 4061 lu-

175 4101 291 4162 sitoria
319 4117 379 4177 pro
408 4101 554 4162 aeternis.
581 4102 705 4178 Vigilei
726 4117 804 4178 ergo
832 4103 971 4181 quilibet
1025 4101 1120 4162 turae.
1135 4100 1174 4161 Et
1186 4098 1264 4177 quia
1277 4115 1345 4160 nox
1354 4099 1404 4160 est
1413 4099 1481 4159 vita
1497 4113 1656 4175 praesens,
1674 4097 1825 4175 psalmus

173 4201 322 4259 nestrum
334 4196 513 4270 etlaboret,
526 4198 733 4276 etimplendo
747 4216 842 4261 suum
858 4200 971 4262 minis·
1025 4197 1107 4258 dicit
1123 4214 1130 4257 :
1145 4197 1373 4258 Dormiemmi
1387 4211 1548 4257 soranum
1561 4211 1675 4267 sunm,
1690 4196 1724 4256 et
1737 4198 1826 4258 ninii

174 4293 295 4354 terium
311 4292 411 4354 iaciat
423 4311 506 4371 opus
521 4295 747 4371 evangelista,
763 4296 833 4357 sive
848 4297 972 4373 praedi·
1025 4295 1234 4356 iriacnernnt
1248 4307 1366 4354 omnes
1386 4296 1457 4354 oiri
1470 4293 1674 4353 divitiarum
1689 4296 1726 4352 in
1745 4308 1829 4354 ma-

175 4382 308 4461 catoris,
322 4389 409 4451 sicut
421 4390 557 4453 cuilibet
568 4393 715 4453 vestrum
729 4392 810 4455 dicit
824 4394 968 4455 Paulus:
1023 4394 1124 4452 aribus
1149 4394 1224 4452 snis
1234 4388 1303 4470 (Ps.
1319 4393 1370 4462 75,
1386 4387 1431 4469 6).
1446 4392 1517 4450 Duo
1532 4404 1675 4466 namque
1687 4389 1828 4466 praemi-

175 4492 225 4549 Pn
245 4503 329 4550 vera
355 4491 459 4565 vigila
486 4493 524 4550 in
547 4493 714 4562 mnntdns,
736 4494 864 4563 labaro,
886 4507 971 4566 opiis
1025 4489 1129 4564 serat3
1142 4488 1289 4564 vigilate,
1302 4487 1441 4559 scilicet,
1454 4486 1531 4564 quia
1544 4485 1680 4548 nescitis
1691 4484 1827 4564 quando

173 4590 229 4662 iac
242 4586 472 4663 evangelistae,
494 4588 730 4649 ministerium
754 4589 853 4650 tunm
868 4592 971 4662 impie
1024 4587 1185 4647 Dominus
1212 4587 1335 4647 veniat.
1365 4587 1402 4645 ln
1430 4586 1537 4662 prima
1560 4584 1692 4662 quidam
1711 4584 1824 4658 aetate,

174 4682 220 4762 (ll
231 4684 314 4745 Tim.
329 4698 375 4756 1v,
393 4682 438 4764 5).
627 4704 629 4709 ’
1026 4684 1104 4746 licet
1123 4684 1221 4745 bomo
1236 4682 1364 4744 nesciat
1378 4681 1510 4759 quanda
1524 4681 1683 4742 Dominus
1695 4682 1824 4755 veniat,

213 4781 340 4843 Debent
354 4782 454 4843 etiam
479 4782 609 4860 praelati
623 4782 764 4860 vigilare
783 4799 843 4861 per
857 4784 971 4846 custo-
1024 4783 1135 4843 tamen
1158 4779 1347 4842 nonhabet
1373 4796 1455 4857 opus
1481 4779 1633 4855 vigilare,
1650 4779 1728 4856 quia
1754 4795 1826 4840 non

173 4879 275 4939 diam.
304 4879 473 4956 aquibus
499 4881 588 4941 enim
618 4884 726 4958 major
753 4883 883 4944 cautela
912 4884 970 4942 aut
1025 4876 1824 4960 soletinianseaaetatepeccare.lnultimavero,

172 4980 280 5055 major
290 4976 543 5054 circumspectio
559 4978 716 5055 exigitur,
731 4995 829 5057 quam
846 4978 886 5040 ab
902 4979 969 5040 illis
1024 4976 1102 5039 licet
1114 4975 1235 5038 babeat
1242 4992 1325 5053 opus
1334 4974 1506 5050 vigilandi,
1517 4975 1580 5035 scit
1588 4975 1700 5035 tamen
1710 4974 1827 5035 decre·

172 5090 233 5154 per
260 5089 342 5152 quos
368 5091 452 5151 grex
475 5076 606 5137 Domini
628 5076 664 5137 in
683 5077 793 5139 medio
816 5077 969 5155 luporum
1024 5075 1112 5151 pitus
1123 5074 1208 5152 quod
1224 5089 1263 5135 ea
1277 5074 1374 5135 aetate
1387 5073 1545 5134 Dominus
1553 5071 1654 5144 venit,
1664 5072 1825 5149 quoniam

173 5172 369 5244 custoditur,
400 5188 442 5233 ne
467 5172 548 5250 lupi,
575 5173 671 5247 idest,
695 5173 861 5237 daemones
883 5174 971 5236 irre-
1024 5172 1105 5231 aetas
1119 5169 1177 5230 illa
1193 5171 1298 5230 morte
1311 5167 1435 5228 finitur.
1447 5167 1540 5228 Licet
1551 5164 1825 5227 autemomnibus

172 5273 273 5349 pant,
305 5284 384 5331 oves
407 5268 601 5346 dispergant
621 5272 654 5333 et
676 5272 831 5348 peccanti
855 5272 969 5349 Itaque
1024 5269 1225 5344 praeceptum
1253 5266 1297 5328 sit
1321 5265 1478 5342 vigilare,
1508 5264 1689 5325 secundum
1715 5263 1824 5325 illudi

173 5382 320 5444 congrue
335 5367 370 5428 in
397 5367 578 5444 Evangelio
600 5368 730 5446 praelati
750 5370 900 5446 pastores
915 5385 970 5446 ap
1024 5368 1117 5431 Qitod
1151 5368 1245 5426 vobis
1270 5366 1354 5432 dico,
1384 5366 1540 5425 omnibns
1567 5365 1652 5433 dico,
1679 5363 1825 5437 vtpaate

173 5464 368 5542 pellantur:
393 5466 440 5528 Ei
457 5465 619 5540 pastores
643 5468 758 5539 erarii,
785 5466 904 5544 inquit,
932 5470 969 5529 in
1025 5461 1141 5541 (Marc.
1159 5478 1234 5529 1111,
1247 5460 1313 5540 37).
1332 5460 1528 5538 specialiter
1540 5462 1652 5522 tamen
1672 5458 1823 5535 praelatis

172 5565 315 5638 regione
342 5566 463 5625 eodem
481 5564 663 5639 vigilantes
684 5565 717 5626 et
740 5565 969 5626 custodientes
1023 5560 1193 5633 Ecclesiae,
1217 5559 1396 5620 secundum
1422 5557 1505 5618 illud
1529 5579 1537 5617 :
1559 5557 1713 5619 ianitori
1723 5571 1825 5630 prce-

172 5662 310 5734 nipttias
324 5661 546 5735 noctissnper
556 5677 699 5739 gregem
710 5660 913 5741 snnniibuc.
929 5674 965 5733 11,
1022 5658 1112 5735 cepit
1123 5659 1161 5722 nt
1171 5658 1287 5736 vigilet
1296 5654 1413 5737 (Marc.
1425 5672 1498 5728 mn,
1510 5653 1717 5735 Sallenites
1728 5654 1822 5716 enim
