3928 6200
205 314 245 374 sa
818 318 995 380 nononn
1017 317 1063 380 111
1084 315 1231 379 nessa.
1694 270 1698 275 ¹
1813 318 1852 381 sl

247 473 317 535 Etsi
330 474 519 551 Apostollca
535 473 636 537 Sedes
652 476 810 555 tanquam
826 479 882 554 pia
897 478 1003 540 mater

207 586 321 632 curam
340 574 435 647 gerat
449 574 483 634 et
500 571 759 636 sollicitudinem
781 575 999 651 singulorum,

206 667 334 731 devotis
348 671 514 746 praecipue
526 686 565 731 ac
579 670 769 735 domesticis
784 673 862 735 nliis
877 675 1002 735 mater-

206 782 260 827 nae
274 767 407 843 pietatis
429 767 591 843 gremium
617 771 792 834 consuevit
809 786 849 834 eo
869 771 1001 833 facilius

207 865 350 940 aperire,
367 881 432 941 quo
451 880 507 927 eos
523 866 588 928 sibi
602 868 745 931 assiduae
763 869 1001 930 familiaritatis

207 960 326 1023 devota
352 962 487 1025 servitia
504 966 782 1029 recommendant.
799 969 879 1029 Cum
900 966 1002 1042 igitur

207 1058 347 1121 dilectus
359 1059 449 1122 filius
459 1064 618 1138 magister
627 1064 711 1126 Otho
725 1065 866 1142 scriptor
876 1065 998 1137 noster,

208 1158 389 1219 canonicus
403 1160 554 1222 ecclesiae
575 1163 695 1224 restrae
716 1164 811 1238 grata
834 1161 929 1225 robis
939 1164 1000 1238 ju-

206 1255 295 1329 giter
308 1255 478 1332 impendat
500 1257 720 1336 obsequiani
740 1276 806 1321 non
828 1260 938 1320 minus
953 1260 1001 1320 sic

208 1351 328 1413 absens
344 1370 442 1431 quam
458 1371 605 1432 praesens
624 1357 730 1419 eidem
745 1357 895 1418 ecclesiae
910 1356 1003 1417 utili-

207 1450 259 1511 ter
273 1449 444 1525 habeatur,
462 1454 713 1517 universitatem
727 1458 871 1517 vestram
886 1470 1002 1531 rogan·

208 1548 285 1609 dam
311 1549 466 1611 duximus
498 1553 531 1613 et
562 1554 774 1627 monendam,
805 1571 865 1632 per
891 1558 1001 1631 Apos-

207 1646 307 1707 tolica
320 1647 413 1708 vobis
426 1650 548 1726 scripta
556 1651 779 1729 praecipiendo
794 1651 1000 1725 mandantes,

209 1745 372 1820 quatenus
387 1746 493 1807 eidem
510 1748 546 1808 in
567 1751 680 1810 nostro
702 1750 839 1812 servitio
856 1766 1003 1812 commo-

209 1842 298 1903 ranti
319 1842 360 1905 ob
384 1846 605 1908 reverentiam
627 1848 825 1924 apostolice
854 1847 949 1910 Sedis
970 1848 1003 1910 et

208 1940 369 2013 nostram,
386 1942 558 2005 annuatim
582 1944 708 2006 fructus
732 1945 917 2023 prebendae
932 1962 1001 2007 suae

208 2036 418 2113 integraliter
448 2040 637 2117 assignetis,
672 2043 915 2106 satisfacientes
938 2041 1002 2105 sibi

209 2150 355 2209 congrue
370 2136 411 2197 de
424 2136 612 2211 subtractis,
625 2156 691 2201 non
701 2141 852 2203 obstante
862 2157 1004 2204 consue-

208 2231 323 2293 tudine
338 2249 436 2309 quam
452 2251 552 2312 super
566 2236 629 2299 hoc
643 2240 758 2301 contra
773 2238 926 2301 absentes
940 2256 1001 2301 ca-

208 2329 349 2391 nonicos
371 2331 459 2393 inter
481 2348 540 2395 vos
566 2334 688 2397 dicitur
710 2330 902 2412 emanasse}
929 2352 1003 2398 cum

209 2425 393 2490 familiares
404 2430 509 2491 nostri
525 2447 589 2509 quo
602 2433 692 2494 circa
703 2449 764 2495 nos
777 2450 817 2495 se
833 2432 1005 2512 obsequia·

210 2522 260 2585 les
274 2526 433 2589 exhibent
448 2528 624 2602 universis,
643 2530 765 2592 minori
780 2547 848 2593 non
863 2531 1005 2594 debeant

210 2624 431 2700 praerogativa
453 2625 597 2701 gaudere
622 2644 721 2704 quam
744 2629 856 2691 vestra
878 2629 1004 2705 singuli

211 2736 352 2796 quorum
362 2724 496 2798 negotia
506 2740 566 2801 per
577 2725 667 2804 ipsos
680 2727 802 2804 saepius
812 2742 1005 2806 promoven·

210 2818 275 2879 tur.
301 2821 507 2898 Praeceptum
526 2823 744 2899 apostolicum
763 2824 875 2887 taliter
885 2825 1005 2902 imple-

211 2915 289 2988 turi,
307 2917 536 2996 quodpropter
547 2920 611 2983 hoc
622 2920 716 2983 vobis
728 2921 843 2983 durius
859 2922 1004 2985 scribere

211 3028 279 3073 non
291 3029 458 3090 cogamur.
471 3018 590 3079 Datum
604 3018 771 3092 Laterani,
784 3021 875 3082 XVII
888 3018 1005 3081 kalen·

211 3109 270 3172 das
285 3111 481 3187 decembris,
499 3130 588 3176 anno
602 3115 720 3193 primo.

560 3354 648 3442 LXI

232 3568 284 3631 Ad
298 3570 719 3645 Dorninicumcpiscopum
731 3571 984 3634 Placentinum.

500 3683 533 3741 le
548 3698 615 3741 nov.
637 3684 715 3742 1216.

314 3807 479 3870 [fernandez.
492 3807 605 3860 Historia
619 3808 652 3859 de
662 3807 801 3872 Phaeacia,
812 3824 837 3874 p.
847 3806 904 3872 dl.)

210 3950 352 4025 Episcopo
366 3953 532 4011 Placentino
550 3954 687 4013 ecclesias
701 3955 736 4013 de
752 3955 836 4029 Beier
859 3963 887 4014 et
902 3956 937 4016 de
947 3966 1004 4018 ter·

435 4044 522 4101 minis
539 4046 600 4102 suis
615 4045 775 4102 confirmat.

250 4185 418 4247 Honorius
426 4188 611 4265 episcopus,
624 4204 740 4250 servus
749 4206 921 4253 servorum
933 4194 1004 4263 Dei,

210 4281 395 4343 venerabili
415 4282 510 4345 fratri
529 4285 700 4346 Dominico
725 4286 890 4364 episcopo,
907 4290 940 4350 et
954 4290 1008 4353 di·

210 4376 305 4439 lectis
332 4379 410 4440 filiis
439 4382 575 4458 capituli
590 4382 787 4456 Placentini,
809 4383 950 4448 salutem
974 4388 1007 4450 et

210 4475 427 4552 apostolicam
440 4477 716 4542 benedictionem.

252 4576 289 4635 In
320 4575 461 4651 regestis
488 4575 595 4638 felicis
630 4577 799 4641 memoriae
827 4579 1006 4642 Clementis

211 4688 305 4751 papae
326 4673 582 4751 praedecessoris
600 4674 707 4738 nostri
727 4675 856 4739 litteras
868 4676 1006 4740 inveni-

210 4789 284 4834 mus
300 4773 335 4834 in
351 4773 441 4834 hunc
453 4773 586 4835 modum
603 4795 610 4834 :

250 4872 444 4933 «Clemens
467 4872 653 4950 episcopus,
686 4888 802 4935 servus
833 4888 1006 4936 servorum

211 4986 230 5030 a
251 4969 322 5036 Dei,
334 4971 507 5031 carissimo
525 4970 560 5033 in
578 4970 708 5031 Christo
721 4971 789 5032 filio
799 4971 922 5033 illustri
934 4972 1007 5047 regi

210 5084 230 5129 a
252 5067 403 5129 castellae
428 5068 610 5144 alphonso,
631 5069 826 5131 salutemet
847 5070 1008 5147 apostoli-

211 5184 230 5228 «
252 5165 616 5226 cambenedictionem.

250 5266 383 5324 «Tunc
418 5262 477 5323 Dei
508 5261 752 5339 beneplacitum
785 5263 819 5324 in
853 5264 1008 5327 humanis

211 5379 230 5423 a
251 5361 407 5438 impletur
430 5359 570 5433 actibus,
594 5377 669 5421 cum
697 5362 799 5422 corda
820 5361 1008 5440 principum

211 5477 231 5520 a
252 5458 372 5521 adhoc
395 5458 617 5536 conspicimus
641 5457 769 5519 viribus
793 5460 873 5521 totis
895 5460 1009 5522 inten-

211 5572 231 5615 ‹
252 5554 342 5627 dere,
366 5556 402 5618 ut
415 5557 524 5618 cultus
545 5554 655 5619 divini
677 5555 823 5618 nominis
838 5556 1006 5632 dilatetur,

213 5650 437 5731 ‹etfiinimici
472 5654 549 5716 fidei
582 5653 754 5717 catholicae
780 5654 1006 5719 conterantur.

1056 494 1075 538 c
1097 474 1267 538 undenos
1289 474 1346 552 qui
1361 473 1585 552 quorumlibet
1607 474 1663 552 pia
1686 475 1852 539 desideria

1055 590 1074 634 ‹
1096 571 1238 651 quadarn
1253 588 1356 633 manu
1368 571 1603 634 sollicitudinis
1618 573 1780 651 adjuvare
1802 575 1856 635 te-

1056 687 1075 731 «
1096 686 1226 738 nemur,
1241 670 1335 731 tanto
1361 670 1402 731 ad
1423 670 1658 747 conceptorum
1681 672 1856 733 executio-

1055 785 1074 828 «
1096 784 1173 828 nem
1191 782 1249 829 eos
1272 766 1424 829 volumus
1444 767 1597 842 diligenti
1618 768 1855 831 exhortatione

1055 864 1264 937 «inducere,
1290 865 1324 926 et
1345 864 1538 938 annuendo,
1561 881 1635 942 quae
1670 866 1852 943 postulant,

1055 961 1252 1031 «inritare,
1280 963 1405 1039 quanto
1435 962 1490 1040 pia
1522 962 1673 1035 exordia,
1711 979 1787 1041 quae
1814 963 1855 1026 de

1055 1059 1183 1121 «bona
1214 1059 1400 1121 intentione
1439 1058 1633 1137 procedunt,
1661 1063 1852 1138 sperantur,

1055 1156 1350 1219 «laudabiliorum
1378 1158 1471 1219 exitu
1496 1158 1737 1220 concludenda.
1771 1159 1854 1221 Inde

1055 1271 1074 1316 a
1095 1256 1156 1327 est,
1172 1255 1258 1333 quod
1273 1255 1491 1317 intentionem
1505 1257 1632 1332 regiam
1652 1255 1761 1318 modis
1777 1272 1853 1318 om-

1056 1352 1193 1415 ‹uibus
1221 1353 1501 1426 commendantes,
1533 1353 1574 1415 de
1604 1354 1853 1430 amplificandis

1055 1468 1074 1512 ‹
1096 1450 1295 1512 Christianae
1309 1450 1483 1527 religionis
1504 1452 1667 1524 terminis,
1680 1455 1753 1530 jam
1773 1468 1854 1514 con-

1056 1565 1075 1609 e
1096 1549 1224 1625 ceptam
1243 1548 1280 1609 in
1305 1549 1500 1610 Placentina
1524 1548 1669 1623 civitate,
1692 1565 1793 1627 quam
1818 1550 1854 1610 in

1057 1647 1187 1707 «terra
1210 1661 1271 1723 per
1300 1645 1532 1708 strenuitatem
1559 1647 1651 1707 tuam
1682 1647 1724 1708 de
1751 1662 1852 1708 manu

1056 1759 1075 1804 ‹
1096 1743 1367 1804 Hismaelitarum
1388 1743 1566 1821 adquisita,
1584 1744 1699 1806 divina
1711 1760 1851 1822 prospe-

1056 1841 1192 1903 ‹rante
1215 1841 1401 1914 clementia,
1425 1841 1602 1919 populasse
1632 1842 1850 1919 dignosceris,

1056 1956 1076 1999 a
1096 1938 1293 2001 auctoritate
1304 1938 1722 2017 Apostolicaepiscopalem
1737 1939 1854 2001 cathe-

1057 2053 1076 2097 a
1097 2036 1191 2097 dram
1203 2036 1447 2098 constituimus.
1455 2037 1631 2099 Dioecesim
1643 2052 1775 2115 quoque
1791 2037 1854 2098 ha·

1057 2133 1237 2196 ‹bendam
1254 2136 1353 2212 juxta
1377 2135 1627 2212 dispositionem
1648 2134 1789 2211 regiam,
1811 2133 1853 2196 ab

1057 2249 1076 2293 ‹
1096 2231 1212 2293 eadem
1226 2231 1367 2294 ecclesia
1382 2232 1566 2295 cathedrali
1576 2232 1799 2304 decernimus,
1816 2235 1854 2294 ut

1057 2346 1076 2390 a
1097 2329 1198 2403 villae,
1214 2329 1300 2391 sicut
1314 2330 1470 2408 praesenti
1484 2330 1608 2407 scripto
1628 2329 1852 2403 concluditur,

1057 2442 1076 2486 a
1097 2442 1171 2504 quae
1186 2442 1247 2490 sua
1268 2429 1346 2489 sunt
1360 2427 1392 2489 ei
1404 2427 1581 2504 largitione
1593 2443 1753 2490 concessa
1765 2427 1854 2488 dice-

1057 2539 1219 2585 ‹cesano
1243 2526 1321 2602 jure
1346 2524 1388 2586 ad
1419 2540 1494 2586 eam
1522 2526 1680 2602 perpetuo
1711 2524 1856 2587 debeant

1058 2620 1298 2699 «pertineret
1323 2622 1514 2699 Turgellum
1541 2622 1685 2695 scilicet,
1717 2623 1752 2683 et
1783 2624 1857 2684 Me-

1058 2718 1270 2791 «hellinum,
1286 2718 1320 2781 et
1342 2721 1437 2781 Mons
1465 2718 1646 2795 fragorum,
1671 2721 1706 2783 et
1731 2721 1856 2781 Sauta-

1058 2832 1183 2878 ‹crux
1203 2832 1278 2878 cum
1299 2816 1451 2879 omnibus
1473 2816 1683 2895 pertinentiis
1704 2816 1787 2878 suis.
1813 2818 1858 2879 Ut
1882 2801 1886 2809 ’

1058 2931 1077 2976 e
1098 2915 1209 2976 autem
1224 2913 1296 2976 haec
1314 2914 1487 2977 concessio
1509 2914 1630 2977 futuris
1650 2914 1856 2991 temporibus

1058 3012 1232 3088 «integra
1262 3012 1297 3074 et
1323 3011 1453 3075 illibata
1480 3012 1651 3085 servetur,
1679 3013 1857 3074 stabilimus

1059 3126 1078 3171 ‹
1099 3111 1136 3171 ut
1151 3109 1235 3171 nulli
1247 3109 1383 3172 omnino
1404 3108 1578 3171 hominum
1604 3110 1714 3180 liceat,
1739 3112 1802 3173 etc.
1821 3110 1857 3171 Si

1058 3225 1077 3268 a
1099 3207 1174 3286 quis
1189 3207 1310 3280 autem,
1325 3207 1388 3271 etc.

1099 3322 1118 3366 a
1139 3306 1209 3367 Nos
1230 3305 1342 3383 igitur,
1368 3306 1619 3367 concessionem
1644 3305 1795 3367 eamdem
1814 3304 1858 3367 ad

1059 3418 1215 3481 «preces
1247 3402 1413 3465 carissimi
1443 3403 1480 3464 in
1504 3403 1636 3466 Christo
1664 3402 1728 3464 filii
1749 3402 1860 3465 nostri

1059 3516 1078 3560 a
1099 3500 1311 3573 herdinensi,
1319 3500 1460 3562 illustris
1471 3500 1560 3577 regis
1576 3500 1862 3573 castellaeaucto·

1059 3616 1078 3661 e
1098 3598 1197 3660 ritate
1208 3597 1398 3675 apostolica
1410 3597 1655 3671 confirmamus,
1670 3598 1703 3660 et
1712 3613 1861 3675 praesen·

1059 3713 1078 3757 t
1098 3695 1142 3758 tis
1160 3695 1275 3772 scripti
1289 3695 1475 3772 patrocinio
1490 3695 1743 3758 communimus.
1763 3695 1861 3756 Nulli

1039 3810 1078 3854 -‹
1100 3809 1180 3870 ergo
1195 3793 1329 3855 omnino
1344 3792 1517 3856 hominnm
1539 3793 1640 3856 liceat
1662 3793 1751 3855 hanc
1764 3794 1862 3869 pagi·
1954 3800 1955 3805 ’

1059 3906 1177 3952 «nam
1207 3890 1331 3953 nostrae
1364 3891 1624 3953 confirmationis
1659 3890 1860 3966 infringere,

1060 4005 1079 4049 e
1100 3988 1153 4050 uel
1177 3988 1208 4050 ei
1223 4004 1308 4049 ausu
1328 3990 1507 4051 temerario
1529 3989 1706 4051 contraire.
1724 3988 1761 4050 Si
1784 3990 1862 4065 quis

1060 4104 1079 4149 a
1100 4088 1212 4148 autem
1227 4087 1290 4148 hoc
1311 4087 1474 4148 attentare
1492 4086 1754 4164 praesumpserit,
1769 4085 1864 4147 indi-

1060 4184 1293 4260 ‹gnationem
1314 4185 1549 4262 omnipotentis
1573 4185 1645 4257 Dei,
1670 4183 1704 4245 et
1737 4182 1862 4245 beato-

1061 4299 1080 4343 «
1099 4297 1174 4342 rum
1187 4283 1412 4358 apostolorum
1424 4286 1497 4360 ejus
1508 4285 1541 4344 S.
1559 4281 1649 4344 Petri
1664 4282 1698 4343 et
1710 4283 1743 4341 S.
1759 4282 1862 4342 Pauli

1060 4396 1079 4440 a
1101 4395 1136 4439 se
1150 4378 1280 4440 noverit
1293 4379 1516 4442 incursurum.
1531 4380 1604 4441 Dat.
1620 4378 1790 4446 Laterani,
1804 4378 1863 4440 de-

1060 4494 1079 4537 a
1101 4476 1186 4538 cimo
1208 4478 1324 4539 octavo
1348 4476 1509 4539 kalendas
1536 4475 1730 4546 decembris,
1748 4477 1864 4553 ponti-

1061 4591 1080 4635 t
1101 4574 1218 4636 licatus
1233 4573 1339 4635 nostri
1353 4590 1442 4636 anno
1458 4575 1617 4652 quinto.»

1101 4674 1181 4733 (ium
1197 4671 1326 4733 anobis
1348 4672 1483 4750 petitur,
1500 4671 1586 4749 quod
1608 4672 1739 4749 Justum
1761 4670 1865 4733 estet

1061 4766 1247 4837 honestum,
1263 4765 1331 4826 tam
1352 4765 1448 4840 rigor
1469 4764 1646 4843 aequitatis,
1663 4779 1764 4840 quam
1778 4762 1864 4826 ordo

1062 4862 1166 4938 exigit
1191 4862 1343 4933 rationis,
1379 4864 1415 4922 ut
1447 4861 1480 4921 id
1513 4877 1573 4939 per
1600 4860 1864 4922 sollicitudinem

1062 4960 1164 5022 officii
1186 4959 1291 5022 nostri
1313 4959 1355 5020 ad
1372 4959 1518 5020 debitum
1541 4958 1744 5036 perducatur
1758 4958 1866 5019 effec-

1061 5058 1142 5120 tum.
1172 5058 1378 5135 Quapropter
1415 5056 1617 5121 venerabilis
1651 5055 1687 5115 in
1727 5055 1865 5118 Christo

1063 5154 1176 5228 frater,
1186 5155 1253 5217 tuis
1264 5156 1366 5233 Justis
1380 5153 1659 5232 postulationibus
1673 5153 1771 5230 grato
1786 5169 1866 5215 con·

1063 5252 1234 5316 currentes
1250 5269 1402 5326 assensu,
1422 5253 1463 5314 de
1483 5255 1592 5330 Bejar,
1609 5250 1694 5313 etde
1708 5252 1865 5313 terminis

1062 5351 1128 5413 tuis
1140 5351 1308 5423 ecclesias,
1320 5352 1404 5413 sicut
1414 5351 1505 5428 juste
1518 5332 1724 5427 possides'et
1736 5350 1862 5427 quiete,

1063 5450 1262 5512 auctoritate
1278 5449 1340 5511 tibi
1355 5449 1544 5526 Apostolica
1565 5446 1815 5520 confirmamus,
1831 5453 1867 5511 et

1063 5547 1238 5625 praesentis
1265 5546 1381 5624 scripti
1401 5545 1587 5624 patrocinio
1606 5545 1863 5607 communimus.

1063 5645 1155 5711 Nulli
1180 5660 1259 5723 ergo
1287 5644 1421 5708 omnino
1447 5643 1618 5707 hominum
1644 5640 1747 5706 liceat
1776 5643 1865 5708 hanc
