3928 6200
133 285 162 347 c
762 283 991 371 arturo-cn.
1014 283 1093 346 nm.
1116 282 1142 345 1.
1736 272 1775 333 u

130 459 185 523 qua
201 442 359 505 nostram
371 443 529 521 dignatus
543 444 594 506 est
613 444 745 521 operari
771 443 922 515 salutem,
1019 445 1107 531 item
1127 440 1241 503 Nobili
1258 438 1331 501 viro
1352 436 1465 501 comiti
1486 434 1583 498 Barri
1597 449 1698 510 super
1713 434 1774 492 Se-

130 549 370 613 mintidelibus
378 550 588 631 providentia
596 549 758 611 ineffabili
769 550 925 627 occupari
978 556 1121 619 quanam
1136 537 1266 618 (Miloni
1281 535 1353 616 ΙΙΙ).

131 646 285 724 permisit,
307 648 475 724 quatenus
498 648 661 708 instantes
685 647 727 706 ad
753 645 926 708 liberatio-
1017 639 1107 700 Item
1128 636 1211 698 Duci
1235 633 1423 697 Brabantiae
1444 629 1603 712 (Henrico
1618 632 1644 702 1,
1661 627 1773 689 comiti

130 760 195 806 nem
210 744 318 816 illius,
345 761 446 822 quam
461 746 572 821 posset
594 759 711 806 eruere
730 745 772 806 de
789 745 923 805 illorum
977 733 1195 819 Antuerpiae).

129 840 277 903 manibus
293 841 367 904 solo
382 842 495 916 verbo,
506 842 603 919 juxta
616 842 759 920 propriae
774 841 925 903 dorono-
1017 834 1107 894 Item
1127 831 1246 893 Comiti
1268 825 1550 892 Autissiodorensi
1573 821 1717 904 (Ervisio
1732 822 1773 883 de

129 939 358 1011 menifestum,
378 955 446 1001 non
466 940 573 1001 solum
592 955 728 1000 suorum
750 940 922 1017 peccami-
978 928 1138 992 clematio
1153 928 1186 991 et
1199 925 1391 1005 Donziaco).

128 1053 200 1099 uum
219 1038 370 1109 veniam,
386 1053 503 1098 verum
522 1037 623 1099 etiam
645 1037 681 1098 in
704 1036 923 1100 retributione
1016 1028 1107 1089 Item
1142 1024 1270 1088 Simoni
1299 1024 1339 1086 de
1368 1021 1556 1094 totisvilla,
1588 1016 1773 1082 senescallo

124 1136 288 1213 iustorum
302 1134 480 1212 praemium
493 1136 695 1197 mereantur.
712 1135 751 1196 nt
764 1134 922 1212 quoniam
977 1122 1178 1199 campania.

128 1231 256 1295 nonest
270 1232 417 1294 volentis
430 1247 538 1309 noque
553 1232 716 1293 comantis
733 1247 802 1294 suae
817 1231 921 1294 mise.
984 1263 989 1271 ·
1017 1221 1115 1282 Item·
1127 1218 1247 1281 Comiti
1269 1216 1502 1280 Suessioneusi
1522 1212 1710 1294 (Radulplro
1726 1213 1771 1272 ΙΙΙ

127 1329 263 1391 rationis
289 1329 478 1401 clementia,
503 1345 579 1406 quae
597 1328 703 1405 tangit
726 1329 924 1401 monteset
977 1315 1186 1395 anittnllni·
1656 1348 1661 1357 ·

126 1423 298 1501 fumigant,
313 1424 415 1486 corda
430 1423 577 1485 ridellum
587 1423 711 1486 excitat
724 1413 766 1485 ad
780 1422 922 1502 idipsum
1015 1416 1106 1477 Item
1126 1417 1226 1490 Drnss·
1259 1412 1300 1474 de
1328 1413 1433 1475 ΜΘΓῙΟ
1457 1412 1594 1491 (Brenn,
1620 1406 1772 1471 Franciae

125 1537 182 1583 sua
195 1521 436 1598 praereniendc
450 1521 559 1599 matta
577 1522 614 1584 ut
627 1521 800 1599 incipiant,
817 1523 850 1583 et
864 1537 924 1583 ea·
976 1506 1249 1588 constabulario).

124 1618 194 1680 dem
218 1620 257 1681 ut
277 1617 454 1695 perficiant
473 1618 713 1697 prosequendo.
730 1619 810 1679 Cum
828 1633 919 1695 erge,
1015 1608 1106 1671 Item
1127 1605 1298 1668 Gnnltcrio
1312 1606 1353 1667 dc
1367 1604 1518 1666 Avennio·

123 1716 229 1793 gratia
256 1715 373 1778 divina
388 1716 587 1792 praeventus,
608 1714 757 1777 affixeris
776 1715 843 1777 tuis
857 1716 922 1776 hu·
1015 1706 1105 1767 nem
1134 1704 1308 1766 Bisontino
1334 1702 1585 1779 archiepiscopo
1611 1697 1770 1779 (Amcdeo

124 1814 221 1875 meris
246 1813 382 1890 signum
397 1812 506 1875 crucis
519 1813 561 1874 ad
576 1815 649 1893 ejus
664 1816 775 1875 Terrae
791 1814 920 1875 Sanctae
975 1800 1016 1876 de
1032 1799 1232 1880 rremolay).

124 1909 308 1972 subsidium
333 1910 555 1988 prolecturus,
578 1912 615 1974 ut
632 1912 801 1989 assumpto
816 1910 921 1972 calice
1014 1902 1105 1962 Item
1134 1897 1290 1962 Remensi
1318 1895 1570 1974 archiepiscopo
1604 1891 1771 1973 (eiborico

124 2007 264 2070 salutari
278 2007 446 2069 retribuas
460 2008 600 2070 Domine
609 2008 840 2085 temetipsum
857 2008 921 2069 mi·
975 1997 1016 2059 de
1029 1996 1244 2077 Altovillari).

125 2120 238 2166 ramur
267 2104 549 2183 quamplurimum
577 2105 663 2183 quod
689 2121 798 2183 nuque
824 2104 920 2167 houae
1013 2094 1104 2157 Item
1123 2092 1363 2169 Burdogalensi
1384 2089 1634 2167 archiepiscopo
1659 2084 1771 2165 (Guil-

122 2202 293 2264 memoriae
313 2201 542 2264 Innocentium
557 2219 675 2280 papam
691 2202 919 2280 praedecesso-
974 2189 1272 2269 tolmonmanevi).

16 2356 20 2371 ,
120 2314 188 2360 rem
210 2301 376 2368 nostrum,
402 2314 509 2377 neque
530 2315 591 2361 nos
610 2299 711 2376 ipsos,
729 2315 829 2376 super
842 2314 921 2376 pas-
1013 2289 1103 2351 Item
1124 2289 1286 2365 Episcopo
1305 2283 1570 2362 Petregoricensi
1588 2279 1768 2362 (Ramnul-

119 2395 212 2472 sagio
239 2398 275 2458 et
299 2396 463 2473 apparatu
490 2396 627 2458 navium
651 2395 833 2475 requisisti,
859 2411 920 2457 nec
974 2385 1039 2464 pho
1054 2386 1095 2447 de
1113 2385 1164 2446 las
1178 2381 1310 2464 tours).
1726 2440 1729 2447 .

10 2518 11 2533 Ι
119 2493 245 2556 curasti
261 2509 430 2571 exponere
453 2493 529 2571 quid
545 2509 644 2570 super
658 2492 712 2555 liis
725 2493 792 2555 tuae
807 2493 921 2555 sedeat
1013 2484 1103 2545 Item
1143 2481 1305 2559 Episcopo
1350 2478 1547 2542 'trecorensi
1589 2474 1769 2556 (Gaulrido

119 2590 284 2653 uoluntati
300 2608 376 2652 cum
390 2591 585 2668 ingenerati
596 2591 743 2653 concilio
758 2591 799 2652 ad
813 2591 920 2653 nans·
973 2579 1082 2659 Loix).
1362 2628 1364 2632 ψ

120 2686 311 2751 iretandum
328 2688 582 2751 determinatum
601 2688 838 2767 tuerittempus
851 2705 920 2750 cer·
1013 2679 1103 2739 Item
1134 2676 1297 2754 Episcopo
1324 2675 1499 2754 Bajooensi
1527 2671 1695 2753 (Roberto
1729 2671 1769 2731 de

119 2786 202 2847 turn
226 2785 371 2864 Expedit
400 2786 491 2848 enim
510 2786 544 2848 te
571 2801 611 2849 ac
638 2785 722 2848 alios
752 2786 918 2863 principes
972 2772 1139 2853 Ableges).

1 2871 2 2928 t
119 2884 371 2961 crucesignatos
405 2899 466 2961 per
496 2899 578 2960 quos
610 2883 780 2959 negotium
807 2884 917 2946 crucis
1012 2868 1582 2947 Incrcmdemrnodnmquibusdam
1595 2865 1672 2928 aliis
1685 2865 1770 2942 epis·

1 2961 3 3012 Ι
120 2996 219 3056 posse
231 2981 381 3043 creditur
394 2979 593 3058 promoveri,
621 2980 669 3041 sic
683 2995 757 3043 esse
770 2983 915 3058 paratos
973 2968 1064 3046 copis
1078 2968 1283 3045 otnttnlatim·

120 3078 206 3138 utin
222 3096 283 3139 vos
298 3079 457 3156 tanquam
468 3076 504 3138 in
519 3076 635 3139 cedros
652 3076 770 3139 Libani
791 3078 918 3155 possint

1 3209 2 3248 r
120 3166 218 3252 qnasi
240 3190 398 3253 passeres
418 3174 591 3237 nidificare
611 3173 768 3247 minores,
793 3175 849 3252 qui
874 3175 917 3238 ad
1330 3146 1406 3232 ΧΠ

122 3273 252 3335 montes
267 3272 383 3335 oculos
405 3287 483 3334 suos
503 3270 625 3344 lerant,
641 3270 684 3334 ab
698 3271 747 3333 eis
768 3270 916 3335 divinum

124 3370 288 3432 auxilium
303 3371 545 3449 exspectantes,
1011 3340 1060 3404 tid
1080 3344 1236 3405 abbatem
1249 3346 1284 3406 S.
1307 3343 1420 3414 Petri,
1440 3342 1677 3404 succentorem
1694 3342 1728 3402 ct

162 3468 319 3531 tolentes
334 3469 438 3546 igitur
452 3471 544 3542 utta,
558 3471 654 3548 quasi
667 3470 803 3533 lucerna
817 3484 917 3548 super
1151 3444 1191 3502 R·
1207 3441 1347 3504 craton.
1364 3442 1578 3503 cancrinum.

127 3565 363 3629 candelabrum
385 3567 510 3645 posita,
533 3566 646 3630 lumen
668 3568 744 3629 aliis
767 3568 918 3646 praebeas
1260 3572 1363 3645 teng.
1381 3570 1459 3629 ltltl.

124 3679 184 3742 tet·
196 3664 396 3741 exemplum,
422 3664 627 3727 nobilitatem
648 3666 739 3727 tuam
760 3681 917 3742 rosanus
1018 3694 1427 3763 [remurmuratione.
1446 3690 1719 3752 incorporarent]

121 3763 243 3824 attente
260 3762 295 3824 et
314 3777 499 3834 monemus,
519 3762 553 3823 et
566 3762 783 3825 exhortamur
795 3764 831 3824 in
846 3765 915 3825 Do-

120 3859 219 3931 mino,
244 3859 282 3920 in
298 3858 531 3921 remissionem
545 3859 605 3922 tihi
620 3861 848 3936 peccaminum
863 3861 918 3922 in.
971 3847 1074 3907 Abbati
1098 3848 1126 3905 S.
1148 3847 1236 3916 Petri,
1257 3845 1415 3905 succentori
1437 3851 1466 3902 et
1488 3845 1521 3901 R.
1537 3844 1651 3902 Craton.
1675 3856 1762 3900 edili)-

115 3956 178 4032 jun
200 3958 293 4018 entes
388 3956 505 4018 aponus
556 3956 643 4019 sicut
675 3957 730 4019 vir
780 3957 903 4018 rudens
1006 3937 1071 3994 uico
1088 3932 1310 3994 carnotensibus
1323 3933 1475 3991 committit
1490 3930 1686 3989 definitionem
1707 3929 1766 3987 litis

119 3973 274 4116 militans
296 3973 529 4127 'etqgltmnuus''
558 4054 600 4115 ad
625 3974 778 4131 praesatg
805 4001 916 4116 Temg
1006 4018 1762 4124 interllaimnndumclericumetH.deliollenami·

118 4167 314 4214 succursum
337 4151 387 4212 sic
407 4151 559 4229 potenter
582 4152 615 4212 et
638 4150 782 4213 viriliter
801 4151 835 4213 te
854 4167 915 4213 ac·
1005 4113 1084 4172 ¹¹¹⁰m
1105 4111 1350 4171 A⁰r⁹¹¹³¹¹⁰¹¹⁸⁹¹¹t

118 4248 243 4325 tinent,
264 4248 541 4310 transfretaturus
555 4248 591 4310 in
605 4248 760 4325 passagio
775 4247 809 4309 in
824 4264 915 4326 pree·
1010 4256 1180 4319 Honorius
1211 4256 1406 4334 episcopus,
1448 4268 1565 4317 servus
1593 4267 1766 4315 servorum

118 4343 185 4407 tato
204 4345 355 4408 Concilio
371 4345 524 4419 diffinito,
547 4346 581 4408 et
600 4346 711 4407 votnm
726 4345 916 4407 redditurus
970 4354 1041 4427 Dei,
1069 4354 1180 4416 abbati
1202 4353 1309 4416 saneti
1328 4353 1418 4416 Petri
1442 4352 1637 4423 senonensi,
1666 4351 1699 4413 et
1725 4352 1764 4413 R.

118 4443 257 4504 Domino
283 4442 372 4520 quod
398 4442 547 4504 vovisti:
574 4442 660 4520 quod
675 4442 830 4520 exemplo
857 4443 915 4504 tuo
970 4451 1102 4512 craton
1119 4450 1280 4512 canonico
1292 4450 1467 4512 carnoten.

118 4539 176 4600 alii
191 4538 331 4602 excitati
354 4539 396 4601 nti
419 4539 564 4617 idipsum
586 4539 706 4602 fortius
726 4540 917 4602 animentur
1010 4547 1157 4609 Dilectus
1176 4547 1266 4608 tilius
1281 4546 1487 4609 Raimundus
1501 4545 1642 4607 clericus
1657 4558 1765 4619 expo-

118 4638 221 4699 ettibi
236 4653 282 4699 ex
294 4637 358 4697 boc
373 4637 525 4707 cumulus
540 4638 673 4698 aeternae
687 4636 916 4699 retributionis
970 4645 1037 4706 suit
1059 4660 1172 4707 eoram
1200 4644 1308 4716 nohis,
1334 4643 1420 4721 quod
1440 4658 1540 4718 quum
1561 4655 1674 4711 causa,
1691 4654 1766 4716 quae

118 4734 298 4797 accrescat
315 4733 479 4810 Quicquid
501 4734 611 4796 autem
625 4749 726 4812 snper
739 4734 792 4795 liis
805 4735 916 4797 iacere
969 4740 1209 4804 vortiturinter
1221 4742 1342 4818 ipsum,
1359 4741 1392 4801 et
1404 4741 1444 4799 Η.
1460 4739 1501 4799 de
1515 4737 1659 4798 Mollena
1675 4735 1766 4795 mili-

119 4831 322 4909 disposueris
334 4830 388 4891 vel
397 4830 524 4892 rideris
534 4831 701 4908 expedire,
712 4831 807 4894 nobis
817 4833 916 4909 plane
970 4840 1035 4900 tem
1067 4838 1283 4900 Aurelianen.
1317 4835 1470 4896 dioecesis
1501 4848 1600 4910 super
1623 4832 1766 4910 quadam

118 4930 182 4991 tuis
208 4928 331 4991 litteris
358 4943 425 4989 non
446 4927 582 4991 differas
606 4928 771 4991 intimare.
796 4930 915 4991 Datum
969 4937 1070 5009 terra,
1095 4934 1296 5006 molendino,
1315 4932 1477 5005 domibus,
1493 4932 1609 5008 pratis,
1625 4931 1770 4992 nemori·

120 5026 261 5098 Perusii,
277 5027 340 5087 Vll
354 5024 428 5086 idus
442 5025 593 5101 Augusti,
607 5041 694 5087 anno
705 5026 915 5103 pontificatus
969 5032 1043 5105 bus,
1059 5032 1092 5094 et
1107 5031 1207 5093 rebus
1219 5030 1306 5103 aliis,
1324 5029 1455 5091 dilectis
1469 5029 1549 5090 tiliis
1572 5032 1614 5091 Η.
1638 5030 1678 5091 de
1701 5031 1767 5090 Fo-

121 5124 222 5186 nostri
237 5122 359 5201 primo.
970 5130 1049 5191 lieto
1064 5128 1098 5190 et
1112 5127 1341 5205 conJudicibus
1358 5127 1429 5188 suis
1450 5127 1619 5189 canonicis
1640 5130 1768 5188 Carno-

969 5224 1037 5286 ten.
1062 5222 1141 5284 olim
1160 5221 1262 5284 fuerit
1279 5222 1442 5298 delegata,
1461 5223 1494 5284 et
1514 5222 1579 5283 duo
1601 5237 1644 5282 ex
1664 5221 1764 5296 ipsis,

159 5321 202 5380 In
236 5321 397 5381 eumdem
434 5322 575 5381 temdum
602 5318 722 5380 Comiti
756 5318 916 5380 Marchiae
971 5321 1127 5398 quoniam
1139 5319 1258 5381 tertius
1268 5319 1357 5382 viam
1370 5319 1471 5381 luerit
1480 5319 1644 5380 universae
1655 5317 1766 5377 carnis

126 5414 267 5493 (tlugoni
296 5417 343 5476 IX
368 5414 409 5475 de
435 5413 636 5494 Lezlnieco),
667 5416 700 5477 et
721 5416 916 5493 quibusdam
971 5419 1154 5495 ingressus,
1178 5416 1320 5502 cognitis
1339 5432 1449 5478 causae
1469 5415 1595 5477 meritis
1614 5412 1767 5475 diffiniti-

125 5512 195 5575 aliis
222 5510 392 5574 nobilibus
418 5512 659 5589 crucesignatis
693 5529 753 5589 per
777 5530 916 5591 regnum
971 5532 1047 5577 vam
1067 5513 1264 5576 sententiam
1282 5513 1482 5591 protulerint
1498 5528 1557 5590 pro
1578 5511 1714 5572 eodem:
1731 5512 1766 5573 in

126 5610 270 5675 tranciae
286 5608 483 5674 constitutis.
972 5613 1146 5693 praetatum
1163 5611 1303 5674 militem
1322 5627 1358 5674 se
1377 5611 1473 5674 dictae
1495 5609 1668 5672 sententiae
1685 5626 1767 5672 con-
