3928 6200
114 250 160 316 tol

140 410 203 475 Etsi
214 409 375 473 hactenus
387 407 729 474 habueritisrelamen
737 410 885 484 malitiae,

108 525 171 573 cum
187 509 300 571 contra
313 508 414 569 clarae
429 508 598 571 memoriae
619 506 806 572 iohannem
826 524 886 570 re·

106 623 170 686 gem
197 606 380 682 Anglorum
413 605 583 667 dominum
612 607 761 667 vestrum
792 621 886 669 arma
1017 598 1020 603 ’

105 720 205 783 gerere
218 703 394 776 dicebatis
409 703 631 780 proponentes
651 702 760 781 ipsum
774 703 886 781 impo-

105 801 308 864 suisserobis
325 804 444 880 jugum
467 800 679 864 intolerabile
702 801 884 875 servitutis,

100 903 255 978 jamnunc
266 898 725 961 excusationemhaberenon
735 898 887 977 poteritis

103 996 297 1075 inpeccatis,
311 1012 374 1058 nec
385 998 498 1058 notam
509 996 707 1073 proditionis
722 1012 886 1074 quoquam

101 1093 413 1167 velamentovelare,
433 1094 500 1155 nisi
521 1093 563 1155 ad
587 1094 779 1157 fidelitatem
793 1094 885 1155 tilio-

101 1191 170 1271 mm}
180 1194 273 1269 ejus,
298 1192 356 1269 qui
376 1208 436 1253 vos
456 1192 646 1254 nullatenus
664 1192 884 1265 offenderunt,

100 1290 239 1370 protinus
254 1289 412 1361 redeatis
429 1304 504 1351 cum
521 1291 803 1363 cessantecausa,
818 1305 887 1351 ces·

101 1404 164 1449 sare
177 1386 302 1450 debeat
315 1388 349 1448 et
358 1386 505 1449 effectus.
520 1389 595 1450 Jam
608 1387 697 1448 enim
712 1403 778 1449 non
791 1387 888 1448 vide-

98 1485 201 1547 bimini
217 1484 299 1547 odio
309 1484 473 1562 ,habuisse
486 1501 673 1563 personam,
687 1500 728 1547 ac
740 1487 886 1547 vestram

98 1583 246 1661 iniuriam
265 1582 433 1660 repulisse
454 1584 706 1661 persequentem
726 1582 887 1661 quodam-

98 1681 180 1743 nodo
207 1679 460 1759 persequendo,
492 1680 550 1742 sed
581 1681 690 1758 potius
725 1680 887 1742 malitiam

98 1779 313 1856 excogitatam
325 1778 459 1851 sectari,
473 1778 503 1839 si
514 1778 663 1856 ejusdem
674 1778 763 1854 regis
778 1793 888 1855 perse·

98 1876 228 1955 quimini
260 1876 350 1938 filios
377 1876 582 1948 innocentes,
610 1892 692 1953 quos
723 1875 887 1938 deberetis

98 1974 268 2036 defendere
293 1974 416 2052 potius,
443 1973 477 2035 et
490 1972 618 2049 iorer03
644 1972 764 2052 quibus
782 1972 887 2051 patris

97 2072 250 2151 iniquitas
264 2069 383 2133 obesse
398 2086 465 2132 non
479 2070 585 2144 debet,
609 2087 684 2132 cum
693 2071 791 2149 juxta
805 2086 886 2133 ver-

97 2169 164 2232 bum
176 2169 327 2243 Domini,
339 2185 401 2231 nec
413 2169 508 2247 pater
518 2168 589 2243 tilii,
606 2185 668 2233 nec
681 2169 771 2231 filius
782 2168 888 2247 patris

97 2267 206 2330 debeat
216 2266 428 2345 iniquitatem
435 2267 579 2345 portare,
592 2266 765 2344 aedpotius
776 2265 888 2328 anima

98 2382 162 2443 quae
176 2364 340 2444 peccarit.
355 2364 513 2427 volentes
531 2364 634 2441 igitur
653 2365 773 2428 vestrae
788 2365 888 2427 saluti

99 2464 278 2536 consulere,
299 2464 398 2541 atque
419 2462 526 2535 samaa,
545 2466 641 2542 cujus
660 2465 731 2540 jam
755 2462 890 2541 dispen-

99 2561 180 2623 dium
196 2561 388 2623 incurristis
408 2561 442 2623 et
461 2560 595 2638 pupillis
614 2561 741 2625 eisdem
759 2560 888 2623 nihilo-

98 2660 202 2721 minus
217 2658 372 2736 proutad
396 2658 545 2720 nostrum
566 2657 713 2721 osticium
734 2657 887 2737 pertinet,

100 2772 286 2832 cocurrere3
297 2756 698 2819 universitatemvestram
705 2771 887 2829 monemus,

100 2855 322 2927 exhortamur,
340 2855 373 2917 et
384 2853 594 2916 obsecramus
607 2854 643 2916 in
653 2853 783 2916 christo
797 2856 888 2927 Jesu,

101 2952 152 3030 qui
164 2955 329 3015 venturus
344 2953 395 3014 est
404 2951 557 3030 jndicare
569 2952 663 3014 rivos
680 2952 713 3014 et
728 2951 888 3024 mortuos,

101 3052 129 3112 et
139 3050 331 3113 redditurus
346 3049 633 3128 unicuiqnejuxta
654 3065 791 3112 suorum
812 3049 889 3111 exi·

100 3148 242 3223 gentiam
260 3147 471 3221 meritorum,
497 3148 671 3225 quatenus,
696 3146 787 3210 omni
805 3162 890 3209 ran·

101 3261 174 3308 core
185 3246 347 3324 deposito,
363 3245 403 3306 ad
419 3244 609 3307 eorumdem
624 3244 815 3307 fidelitatem
830 3260 890 3307 ce-

100 3341 211 3406 leriter
233 3342 391 3416 redeatis,
419 3344 452 3405 et
478 3343 652 3420 apponatis
674 3358 734 3405 vos
759 3357 890 3403 murum

100 3456 160 3519 pro
169 3442 215 3504 eis
223 3440 479 3504 ascendentibus
487 3441 688 3513 exadverso,
701 3442 738 3502 ut
746 3440 888 3513 macula,

102 3555 195 3617 quam
210 3540 246 3601 in
259 3538 429 3601 fidelitatis
440 3538 560 3601 restrae
578 3538 719 3615 gloriam
731 3537 890 3616 posuistis

100 3637 254 3714 erigendo
262 3637 457 3699 calcaneum
466 3635 581 3698 contra
589 3636 728 3714 patrem,
740 3636 890 3714 protinus

103 3731 251 3797 abluatur
273 3735 308 3797 et
328 3733 449 3796 divinae
469 3735 654 3812 majestatis
674 3735 826 3813 expietur
840 3733 892 3798 os·

104 3832 202 3895 tense.
218 3834 288 3896 Nos
300 3831 400 3904 enim,
418 3831 452 3893 in
466 3835 561 3910 cujus
577 3833 729 3894 manibus
744 3833 777 3895 et
787 3832 890 3896 tutela

104 3928 185 3990 idem
198 3945 260 3991 rex
273 3930 307 3991 et
326 3928 458 3991 eosdem
472 3929 614 4006 pupillos
629 3929 764 4008 reliquit
782 3931 816 3992 et
831 3944 890 3990 re·

105 4042 208 4102 gnum,
238 4028 280 4089 de
303 4026 482 4089 securitate
504 4027 692 4089 omnimoda
715 4029 748 4089 et
770 4043 893 4104 grava-

105 4122 241 4186 minibus
271 4139 345 4202 quae
368 4139 428 4201 per
455 4123 595 4184 abusum
616 4123 657 4185 ab
680 4123 795 4186 eodem
813 4140 892 4201 rege

105 4221 191 4282 robis
211 4220 373 4283 dicebatis
391 4220 520 4294 inferri,
537 4222 672 4284 auctore
690 4220 829 4283 Domino
844 4221 893 4283 sic

105 4318 192 4380 robis
204 4319 395 4382 curabimus
410 4317 595 4396 providere,
609 4319 693 4397 quod
707 4336 727 4382 a
739 4319 893 4382 cordibus

105 4417 218 4478 restris
232 4415 412 4494 cujuslibet
432 4415 646 4478 dubitationis
667 4432 726 4478 seu
743 4416 893 4479 rancoris

106 4515 285 4592 scrupulus,
311 4516 345 4576 et
369 4513 498 4576 timoris
524 4514 677 4577 anxietas
696 4515 815 4577 merito
833 4530 895 4593 po-

104 4611 179 4673 terit
190 4612 351 4675 amoveri.
367 4611 523 4689 Alioquin
542 4611 619 4689 quia
634 4611 668 4672 id
684 4611 895 4674 dissimulare

105 4722 124 4769 a
147 4711 266 4772 mundo
296 4725 365 4772 non
387 4709 554 4783 valemus,
584 4725 659 4770 cum
684 4709 807 4786 practer
832 4710 895 4773 hec

105 4808 186 4882 quod
203 4824 346 4884 regnum
370 4806 478 4885 ipsum
498 4807 550 4869 est
577 4807 777 4885 apostolicae
801 4807 895 4869 Sedis

102 4904 194 4980 juris,
209 4905 414 4984 pupillorum
426 4920 540 4966 curam
562 4905 753 4983 specialiter
766 4921 894 4982 gerere,

106 5015 143 5062 ac
162 5004 209 5064 eis
227 5003 393 5081 judicium
412 5002 445 5064 et
461 5002 626 5079 Justitiam
650 5001 761 5065 iacere
781 5004 898 5065 tenea·

107 5113 186 5174 mur,
199 5101 241 5162 ad
253 5100 481 5182 defensionem
495 5101 643 5178 ipsorum
658 5100 691 5162 et
708 5101 805 5177 regni
820 5117 896 5162 ma-

108 5210 167 5258 nus
175 5201 305 5261 nostras
317 5198 519 5275 inquantum
527 5198 686 5260 Dominus
696 5197 824 5260 dederit
837 5214 898 5260 ex-

107 5291 284 5368 tendemus,
298 5298 332 5359 et
346 5295 575 5358 invocabimus
589 5295 709 5358 coelum
724 5296 757 5358 et
773 5297 897 5359 terram

110 5393 218 5456 conha
230 5394 378 5456 vestram
396 5393 578 5472 nequitiam
592 5393 808 5456 obstinacem.
832 5396 900 5456 De-

110 5487 175 5551 tum
186 5494 297 5555 ltomae
312 5491 399 5569 apud
416 5491 573 5554 Sanctum
588 5492 734 5564 Petrum,
742 5491 898 5553 kalendis

104 5582 297 5664 decembris,
319 5589 530 5669 pontificatus
549 5589 654 5653 nestri
675 5604 763 5653 anno
777 5589 897 5670 primo.

732 248 961 315 nrtsrohlh.
984 252 1062 314 LIB.
1086 249 1111 313 1.

1278 418 1415 509 LXXV

1108 645 1161 704 Ad
1176 646 1269 706 cives
1282 647 1557 709 Beneventanos.

1247 760 1260 815 l
1277 757 1339 817 dec.
1357 760 1435 820 talo.

1066 905 1198 972 [Analecta
1209 908 1275 973 juris
1287 911 1413 963 Pontificii
1422 912 1455 964 ad
1466 927 1526 965 ann.
1539 913 1621 980 lito}

941 1020 1055 1080 Civibus
1082 1025 1292 1084 Beneventanis
1317 1028 1374 1085 ait:
1404 1029 1509 1088 Civitas
1534 1032 1735 1090 beneventana

976 1107 1138 1184 hujusmodi
1151 1115 1253 1187 gavisa
1267 1123 1311 1173 est
1323 1116 1464 1188 libertate,
1478 1118 1554 1191 quod
1563 1120 1736 1193 quicumque

976 1196 1130 1257 dummodo
1153 1201 1224 1259 liber
1247 1205 1336 1277 eligat
1361 1204 1567 1265 habitationem
1589 1208 1688 1281 ipsius,
1705 1217 1737 1266 et

975 1287 1093 1346 nobiset
1102 1292 1239 1350 Ecclesia
1247 1294 1384 1352 llomenae
1394 1294 1537 1354 fidelitatis
1547 1295 1680 1355 exhibeat
1686 1298 1734 1372 ju·

976 1385 1147 1449 ramentum,
1155 1382 1267 1438 censeri
1281 1380 1383 1441 debeat
1400 1382 1436 1442 ab
1450 1385 1583 1443 omnihus
1597 1394 1734 1459 tanquam

975 1465 1056 1525 civis.
1071 1466 1183 1526 Inhibet
1195 1484 1232 1527 ne
1244 1471 1308 1544 quis
1322 1486 1382 1542 eos,
1396 1474 1445 1545 qui
1460 1473 1495 1531 ad
1509 1474 1598 1547 ipsius
1612 1475 1736 1534 civitatis

978 1565 1124 1614 transcant
1149 1559 1313 1630 incolatum,
1334 1569 1489 1634 presumat
1507 1564 1681 1637 compellere
1703 1572 1736 1623 ut

977 1648 1013 1706 ed
1027 1647 1217 1706 habitationes
1229 1648 1347 1706 redeant
1361 1648 1520 1710 derelictas.

980 1794 1159 1868 Honorius,
1175 1794 1251 1868 etc,
1266 1794 1395 1857 civibus
1408 1797 1662 1859 Beneventanis.

981 1893 1093 1954 Cuma
1107 1892 1217 1969 longis
1227 1895 1317 1955 retro
1331 1893 1535 1971 temporibus
1548 1894 1666 1956 civitas
1677 1897 1737 1957 Be-

941 1992 1130 2053 neventana
1153 1991 1346 2070 hujusmodi
1368 1992 1485 2067 gavisa
1501 1993 1546 2055 sit
1568 1992 1733 2065 libertate,

942 2088 1029 2167 quod
1041 2088 1239 2166 quicumque
1251 2088 1361 2162 homo,
1376 2089 1551 2152 dummodo
1565 2090 1660 2162 liber,
1677 2092 1736 2153 eli·

942 2186 990 2263 git
1009 2185 1248 2249 habitationem
1267 2188 1350 2264 eius,
1367 2188 1401 2249 et
1414 2186 1508 2248 nobis
1526 2188 1560 2250 et
1579 2188 1736 2250 Ecclesiae

942 2287 1101 2347 Romanae
1135 2283 1305 2347 fidelitatis
1336 2283 1473 2346 exhibet
1509 2285 1736 2362 juramentum

943 2383 1073 2444 censeri
1097 2381 1213 2444 debeat
1227 2380 1268 2443 ab
1288 2380 1440 2443 omnibus
1461 2383 1619 2459 tanquam
1641 2383 1735 2457 civis,

943 2480 1142 2542 auctoritate
1163 2479 1376 2559 praesentium
1399 2478 1582 2542 districtius
1606 2478 1739 2543 inhibe-

944 2593 1028 2651 mus,
1053 2579 1190 2656 nequis
1216 2595 1285 2652 eos,
1310 2578 1368 2656 qui
1390 2576 1432 2639 ad
1460 2576 1567 2657 ipsius
1592 2578 1738 2641 civitatis

944 2677 1118 2738 transeunt
1131 2677 1324 2750 incolatum,
1346 2675 1525 2754 praesumat
1541 2676 1739 2754 compellere

944 2777 981 2838 ut
992 2775 1033 2836 ad
1049 2774 1272 2836 habitationes
1288 2775 1427 2838 redeant
1441 2772 1628 2835 derelictas.
1645 2776 1739 2838 Nulli

945 2889 1044 2951 ergo,
1082 2872 1157 2945 etc,
1185 2872 1309 2935 nostrae
1344 2871 1569 2946 inhibitionis,
1606 2874 1669 2935 etc.
1703 2872 1738 2936 Si

944 2973 1019 3051 quis
1032 2972 1153 3041 autem,
1169 2970 1231 3032 etc.
1248 2971 1367 3038 Datum
1387 2973 1500 3032 Romae
1517 2968 1604 3048 apud
1621 2973 1654 3032 S.
1671 2975 1739 3034 Pe-

945 3074 1051 3139 trum,
1090 3067 1244 3130 kalendis
1285 3066 1489 3143 decembris,
1526 3068 1739 3147 pontificatus

945 3167 1050 3231 nostri
1072 3181 1160 3229 anno
1174 3166 1293 3245 primo.

1264 3360 1422 3505 cxxvi

944 3626 997 3686 Ad
1018 3625 1228 3701 masuerum
1242 3623 1278 3685 S.
1297 3625 1420 3685 cremis
1436 3623 1470 3684 et
1495 3625 1689 3686 chettnum
1708 3624 1743 3686 et

1142 3722 1310 3782 alardum
1322 3722 1357 3781 S.
1372 3721 1536 3781 Anniani.

1251 3831 1265 3888 l
1280 3830 1343 3889 dec.
1356 3832 1435 3889 talo.

1008 3957 1117 4021 [Regnat.
1124 3954 1196 4014 libl,
1203 3953 1278 4020 epist.
1288 3953 1390 4004 bilitas.
1399 3954 1436 4005 La
1447 3954 1525 4005 Porte
1535 3953 1571 4004 dn
1583 3954 1679 4020 Theti]

946 4099 1086 4173 Praecipit,
1095 4105 1126 4156 ut
1139 4097 1169 4155 in
1178 4106 1320 4156 conventu
1334 4098 1518 4156 &samsonis
1528 4097 1739 4169 Aurelianensi,

981 4186 1160 4247 sacerdotem
1177 4185 1237 4260 J'am
1256 4187 1406 4259 expulsum
1426 4185 1508 4258 quasi
1522 4185 1558 4244 de
1572 4201 1648 4245 novo
1664 4188 1738 4245 reci·

983 4278 1073 4352 piant.
1744 4289 1747 4295 ·

987 4417 1167 4492 Honorius,
1190 4420 1273 4493 etc,
1292 4415 1421 4480 dilectis
1443 4417 1522 4480 filiis
1543 4419 1742 4495 magistro...

949 4517 1074 4580 sanctae
1088 4517 1215 4590 Crucis,
1238 4519 1271 4578 et
1285 4517 1441 4578 Teneline
1453 4517 1486 4579 et
1498 4516 1621 4578 Alardo
1634 4517 1742 4578 sancti

948 4615 1095 4677 Anniani
1109 4614 1280 4678 canonicis
1295 4613 1510 4675 aurelianen.

989 4713 1136 4775 Dilectus
1162 4711 1251 4772 filius
1267 4713 1298 4773 J.
1321 4710 1476 4772 sacerdos
1500 4709 1618 4770 humili
1644 4709 1741 4771 nobis

949 4809 1174 4873 insinuatione
1199 4806 1405 4877 monstravit,
1435 4804 1522 4883 quod
1550 4820 1625 4866 cum
1654 4804 1744 4870 idem

951 4906 1148 4984 compererit
1175 4904 1308 4982 'patrem
1337 4919 1433 4963 suum
1466 4918 1526 4980 pro
1555 4904 1744 4981 receptione

950 5005 1056 5083 ipsius
1070 5004 1107 5065 in
1122 5002 1271 5081 prioratu
1286 5003 1319 5063 et
1338 5000 1502 5063 conventu
1524 5002 1631 5063 sancti
1649 5004 1746 5063 Sam-

952 5103 1043 5165 sonis
1076 5100 1291 5163 Aurelianen.
1324 5098 1414 5160 inira
1448 5114 1554 5160 annos
1579 5098 1746 5176 legitimos

952 5199 1136 5272 const‘tuti,
1167 5196 1306 5275 praeiato
1340 5197 1542 5259 monasterio
1570 5197 1746 5274 quamdam

953 5312 1117 5360 summam
1144 5296 1294 5373 pecuniae
1321 5294 1510 5365 tradidisse,
1538 5293 1610 5370 ipso
1634 5296 1746 5355 tamen

952 5396 1084 5474 penitus
1096 5393 1282 5470 ignorante,
1298 5393 1436 5454 veniens
1447 5390 1489 5453 ad
1501 5406 1606 5452 annos
1620 5390 1748 5452 discre-

952 5494 1054 5557 tionis
1068 5484 1307 5554 monasterium
1321 5491 1428 5567 ipsum
1444 5504 1527 5549 sano
1541 5488 1658 5548 ductus
1672 5504 1749 5550 con·

953 5591 1029 5654 silio
1046 5592 1097 5655 est
1119 5604 1285 5668 egressus,
1313 5588 1408 5650 nobis
1430 5584 1600 5648 humiliter
1621 5586 1752 5665 suppli-
