3958 6204
115 334 165 395 nr
609 331 679 392 xv.
694 360 736 376 -
750 329 795 393 m
818 330 948 392 nasso
971 330 1121 392 sanari
1142 332 1294 397 tuconi.
1375 306 1383 317 '
1715 338 1774 398 irs

114 497 162 557 bic
186 494 295 555 tabiis
322 506 384 555 me
407 490 566 564 honorat,
586 505 648 555 cor
665 492 783 554 autem
801 505 923 554 comem
977 490 1073 553 nohis
1101 491 1254 554 omnibus
1276 492 1413 557 tradidit
1433 493 1540 558 illum.
1565 493 1605 557 at
1630 490 1776 572 qualiter

114 590 307 667 longeest-a
321 605 382 651 mc
399 588 530 669 (Matth.
544 605 600 658 xv,
616 588 662 668 8).
977 590 1138 651 venturus
1153 590 1196 652 sit
1220 590 1261 652 ad
1279 590 1496 669 judicandum
1518 592 1677 653 mundum
1700 608 1776 654 cum

150 690 230 749 Haec
252 688 327 749 tria
356 687 393 748 in
413 686 474 748 illa
497 688 641 763 pectoris
659 686 832 759 tunsione,
858 704 923 765 qua
978 687 1117 762 angelis,
1143 689 1176 749 et
1196 688 1358 751 ardebunt
1379 690 1490 751 omnia
1511 691 1577 752 ista
1600 692 1719 753 coelum
1744 691 1778 752 et

115 786 247 865 pectora
273 786 398 846 nostra
420 784 601 856 tundimus,
625 784 851 861 designantur.
875 785 924 846 ibi
978 784 1084 859 terra;
1102 787 1134 846 et
1153 786 1218 847 erit
1238 787 1358 848 coelum
1376 804 1498 850 novum
1522 791 1556 849 et
1578 790 1669 849 terra
1690 802 1777 849 nova

116 900 258 960 namque
273 884 346 944 tria
370 882 602 960 principaliter
617 882 844 956 attenduntur,
871 882 925 944 id·
979 881 1014 942 in
1030 881 1174 944 adventu
1187 900 1258 955 suo,
1282 885 1315 945 et
1328 885 1443 947 reddet
1457 885 1635 961 unicuique
1657 901 1779 946 secun-

118 981 289 1053 estlaesio,
316 996 423 1042 sonus
446 981 478 1042 et
501 996 629 1040 manus.
654 982 692 1041 In
713 980 851 1041 laesione
875 981 926 1042 est
980 978 1056 1039 dum
1081 995 1183 1056 opera
1203 997 1274 1041 sira.
1299 982 1339 1042 Et
1357 981 1501 1058 qualiter
1526 984 1599 1059 post
1613 982 1777 1060 judicium

119 1079 226 1142 cordis
242 1079 424 1154 contritio,
442 1078 477 1138 in
492 1093 584 1150 sono,
600 1078 669 1139 oris
692 1077 873 1153 confessi03
889 1078 925 1139 in
980 1077 1044 1137 erit
1057 1076 1093 1137 in
1108 1077 1191 1139 coelo
1207 1094 1282 1140 cum
1297 1079 1472 1140 animabus
1482 1080 1593 1157 JustiS,
1615 1079 1648 1141 et
1668 1079 1777 1141 habe·

118 1194 228 1247 manu,
246 1177 367 1253 operis
383 1174 580 1238 satisfactio.
603 1176 643 1237 at
657 1175 735 1252 quia
754 1175 826 1252 ipse
840 1176 925 1237 reli·
979 1172 1061 1235 bunt
1073 1176 1199 1252 partem
1215 1174 1330 1251 gloriae
1346 1193 1427 1239 suae.

120 1276 187 1354 quit
199 1273 304 1336 nobis
323 1272 512 1351 exemplum
528 1275 565 1335 ut
586 1288 765 1350 sequamur
782 1274 925 1350 vestigia
1019 1272 1101 1332 Item
1114 1294 1121 1332 ι
1135 1274 1286 1335 Accessit
1299 1278 1344 1335 ad
1358 1277 1481 1337 Iesum
1500 1276 1777 1347 maternitatem

122 1376 203 1451 ejus,
234 1372 342 1432 etiam
361 1388 424 1432 nos
443 1372 557 1448 igitur,
583 1370 716 1443 fratrea,
744 1372 925 1446 cogitemus
979 1371 1171 1432 Zebedaei...
1192 1373 1283 1432 Dtctt
1306 1374 1339 1433 et
1356 1375 1468 1443 lesus,
1495 1375 1576 1446 quid
1601 1375 1678 1434 ciat
1702 1372 1778 1433 Non

122 1485 192 1548 quae
214 1471 311 1530 recta
335 1470 425 1542 sunt,
453 1469 716 1546 loquamurque
732 1484 815 1530 sana
836 1471 923 1542 sunt,
979 1465 1198 1543 interrogavit
1218 1470 1315 1530 Jesus
1337 1468 1441 1531 veluti
1462 1470 1499 1530 ut
1522 1470 1676 1541 nesciret,
1700 1468 1778 1546 quia

123 1580 302 1643 operemur
335 1581 410 1642 quae
441 1564 500 1626 Dei
529 1566 621 1636 sunt,
651 1580 718 1626 non
750 1564 926 1626 reddentes
980 1563 1092 1624 omnia
1115 1566 1215 1637 nuda,
1246 1564 1278 1626 et
1301 1566 1416 1642 aperta
1440 1566 1517 1629 sunt
1544 1567 1586 1639 ei,
1615 1566 1672 1626 sed
1701 1565 1780 1643 quia

123 1663 222 1725 etiam
246 1662 464 1723 maledictum
492 1677 552 1739 pro
576 1661 764 1734 maledicto,
789 1662 866 1738 quia
894 1662 927 1723 et
980 1660 1087 1721 voluit
1105 1660 1232 1722 aidane
1255 1661 1411 1724 fiduciam
1431 1663 1574 1741 petendi.
1602 1664 1687 1724 Nam
1708 1661 1796 1737 fro-⁴

122 1761 193 1836 ipse
211 1774 292 1820 cunr
311 1758 578 1831 malediceretur,
606 1775 672 1821 non
696 1757 923 1832 maledicebat,
981 1760 1121 1833 quenter
1148 1759 1307 1819 Dominus
1339 1760 1465 1836 patitur
1492 1759 1673 1837 discipulos
1701 1774 1779 1819 suos

122 1857 178 1917 sed
193 1857 336 1933 peccata
360 1857 475 1918 nostra
498 1856 635 1933 pertulit
654 1856 844 1933 incorpore
866 1873 926 1918 suo
981 1854 1107 1931 aliquid
1138 1872 1205 1917 nun
1227 1856 1316 1918 recte
1342 1859 1465 1934 petere,
1494 1858 1551 1918 aut
1573 1857 1695 1928 dicere,
1722 1854 1781 1916 aut

123 1969 223 2031 super
247 1955 391 2030 lignum,
412 1955 449 2015 ut
467 1953 612 2031 peccatis
641 1953 763 2016 mortui
787 1955 926 2032 justitiae
981 1953 1140 2028 cogitare,
1164 1955 1223 2015 aut
1248 1971 1359 2031 agere,
1390 1956 1427 2017 ut
1455 1955 1647 2016 exitiorum
1673 1952 1780 2030 culpis

122 2052 293 2113 vivamus.
982 2051 1175 2112 occasiones
1200 2051 1349 2113 inveniat
1372 2052 1512 2113 docendi
1536 2053 1569 2114 et
1592 2049 1780 2128 exponendi

160 2151 248 2209 Ecce
264 2149 452 2225 jucundum
474 2149 689 2225 praeconium,
712 2147 768 2210 uhi
788 2152 927 2227 peccata
982 2147 1180 2224 scripturam
1201 2151 1235 2210 et
1252 2149 1402 2225 regulam
1418 2151 1562 2227 pietatis,
1579 2150 1688 2211 sciens
1703 2148 1780 2226 quia

124 2248 238 2308 nostra
260 2246 329 2308 fert
343 2250 455 2322 Agnus
475 2247 531 2323 qui
545 2246 632 2308 tollit
649 2248 784 2323 peccata
800 2247 924 2308 mundi.
981 2245 1059 2305 talis
1081 2261 1176 2307 error
1196 2262 1263 2307 non
1282 2248 1381 2309 nocet
1401 2247 1451 2307 eis
1470 2248 1633 2324 praesente
1654 2245 1782 2322 magis-

7 2418 9 2435 ,
124 2343 173 2405 Oh
187 2343 355 2404 immensa
370 2344 430 2404 Dei
452 2344 561 2405 Patris
577 2343 735 2416 charitas,
761 2360 826 2421 qua
845 2345 928 2405 adeo
982 2343 1035 2402 tro
1050 2362 1057 2401 ε
1072 2345 1135 2403 Dtc
1154 2344 1194 2403 rat
1214 2347 1281 2404 cluo
1295 2345 1357 2416 titii
1370 2348 1440 2405 met
1462 2344 1603 2406 sedeaat
1626 2358 1716 2405 unus
1736 2347 1782 2404 ad

126 2439 427 2514 dilexitmundum,
444 2443 481 2502 ut
493 2441 597 2502 fllium
612 2458 708 2502 suum
721 2442 928 2518 unigenitum
983 2439 1167 2502 deuterum
1186 2441 1220 2501 et
1233 2443 1324 2503 attus
1346 2444 1391 2502 ad
1410 2443 1594 2503 atntstrcm
1613 2445 1651 2503 tn
1674 2454 1781 2518 regno

127 2538 219 2599 daret
233 2553 296 2615 pro
311 2537 455 2599 mundol
473 2538 522 2599 Oh
540 2539 626 2599 mira
640 2538 702 2599 filii
726 2538 927 2612 obedientia,
984 2536 1042 2597 tuo
1057 2533 1188 2616 (Matth.
1204 2553 1263 2609 xx,
1278 2536 1345 2617 21).
1371 2541 1450 2599 Cum
1471 2537 1651 2600 ambitione
1672 2538 1783 2615 loqui-

128 2651 191 2712 qua
214 2635 302 2697 adeo
328 2636 391 2697 fuit
413 2636 504 2697 mitis
529 2637 563 2697 et
590 2635 727 2696 humilis
753 2636 863 2708 corde,
892 2639 930 2698 ut
983 2634 1038 2694 tur
1049 2636 1166 2706 mater,
1183 2639 1216 2696 et
1228 2635 1356 2699 carnali
1372 2635 1493 2697 affectu
1505 2635 1691 2696 ambitiosis
1703 2634 1781 2695 filiis

127 2733 320 2809 fleretpatri
339 2732 498 2793 obediens
520 2732 678 2810 usquead
701 2735 862 2795 morteml
880 2734 928 2795 Oh
985 2730 1109 2806 primas
1134 2732 1169 2792 in
1194 2732 1277 2793 coelo
1306 2731 1481 2793 cathedras
1511 2733 1666 2809 postulat.
1692 2735 1782 2792 Dic:

130 2821 389 2891 inaestimabilis
409 2831 552 2907 Spiritus
585 2832 699 2893 Sancti
727 2830 927 2908 benignitas,
985 2830 1094 2899 Quare
1110 2828 1195 2890 dixit
1208 2832 1262 2891 dic
1277 2830 1309 2891 et
1323 2845 1390 2890 non
1404 2832 1478 2904 saci
1495 2829 1579 2901 Quia
1593 2828 1677 2891 bene
1696 2830 1783 2890 scie·

132 2943 203 3005 quae
214 2944 284 2988 non
299 2927 482 2988 secundum
498 2942 597 3004 opera
614 2944 687 3005 qum
701 2928 840 2990 lecimus
855 2945 927 3002 nos,
984 2923 1041 2986 bat
1052 2924 1139 3001 quod
1155 2942 1251 2986 suum
1268 2925 1380 2987 dicere
1394 2927 1467 2988 erat
1481 2925 1601 2997 facere,
1618 2926 1651 2986 et
1665 2925 1693 2986 si
1710 2941 1783 3001 pro·

133 3024 189 3085 sed
208 3024 393 3086 secundum
417 3040 512 3086 suam
534 3025 799 3087 misericordiam
818 3026 929 3088 salvos
985 3022 1133 3086 misisset
1161 3024 1337 3100 promissio
1366 3039 1426 3084 sua
1456 3039 1537 3085 vera
1563 3025 1667 3095 esset,
1697 3021 1783 3083 sicut

7 3206 9 3213 y
132 3136 191 3182 nos
205 3122 309 3184 fecit!
986 3119 1067 3182 dicit
1090 3121 1266 3197 Apostolus
1290 3141 1297 3182 :
1317 3122 1381 3182 Eat
1406 3122 1525 3182 autem
1543 3125 1636 3183 Deris
1657 3134 1781 3189 ceram,

169 3218 272 3279 Petiit
296 3218 404 3279 mater
424 3218 570 3280 filiorum
593 3219 753 3292 Zebedaei,
779 3220 838 3281 sed
863 3236 931 3283 non
985 3221 1205 3280 omnishomo
1216 3216 1489 3298 nwndanfflom.
1503 3234 1554 3291 111,
1568 3217 1613 3298 4).
1630 3217 1782 3279 Parentis

130 3316 227 3391 Juste,
245 3315 324 3392 quia
339 3315 457 3391 petivit
470 3318 506 3377 ut
520 3316 585 3376 duo
601 3317 662 3377 filii
675 3318 830 3379 sederent
844 3334 931 3379 unus
986 3315 1191 3391 negligentia
1221 3315 1486 3393 reprehenditur,
1517 3315 1575 3377 ubi
1600 3315 1641 3376 de
1674 3314 1783 3376 dantis

132 3412 170 3472 ad
185 3413 358 3474 dexteram
374 3412 514 3486 Christi,
539 3413 572 3474 et
586 3413 673 3475 aliua
689 3414 731 3475 ad
746 3416 929 3476 sinistram.
986 3412 1185 3474 confidentia
1209 3429 1277 3474 non
1297 3413 1520 3475 dubitabatur.
1544 3415 1623 3474 Haec
1644 3411 1707 3474 fuit
1729 3410 1785 3471 in-

132 3512 209 3571 Haec
222 3511 341 3588 petitio
361 3526 429 3571 non
444 3500 506 3571 fuit
519 3527 578 3587 pro
598 3511 705 3573 salute
720 3513 852 3585 animae,
874 3512 931 3573 sed
985 3509 1090 3571 tentio
1104 3509 1259 3572 filiorum.
1277 3512 1313 3572 si
1327 3527 1388 3572 nos
1400 3526 1556 3588 rogamus
1575 3510 1782 3586 Magistrum,

135 3606 195 3669 fuit
207 3608 324 3684 petitio
338 3607 516 3670 ambitiosa
527 3609 560 3670 et
574 3608 671 3685 plena
684 3611 774 3671 omni
785 3610 931 3672 humana
986 3606 1127 3669 forsitan
1148 3608 1344 3670 caeterorum
1368 3607 1469 3670 corda
1488 3608 1629 3669 fratrum
1658 3623 1784 3669 concu-

134 3704 239 3766 laude.
257 3705 365 3766 Maria
380 3705 578 3781 itfagdalena
591 3722 660 3767 non
673 3706 787 3768 taliter
803 3707 930 3784 petivit,
985 3703 1118 3776 tiernus,
1140 3706 1174 3767 et
1187 3705 1265 3766 dum
1284 3705 1379 3767 nobis
1395 3705 1523 3766 duobus
1538 3705 1690 3766 volumus
1704 3721 1785 3781 pro-

135 3802 351 3879 etpropterea
373 3803 576 3879 impetrarit,
602 3804 680 3880 quia
702 3819 761 3880 per
781 3820 817 3865 se
836 3820 928 3866 acce·
985 3800 1111 3875 videre,
1130 3803 1218 3863 inter
1237 3816 1351 3863 omnes
1378 3802 1570 3863 scandalum
1585 3802 1782 3873 excitamus,

135 3896 211 3959 dens
234 3898 449 3977 peccatorum
473 3915 608 3960 suorum
627 3901 760 3961 reniam
780 3902 932 3978 postula·
986 3898 1064 3976 quia
1080 3899 1143 3959 etsi
1159 3898 1266 3960 sancti
1283 3899 1370 3970 sunt,
1393 3900 1505 3959 tamen
1522 3899 1673 3958 homines
1695 3898 1783 3959 sunt.

136 3996 190 4066 rit,
206 3999 240 4057 et
255 3998 376 4058 animae
388 3997 528 4058 salutern
543 3997 715 4059 humiliter
728 3999 928 4076 imploravit.
990 3998 1076 4072 Ergo
1092 3995 1323 4057 submittamus
1336 3996 1475 4057 matrem
1497 3996 1656 4067 nostram,
1674 3997 1709 4056 ut
1724 4011 1784 4057 suo

135 4093 203 4154 'lali
230 4093 329 4155 modo
357 4093 521 4155 orandum
545 4097 598 4156 est
620 4095 653 4156 et
679 4096 868 4172 petendum,
894 4099 932 4158 ut
986 4093 1120 4154 nomine
1131 4092 1395 4171 depreceturpro
1405 4091 1510 4153 nobis.
1521 4094 1560 4155 ut
1570 4093 1599 4154 si
1610 4108 1675 4154 non
1685 4108 1786 4154 exau·

135 4191 297 4267 pertineat
312 4191 353 4252 ad
370 4190 531 4253 honorem
551 4193 622 4266 Dei,
649 4193 682 4255 et
696 4176 816 4255 animae
840 4195 933 4255 salu·
987 4189 1086 4252 dierit
1115 4206 1205 4263 eam,
1234 4189 1333 4252 facile
1359 4192 1508 4252 meretur
1532 4190 1678 4264 veniam,
1707 4192 1785 4267 quia

136 4288 198 4348 tem
215 4291 368 4365 spectare
381 4289 622 4366 comprobetur.
986 4288 1116 4348 mulier.
1144 4290 1217 4365 Ipse
1241 4288 1331 4349 enim
1357 4304 1458 4349 sexus
1478 4287 1616 4350 excusat
1638 4304 1722 4349 eam.
1750 4289 1785 4350 Si

174 4384 353 4446 Zebedaeus
372 4386 613 4462 interpretatur
633 4387 793 4449 memoria
808 4389 879 4462 Dei,
900 4391 933 4450 et
987 4385 1098 4447 autem
1113 4402 1178 4448 non
1194 4384 1295 4447 fuerit
1307 4385 1508 4462 importuna,
1530 4384 1663 4447 facilius
1677 4385 1786 4462 impe-

137 4480 301 4558 significat
322 4482 502 4559 quemlibet
523 4484 740 4547 christianum
755 4486 812 4562 qui
837 4486 934 4549 debet
986 4481 1099 4543 trabit.

136 4577 255 4640 habere
279 4580 477 4641 memoriam
500 4582 559 4642 Dei
579 4582 615 4642 in
635 4582 779 4659 quatuor
802 4582 932 4644 benefi-
1029 4581 1136 4642 Mater
1154 4597 1214 4658 pro
1230 4581 1308 4642 filiis
1322 4583 1417 4657 rogat
1441 4582 1477 4641 ut
1500 4579 1561 4640 filii
1583 4579 1690 4657 prima
1712 4578 1787 4640 loca

136 4676 205 4748 ciis,
229 4678 360 4738 scilicet
384 4678 575 4752 creationis,
602 4679 850 4756 redemptionis,
881 4681 934 4741 ul·
987 4677 1075 4739 inter
1094 4678 1178 4738 alios
1201 4677 1337 4738 teneant
1359 4677 1394 4737 in
1413 4692 1527 4752 regno.
1556 4674 1651 4751 Apud
1682 4677 1786 4735 Deum

136 4772 204 4834 timi
218 4774 340 4852 judicii
355 4776 390 4835 et
403 4774 658 4851 glorificationis
674 4777 708 4837 in
731 4776 931 4840 coelestibus.
989 4791 1056 4836 non
1075 4776 1126 4836 est
1146 4774 1294 4851 acceptio
1314 4789 1548 4850 personarum,
1575 4773 1609 4833 et
1628 4773 1662 4832 in
1681 4787 1785 4848 regno

137 4871 180 4931 De
207 4873 391 4944 creatione,
420 4873 565 4949 qualiter
590 4873 745 4936 formavit
769 4874 934 4937 hominem
988 4872 1133 4935 Deinon
1158 4871 1209 4933 est
1228 4871 1376 4932 sinistra.
1401 4870 1518 4931 Omnia
1534 4886 1607 4947 quae
1628 4869 1674 4930 ibi
1696 4870 1783 4942 sunt,

138 4966 176 5028 de
198 4969 346 5045 pulvere,
379 4970 512 5033 effecit
537 4973 674 5033 eumad
701 4973 880 5049 imaginem
902 4976 936 5037 et
989 4971 1155 5047 pertinent
1179 4968 1221 5030 ad
1247 4967 1428 5039 dexteram,
1459 4969 1492 5029 et
1513 4968 1587 5029 ideo
1611 4984 1678 5030 non
1701 4967 1787 5029 bene

138 5064 388 5128 similitudinem
413 5084 519 5140 suam,
549 5070 582 5130 et
605 5071 731 5131 creavit
757 5072 876 5132 coelum
902 5075 936 5135 et
989 5068 1130 5145 petebat.
1148 5067 1242 5129 Unde
1260 5066 1296 5127 in
1314 5066 1464 5143 psalmo:
1482 5067 1575 5128 Ocattt
1595 5070 1664 5128 met
1682 5081 1788 5140 stupea

138 5163 257 5224 terram
275 5166 309 5225 et
322 5164 437 5225 omnia
451 5181 524 5241 quaa
548 5167 762 5229 continentur
782 5167 818 5229 in
840 5185 936 5231 crea·
989 5168 1103 5238 fideles
1136 5167 1261 5239 terrae,
1297 5165 1336 5226 ut
1369 5165 1512 5226 sedeant
1546 5168 1581 5227 ht
1614 5180 1785 5226 maura...

136 5258 235 5321 tione.
272 5263 319 5322 De
347 5262 590 5338 redemptione,
622 5265 766 5341 qualiter
793 5282 852 5343 pro
879 5284 934 5329 re·
991 5264 1060 5343 (Ps.
1093 5265 1166 5335 100,
1201 5262 1246 5343 6).
1277 5261 1459 5340 Respondit
1486 5266 1583 5325 iesus
1613 5261 1702 5333 filiis,
1720 5247 1787 5322 non

138 5354 324 5434 demptione
341 5360 456 5420 nostra
469 5360 604 5423 tradidit
618 5376 654 5422 se
669 5362 777 5438 ipsum
793 5364 827 5423 in
843 5366 933 5441 pati·
989 5362 1088 5423 matri
1110 5383 1117 5421 ε
1138 5363 1288 5424 Nescitis
1310 5364 1391 5435 qaid
1413 5361 1542 5435 potatis
1569 5357 1699 5437 (Matth.
1726 5372 1785 5430 xx,

138 5450 248 5514 bulum
277 5455 400 5516 crucis.
417 5457 491 5517 Non
516 5473 645 5530 aurum,
669 5475 736 5519 non
762 5465 935 5537 argentum
989 5459 1055 5539 22).
1086 5462 1195 5530 Quare
1222 5458 1394 5535 respondit
1423 5457 1501 5517 filiis
1529 5456 1562 5517 et
1587 5471 1652 5515 non
1668 5456 1788 5517 matril

139 5548 227 5613 dedit
242 5567 304 5629 pro
326 5552 439 5613 nostra
458 5554 696 5631 redemptione,
722 5558 779 5617 sed
801 5560 934 5636 proprio
991 5559 1073 5630 Quia
1089 5556 1246 5618 materad
1260 5555 1507 5632 instigationem
1521 5552 1665 5614 filiorum
1679 5553 1785 5631 petiit.

140 5645 205 5710 tilio
229 5664 293 5712 suo
319 5665 386 5715 non
411 5653 558 5729 pepercit
583 5656 680 5726 Deua,
709 5655 846 5731 scilicet,
875 5674 935 5736 pro
990 5657 1029 5721 ut
1043 5655 1120 5735 quia
1134 5654 1253 5716 mulier
1264 5653 1394 5729 fragilis
1409 5653 1491 5721 erat,
1508 5650 1615 5714 noluit
1629 5651 1660 5713 ei
1676 5651 1786 5715 facere
