3928 6200
155 329 189 389 73
795 333 1023 395 Epls‘hohAE.
1047 334 1126 393 LIB.
1151 334 1175 392 Ι.
1768 336 1808 391 74

158 486 560 560 rumdestruenda.Quia
579 505 659 551 vero
675 506 803 568 eaquae
824 492 858 552 in
883 493 959 554 aliis
1013 493 1046 553 et
1060 493 1207 569 ternpore
1230 493 1326 566 grata
1347 492 1440 552 vobis
1461 493 1494 553 et
1515 492 1666 553 ecclesiae
1687 494 1807 554 vestrae

159 585 417 673 reprehensioni
445 585 628 663 subjacent,
645 589 680 648 in
695 589 778 649 viris
792 591 959 666 religiosis
1014 591 1135 666 poterit
1158 589 1316 665 obsequia
1339 589 1509 661 exhibere,
1534 589 1574 650 ad
1600 589 1808 650 devotionem

162 684 256 761 plena
282 683 364 744 sunt
394 685 601 762 contagionis
625 686 787 764 exemplo,
819 703 857 749 ac
884 689 959 751 ideo

162 781 236 842 sunt
254 782 410 842 severius
431 783 642 855 vindicanda,
668 784 859 847 discretioni
877 803 958 847 ves-

159 882 217 940 trae
231 894 294 956 per
303 880 498 956 Apostolica
518 880 642 958 scripta
662 882 857 944 mandamus
877 901 961 962 qua-

159 979 254 1039 tenus
269 977 313 1037 ad
335 976 510 1054 praefatum
534 980 774 1041 monasterium
800 998 961 1058 persona-

160 1074 234 1136 liter
255 1075 473 1149 accedentes,
503 1077 537 1139 et
566 1077 725 1139 hahentes
754 1096 823 1156 prae
854 1082 959 1142 oculis

160 1172 266 1233 solum
283 1176 402 1245 Deum,
429 1174 589 1251 inquisita
617 1191 718 1253 snper
736 1177 961 1253 praemissiset

159 1270 234 1331 aliis
255 1270 292 1333 et
313 1272 447 1347 cognita
466 1271 605 1334 veritate
637 1274 811 1350 corrIgatis
837 1276 870 1337 et
897 1278 961 1338 sta·

160 1367 261 1429 tuatis
272 1369 344 1429 tam
359 1370 395 1428 in
410 1370 519 1445 capite
538 1387 637 1447 quam
654 1371 690 1431 in
714 1371 870 1434 membris
886 1390 960 1452 quse

158 1466 344 1528 secundum
355 1469 459 1527 Deum
472 1468 504 1529 et
513 1468 703 1544 regularem
715 1469 959 1532 observantiam

159 1563 360 1640 corrigenda
383 1564 544 1638 videritis,
567 1564 620 1627 vel
644 1567 745 1628 etiam
768 1569 958 1630 statuenda.

160 1660 429 1724 contradictores
442 1678 684 1739 percensuram
699 1664 960 1730 ecclesiasticam

163 1758 390 1835 appellatione
402 1760 583 1839 postposita
600 1763 850 1839 compescendo.
867 1765 959 1835 Quod

163 1855 272 1917 sinon
287 1872 415 1928 omnes,
432 1858 508 1930 etc„
522 1857 586 1919 duo
604 1860 750 1921 vestrum
765 1861 826 1921 etc.
841 1861 959 1926 natum

164 1954 330 2025 Laterani,
349 1954 494 2016 secundo
517 1971 623 2016 nonas
638 1956 837 2030 novembris,
856 1959 960 2035 ponti-

165 2050 283 2113 ficatus
295 2051 404 2113 nostri
419 2068 507 2113 anno
521 2052 640 2130 primo.

546 2266 577 2350 L

172 2451 220 2511 Ad
232 2453 431 2526 episcopum
447 2450 481 2514 et
500 2452 689 2527 capitelam
702 2457 958 2518 ambianenses.

1013 688 1158 748 vestram
1180 687 1303 748 arctius
1319 688 1533 763 astringatur.
1558 688 1649 759 Quod
1672 687 1700 747 si
1724 687 1809 749 forte

1014 785 1049 845 in
1064 784 1205 845 eeclesia
1218 786 1400 846 memorata
1413 785 1471 846 illa
1481 786 1534 845 vel
1550 785 1616 846 alia
1632 786 1809 861 praehenda

1014 898 1081 942 non
1106 884 1203 943 vacat
1225 883 1266 943 ad
1288 899 1446 958 praesens,
1477 884 1583 960 primo
1612 886 1806 945 vacaturam

1014 980 1137 1041 nostrae
1163 980 1335 1042 donationi
1360 982 1527 1042 reservari
1549 982 1703 1059 jubemus
1726 998 1808 1058 per-

1015 1094 1105 1139 sonae
1140 1078 1268 1139 idoneae
1304 1078 1554 1151 conterendam,
1594 1079 1810 1141 decernentes

1014 1173 1145 1233 irritum
1159 1176 1191 1235 et
1202 1174 1303 1235 inane
1314 1175 1342 1235 si
1357 1174 1435 1251 quid
1451 1175 1491 1235 ‹le
1504 1175 1576 1251 ipsa
1592 1177 1706 1237 contra
1720 1191 1812 1235 man·

1015 1271 1128 1332 datum
1156 1273 1306 1333 nostrum
1332 1275 1456 1332 temere
1483 1271 1583 1334 inerit
1603 1274 1809 1335 attentatum.

1015 1368 1133 1429 Datum
1143 1369 1312 1437 Laterani,
1325 1371 1355 1429 ΙΙ
1365 1385 1470 1431 nonas
1488 1370 1690 1439 novembris,
1701 1370 1812 1446 ponti-

1015 1465 1133 1527 ficatus
1149 1467 1253 1528 nostri
1266 1482 1354 1529 anno
1371 1466 1488 1544 primo.

1389 1688 1439 1774 LI

1014 1886 1065 1943 Ad
1085 1886 1226 1956 priores
1251 1884 1475 1958 prioraintnn
1509 1888 1642 1946 ordinis
1663 1888 1697 1946 S.
1724 1889 1811 1983 Aug

1251 1985 1419 2044 Yrevallis
1431 1983 1464 2044 ei
1473 1986 1581 2045 Antei.

1315 2095 1404 2152 dnov
1430 2096 1508 2153 1216.

1078 2218 1168 2282 [ilug0‚
1179 2217 1260 2268 Sacrae
1272 2218 1434 2283 antiquitatis
1448 2225 1614 2270 monumenta
1630 2220 1750 2270 historica

1207 2297 1292 2362 dogm.
1310 2298 1418 2362 diplom.
1432 2306 1452 2349 t.
1463 2301 1483 2355 l,
1497 2314 1523 2363 p.
1539 2300 1604 2364 ibt]

1015 2443 1146 2498 hoscum
1159 2439 1292 2498 omnibus
1305 2439 1388 2499 honis
1402 2440 1455 2498 sub
1470 2442 1731 2514 apostolicaesedis
1745 2458 1809 2516 pro·

1050 2529 1173 2587 tectione
1186 2531 1315 2602 suscipit,
1328 2531 1536 2602 possessiones,
1552 2530 1679 2588 decimas
1692 2533 1733 2587 eis
1746 2546 1812 2588 con-

1050 2618 1154 2687 tlrrnnt,
1179 2617 1346 2690 eisdemque
1377 2616 1506 2691 indulget
1531 2618 1567 2675 ad
1595 2620 1811 2691 temperandam

1050 2708 1243 2763 austeritatem
1261 2721 1375 2777 semper
1391 2706 1474 2763 nudis
1500 2706 1619 2780 pedibus
1635 2708 1809 2778 ambulandi,

1013 2842 1015 2848 s
1049 2802 1108 2852 ute
1125 2794 1196 2852 lesio
1207 2796 1236 2853 S.
1249 2796 1362 2853 Martini
1382 2794 1417 2852 ed
1432 2794 1573 2853 kalendas
1588 2797 1685 2868 aprilis
1700 2798 1811 2855 clericis

1050 2894 1149 2940 eorum
1159 2884 1244 2941 liceat
1256 2883 1450 2942 calceamenta
1466 2893 1588 2958 portare.

459 2565 558 2623 inov.
580 2566 659 2624 lilii.

211 2688 333 2751 [liegest.,
348 2687 501 2752 lih.l,epist.
514 2686 554 2739 le.
572 2689 630 2740 llss.
643 2692 679 2742 La
690 2692 764 2742 Ponte
775 2692 809 2743 du
818 2693 913 2756 Theti]

170 2820 308 2894 Episcopo
332 2829 361 2877 et
382 2821 506 2894 capitulo
524 2821 765 2883 Ambianensibns
779 2826 912 2901 injungit,
930 2835 961 2886 ut

200 2908 232 2966 i.
248 2909 354 2967 clerico
371 2916 439 2968 nato
457 2910 559 2968 nobilis
578 2913 631 2968 viri
643 2912 766 2971 Andros
775 2915 877 2973 lliliari
890 2917 961 2974 civis

201 2998 321 3054 Romani
339 2996 533 3070 prehendam,
550 3014 634 3071 quam
656 2999 802 3059 lohannes
824 3002 959 3075 Stephani

199 3085 339 3143 incorum
359 3086 480 3144 ecclesia
507 3086 661 3157 obtinebat,
686 3088 838 3148 liberaliter
860 3091 931 3149 conl
947 3124 958 3135 ·

200 3181 275 3231 rani.

1054 3019 1221 3080 Honorius
1234 3020 1544 3097 episcopusservus
1555 3037 1727 3083 servorum
1737 3024 1807 3093 Dei,

1014 3115 1144 3178 dilectis
1168 3116 1246 3178 liliis
1270 3116 1436 3194 prioribus
1459 3117 1666 3195 prioratuum
1681 3119 1809 3181 ordinis

1017 3215 1048 3274 S.
1071 3214 1248 3290 Augustini
1262 3215 1429 3277 Yrevallis
1445 3217 1477 3277 et
1491 3216 1597 3287 Abiei,
1615 3217 1755 3279 salutern
1777 3220 1810 3280 et

204 3310 391 3383 Honorius,
416 3311 491 3384 etc,
524 3310 709 3374 venerabili
735 3314 899 3393 episcopo,
928 3319 960 3379 et
1014 3311 1520 3388 apostolicambenedictionem.

168 3405 294 3469 dilectis
308 3406 389 3468 filiis
405 3407 549 3486 capitulo
564 3407 759 3472 Ambianen.
1053 3409 1226 3471 evolantis
1250 3409 1285 3470 in
1305 3409 1518 3473 solitudinem
1536 3412 1696 3474 columbae
1719 3411 1810 3473 desi-

203 3505 332 3576 Quanto
348 3504 415 3567 vim
430 3505 552 3568 nostrae
573 3508 780 3570 auctoritatis
801 3507 959 3572 humilius
1015 3505 1143 3567 derium
1156 3507 1313 3580 aemulati,
1331 3508 1445 3569 mundi
1460 3525 1519 3570 vos
1532 3503 1808 3572 delectationibus

167 3598 367 3689 inclinamus
398 3618 419 3663 a
449 3602 542 3666 vohis
575 3605 728 3681 precihus
763 3607 960 3684 postulando
1015 3604 1229 3677 subduxistis,
1244 3604 1280 3666 ut
1303 3605 1407 3666 libere
1429 3605 1544 3668 sedere
1564 3608 1698 3683 possitis
1720 3608 1809 3668 circa

167 3699 247 3774 quod
261 3715 400 3776 pennos
415 3699 546 3763 efficere
570 3718 801 3779 possumusex
815 3705 962 3782 plenitu-
1014 3700 1113 3777 pedes
1134 3701 1264 3760 Domini
1289 3717 1363 3761 cum
1382 3704 1502 3771 illaria,
1525 3703 1694 3764 attenditis
1719 3704 1809 3765 enim

166 3794 241 3856 dine
261 3796 448 3873 potestatis,
464 3798 557 3860 tanto
570 3801 754 3877 promptius
782 3818 841 3863 vos
867 3802 961 3865 decet
1014 3797 1154 3871 gloriam
1169 3813 1399 3874 supernorum,
1416 3800 1449 3859 et
1459 3815 1518 3875 pro
1530 3802 1669 3876 utroque
1680 3799 1809 3876 irriguo

165 3908 342 3971 assurgere
355 3894 398 3955 ad
413 3896 527 3957 nostra
550 3896 758 3973 beneplacita
778 3899 961 3963 efficaciter
1014 3890 1223 3968 deplorantes
1239 3891 1420 3953 iss⁰0¹at¹11¹1
1434 3894 1580 3953 Vestrum
1603 3893 1807 3969 prolongari,

164 3991 393 4070 exsequenda,
412 3993 449 4055 ut
476 3993 561 4069 quod
587 4009 723 4056 necesse
748 3997 798 4058 est
823 3998 960 4074 provide
1014 3988 1140 4050 diutins
1161 3989 1348 4066 suspiratis.
1377 3992 1464 4051 Sane
1490 3991 1649 4067 optimam
1677 3993 1806 4067 partem

165 4088 335 4165 cupientes
350 4105 393 4152 ex
407 4086 529 4152 affectu
543 4091 636 4153 vobis
656 4093 809 4154 meritum
826 4111 961 4173 compa·
1014 4087 1173 4163 elegistis,
1191 4086 1247 4164 qni
1261 4086 1398 4148 calcatis
1420 4087 1547 4150 divitiis
1571 4090 1612 4150 et=
1625 4088 1809 4151 honoribus

164 4187 254 4256 retis,
270 4187 438 4249 reddendo
462 4204 523 4250 nos
538 4190 658 4250 exinde
679 4190 773 4252 vohis
797 4193 830 4254 et
853 4194 962 4254 eccle.
1014 4184 1112 4263 hujus
1128 4184 1253 4258 mundi,
1270 4184 1391 4262 abjecti
1406 4185 1485 4246 estis
1502 4186 1538 4246 in
1554 4186 1651 4248 domo
1663 4188 1806 4249 Domini.

164 4284 221 4346 siae
243 4286 367 4347 vestrae
389 4284 589 4347 favorabiles
619 4288 652 4348 et
676 4287 848 4365 benignos.
875 4291 960 4352 Hinc
1053 4282 1122 4342 NOS
1142 4281 1253 4343 autem
1272 4281 1363 4359 pium
1382 4283 1529 4344 vestrum
1548 4285 1754 4360 propositum
1773 4283 1810 4345 in

165 4383 214 4443 est
237 4382 327 4459 quod
345 4382 596 4445 universitatem
619 4386 960 4463 vestrammgandam
1014 4379 1152 4440 Domino
1177 4379 1409 4456 approbantes,
1435 4397 1596 4456 personas
1620 4385 1748 4443 vestras
1777 4383 1810 4443 et

164 4476 319 4540 duximus
334 4480 368 4541 et
379 4480 577 4541 monendam
590 4497 650 4558 per
665 4484 856 4559 Apostoljca
866 4485 960 4547 vohis
1013 4476 1133 4549 locum,
1155 4476 1190 4537 in
1206 4493 1269 4555 quo
1285 4476 1397 4539 divino
1411 4479 1491 4539 estis
1507 4478 1665 4555 obsequio
1680 4480 1809 4540 manci-

164 4577 286 4653 scripta
302 4577 417 4639 stricte
439 4577 662 4655 praecipiendo
675 4580 869 4643 mandantes
882 4599 960 4659 qua.
1014 4574 1094 4652 pati,
1113 4591 1187 4635 curn
1211 4575 1362 4637 omnihus
1382 4574 1489 4647 bonis,
1506 4592 1580 4651 quae
1599 4576 1634 4635 in
1656 4591 1809 4650 praesen-

164 4674 257 4735 tenus
281 4674 404 4743 dilecto
429 4673 500 4736 filio
525 4679 563 4737 h.
589 4676 712 4738 clerico
738 4679 816 4740 nato
838 4680 959 4743 nobilis
1013 4673 1134 4734 tiarum
1144 4671 1566 4747 rationabiliterpossideiis
1579 4674 1611 4730 et
1620 4671 1809 4733 infuturum

163 4771 226 4831 viri
252 4771 398 4833 Andreae
423 4770 549 4833 Miliari
574 4773 657 4835 civis
684 4775 836 4848 Romani,
864 4780 959 4855 cuius
1010 4769 1110 4846 iustis
1141 4768 1258 4840 modis,
1282 4769 1460 4844 praessiflssie
1482 4767 1631 4837 Domino,
1660 4769 1810 4845 poteritis

163 4867 259 4930 iidem
281 4869 316 4929 et
329 4868 540 4930 devotionem
564 4869 600 4930 in
626 4870 738 4932 multis
764 4888 876 4934 sumus
894 4891 958 4936 ex·
1013 4864 1165 4943 adipisci,
1174 4865 1235 4925 sub
1247 4865 1445 4942 apostolicae
1461 4864 1555 4925 Sedis
1569 4865 1601 4925 et
1612 4866 1724 4927 nostra
1737 4883 1811 4944 pro-

163 4966 245 5043 perti
258 4965 447 5043 disciplinis
463 4967 671 5028 scholasticis
684 4969 861 5043 insistenti,
879 4989 960 5049 prae-
1013 4963 1157 5026 tentione
1183 4963 1392 5039 suscipimus.
1419 4963 1652 5024 possessiones
1679 4982 1810 5042 quoque

162 5061 303 5125 bendam
318 5080 418 5141 quam
432 5064 601 5126 iohannes
618 5066 776 5143 Stephani
794 5068 830 5128 in
852 5071 961 5132 eccle·
1014 5076 1096 5139 quas
1115 5060 1203 5121 inira
1219 5059 1376 5122 statutum
1396 5075 1416 5120 a
1434 5059 1531 5120 nohis
1549 5062 1728 5123 terminum
1753 5080 1812 5124 ac-

164 5161 212 5221 sia
237 5161 352 5223 vestra
375 5162 525 5223 noscitur
549 5162 717 5234 hahuisse,
735 5165 775 5225 oh
800 5182 960 5229 reveren.
1014 5158 1173 5237 quisistis,
1193 5158 1337 5220 decimas
1357 5158 1459 5220 etiam
1473 5160 1640 5220 terrarum
1660 5161 1810 5237 acquisi-

164 5257 241 5319 tiam
252 5258 453 5337 apostolica
466 5260 560 5321 Sedis
573 5261 607 5323 et
618 5262 764 5323 nostram
777 5262 960 5327 liberanter
1013 5255 1259 5319 tarumavobis
1270 5258 1347 5318 anie
1357 5257 1715 5334 conciliumgenerne,
1728 5274 1811 5335 quas

124 5360 128 5365 ’
165 5356 355 5429 conteratis,
388 5372 505 5433 preces
533 5358 567 5420 et
591 5359 782 5420 mandatnm
809 5364 958 5423 nostrum
1013 5354 1156 5432 propriis
1188 5354 1356 5426 manibuS,
1389 5356 1447 5416 aut
1475 5354 1659 5430 sumptibus
1683 5355 1809 5428 colitis,

166 5453 273 5516 taliter
300 5454 482 5531 impleturi,
513 5455 598 5532 quod
626 5458 745 5518 vestrae
774 5457 958 5521 devotionis
1014 5452 1100 5513 sicui
1141 5467 1160 5512 a
1204 5452 1424 5529 quadraginta
1472 5452 1570 5512 annis
1619 5454 1813 5527 possedistis

169 5548 317 5614 allectum
333 5551 499 5629 possimus
513 5551 634 5612 exinde
648 5553 767 5614 merito
788 5570 958 5618 commen.
1014 5550 1173 5611 canonice
1188 5550 1222 5611 et
1235 5550 1357 5627 quiete,
1371 5550 1464 5610 vohis
1479 5551 1512 5611 ei
1529 5549 1680 5626 personis
1694 5554 1813 5613 vestrae

61 5660 68 5667 ’
169 5646 254 5722 dare,
269 5665 308 5712 ac
318 5649 581 5729 praenominatus
596 5648 717 5712 nobilis
731 5651 787 5728 qui
810 5668 870 5731 pro
886 5655 958 5718 1000
1013 5646 1813 5723 ecclesiae,auctoritateApostolicaconfirmamus
