3968 6204
183 266 243 329 aas
642 267 818 330 nouoarr
840 228 1108 328 aroanna-
1129 264 1363 328 sonneras.
1772 272 1833 336 isa

180 441 247 499 res,
264 441 324 488 seu
341 427 476 489 Petrum
500 428 533 490 et
548 427 688 488 Paulum
711 426 753 488 ad
775 442 839 487 me.
862 426 902 489 nt
916 424 979 488 hoc
1032 440 1052 486 s
1072 440 1158 494 mus,
1177 427 1210 490 et
1223 443 1290 489 non
1306 427 1484 505 praetereat
1497 442 1558 490 nos
1577 426 1639 491 ilos
1657 432 1830 509 temporis,

180 525 290 603 potest
330 524 397 587 dici
432 525 473 586 de
510 525 617 602 prima
652 525 843 599 vocatione,
879 523 976 597 idest,
1033 539 1271 586 «coronemus
1292 541 1353 588 nos
1374 525 1461 588 rosis
1482 529 1661 606 antequam
1681 546 1835 592 marces·

181 623 314 701 quando
328 622 461 685 vocarit
479 638 537 684 eos
556 621 591 684 in
604 624 792 700 Apostolos,
809 623 843 685 et
864 623 979 686 statuit
1033 640 1051 682 a
1073 622 1159 684 cant.
1167 623 1304 685 Nullum
1314 625 1445 701 pratum
1456 623 1500 688 sit
1509 626 1595 703 quod
1605 642 1672 688 non
1680 629 1832 705 pertran-

182 737 286 782 unum
294 720 420 784 iudaeis
435 720 470 781 in
482 720 714 797 apostolatum,
730 723 764 784 et
782 722 885 783 aliurn
895 736 980 798 gen·
1032 734 1051 777 s
1072 721 1143 781 seat
1157 720 1292 781 luxuria
1305 722 1430 782 nostra.
1445 737 1464 781 ι
1478 721 1666 785 Adaemone
1680 724 1719 787 iit
1730 742 1833 788 rere-

181 819 293 881 tibus:
320 818 417 890 idest,
433 817 531 880 altari
555 818 645 882 dedit
666 820 886 897 apostolatum
906 819 976 881 cir·
1032 815 1113 879 latio
1133 816 1186 879 rel
1210 817 1398 895 inspiratio,
1419 820 1548 896 quoties
1569 821 1685 900 iniqua
1705 824 1738 885 et
1758 840 1834 886 ma-

180 916 395 978 cumcisionis
413 931 473 978 seu
489 918 598 990 Petro,
621 918 653 980 et
676 918 735 980 alii
756 918 977 996 apostolatum
1032 912 1122 991 ligna
1141 915 1386 992 persuadentur
1397 916 1432 977 in
1446 917 1546 979 corde
1561 918 1718 981 hominis.
1734 920 1833 983 Unde

180 1013 345 1092 praeputii,
358 1030 418 1074 seu
430 1013 546 1075 Paulo.
559 1014 651 1086 Quod
664 1015 763 1077 etiam
778 1014 901 1077 Paulus
912 1014 979 1076 tes·
1032 1014 1082 1075 est
1103 1013 1185 1075 illud
1209 1013 1244 1075 in
1267 1013 1353 1076 libro
1376 1015 1580 1093 Sapientiae:
1601 1017 1833 1083 ‹Circumve-

178 1113 269 1173 tatur
293 1111 431 1173 dicenst
461 1114 525 1179 Qui
547 1113 711 1187 operatas
737 1113 790 1176 est
810 1113 920 1175 Petro
940 1115 978 1174 ia
1032 1126 1052 1172 s
1072 1111 1203 1172 niamus
1213 1112 1353 1189 justum,
1370 1113 1527 1190 quoniam
1549 1114 1679 1178 inutilis
1698 1118 1749 1181 est
1764 1134 1832 1180 no·

179 1210 372 1285 apostolatu
392 1212 676 1293 circumcisionis,
692 1212 856 1286 operatus
870 1210 924 1271 est
943 1210 979 1272 et
1031 1224 1050 1267 ι
1070 1208 1133 1282 bis,
1142 1210 1352 1272 contumeliis
1361 1212 1394 1272 et
1405 1210 1577 1275 tormentis
1587 1214 1831 1292 interrogemus

179 1313 265 1372 mibi
278 1309 373 1371 iuter
385 1309 505 1385 peotes
520 1304 641 1388 (Galat.
655 1324 691 1382 ιι,
708 1306 754 1389 8).
772 1308 977 1370 Undeetlam
1030 1323 1050 1369 s
1071 1307 1182 1381 illum,
1210 1310 1318 1370 morta
1347 1309 1540 1387 turpissima
1570 1312 1832 1376 condemnemus

181 1423 282 1469 unam
291 1406 422 1483 virgam
436 1407 568 1468 vocavit
579 1406 744 1479 decorem,
760 1407 793 1469 et
807 1407 870 1468 hoc
882 1422 978 1485 prop-
1032 1421 1052 1467 s
1073 1421 1191 1467 enm.»
1213 1404 1304 1486 (Sap.
1331 1422 1367 1476 11,
1386 1405 1452 1487 12.)
1470 1410 1498 1469 Α
1518 1409 1586 1470 Deo
1611 1409 1648 1471 nt
1665 1412 1831 1474 revelatio

178 1509 230 1568 ter
250 1505 469 1583 gentilitatem
484 1520 558 1583 quae
579 1519 639 1582 per
652 1503 804 1566 decorem
821 1503 978 1581 designa·
1031 1503 1085 1567 rel
1099 1503 1287 1582 inspiratio,
1304 1506 1434 1583 quoties
1449 1507 1564 1568 sancta
1579 1509 1614 1569 et
1624 1508 1721 1570 utilia
1735 1525 1831 1573 rere·

179 1606 245 1667 tur.
270 1603 364 1667 Unde
386 1603 422 1664 in
448 1602 584 1664 cantico
608 1602 838 1665 canticorum:
863 1607 977 1680 Niara
1031 1602 1146 1665 lantur
1176 1603 1211 1664 in
1244 1604 1344 1665 corde
1376 1603 1521 1665 bominis
1551 1604 1660 1681 gratia
1685 1607 1830 1684 Spiritus

179 1718 268 1775 som,
284 1706 344 1765 sed
362 1705 517 1778 formosa
532 1697 639 1780 (Cant.
661 1717 683 1773 1,
701 1699 733 1781 4)
751 1702 887 1780 propter
904 1701 978 1764 oul-
1033 1700 1157 1762 Sancti.
1181 1700 1275 1763 Unde
1299 1701 1459 1778 scriptum
1477 1703 1528 1765 est
1545 1702 1581 1764 in
1598 1704 1770 1767 brachiale
1787 1705 1830 1767 da

180 1803 250 1863 tum
266 1800 364 1861 unius
379 1800 439 1861 Dei
452 1815 549 1877 quem
564 1800 746 1877 receperat
763 1800 865 1872 Quasi
883 1800 977 1861 dice·
1031 1798 1155 1861 sanctis
1170 1798 1394 1860 animalibus:
1416 1803 1475 1863 Ubi
1497 1802 1576 1863 erat
1590 1803 1741 1876 impetus
1755 1807 1832 1879 spi-

179 1901 233 1963 ret
254 1898 433 1962 Dominus:
460 1900 568 1960 Unam
594 1897 775 1973 virgarum,
799 1898 853 1960 rel
873 1913 976 1959 unum
1030 1898 1133 1970 ritas,
1147 1900 1225 1960 iiiuc
1237 1898 1487 1973 erudiebantur
1501 1896 1634 1978 (lizecb.
1650 1918 1673 1969 1,
1688 1903 1748 1979 12).
1761 1903 1832 1963 Irn-

179 1998 346 2077 pastorem
358 1996 496 2059 tradidit
505 1995 685 2072 gentilitati
695 2012 769 2074 quae
783 1996 978 2073 designatur
1031 1995 1127 2073 petus
1142 1994 1280 2072 spiritns
1295 1996 1347 2058 est
1361 1994 1402 2057 ad
1417 1998 1533 2058 sancta
1550 2013 1652 2075 opera
1670 1999 1704 2061 at
1718 1999 1830 2069 utilia,

180 2111 240 2174 per
263 2094 431 2166 decorem,
459 2094 492 2156 et
519 2092 621 2154 aliam
647 2093 818 2169 virgarum
845 2094 977 2156 vocarit
1031 2090 1173 2170 impetus
1192 2093 1303 2155 autem
1327 2092 1438 2154 carnis
1451 2094 1493 2154 ad
1510 2094 1690 2158 luxuriam.
1707 2098 1831 2160 Sancta

180 2193 376 2265 funiculum,
400 2191 500 2264 idest,
524 2191 696 2269 judaicum
722 2192 890 2270 populum,
919 2191 976 2270 qui
1031 2190 1202 2264 animalia,
1222 2190 1320 2264 idest,
1345 2192 1470 2253 sanctas
1489 2192 1610 2254 animae
1629 2193 1832 2270 gradiuntur

179 2291 375 2368 designatur
384 2306 444 2367 per
456 2288 652 2361 funiculum,
665 2289 722 2367 qui
736 2289 889 2366 designat
900 2290 975 2351 bae·
1032 2288 1089 2350 ubi
1103 2290 1153 2350 est
1170 2288 1310 2365 impetus
1327 2288 1471 2365 Spiritus
1491 2291 1617 2363 Sancti,
1641 2291 1721 2369 quia
1747 2292 1832 2356 iacit

179 2389 365 2461 reditatem,
386 2388 464 2466 quia
478 2387 568 2449 terra
578 2402 693 2448 eorum
708 2386 974 2462 mensurabatur,
1029 2386 1236 2450 voluntatem
1250 2384 1321 2449 Dal.
1337 2386 1419 2448 Mali
1433 2403 1513 2449 rero
1528 2388 1665 2466 spiritus
1682 2405 1832 2467 sequun-

181 2489 214 2551 et
229 2488 388 2549 Dominus
408 2485 498 2547 dedit
514 2484 617 2547 Jacob
638 2486 672 2546 et
690 2484 887 2564 sequacibus
903 2489 975 2564 ejus
1029 2484 1086 2551 tur
1099 2485 1257 2564 impetum
1276 2485 1399 2557 carnis,
1417 2484 1495 2563 quia
1510 2487 1697 2564 sequuntur
1710 2487 1832 2551 diabo-

180 2587 215 2648 in
230 2585 471 2648 haereditatem.
486 2582 579 2645 Unda
592 2583 751 2645 Dominus
769 2582 872 2647 Jacob
886 2605 895 2645 ι
909 2588 977 2646 Pu·
1031 2584 1110 2657 lum,
1128 2585 1223 2662 cujus
1238 2598 1340 2661 opera
1354 2582 1492 2646 iaciunt.
1684 2662 1689 2671 .

179 2688 314 2747 awaus
334 2682 549 2745 baereditatis
566 2696 654 2743 meaa
668 2680 782 2760 (Daui.
796 2697 906 2757 xxxrr,
928 2681 974 2761 9).
1072 2682 1223 2746 Secundo
1233 2683 1331 2745 vocat
1342 2698 1417 2743 eum
1431 2683 1565 2745 Petrum
1578 2680 1738 2746 dicendo:
1754 2688 1831 2762 ligo

179 2786 226 2845 llo
254 2782 284 2843 si
312 2781 437 2843 diceret
462 2779 643 2842 Dominus:
663 2779 771 2841 Aliam
791 2780 974 2857 virgarum,
1030 2784 1104 2844 dice
1119 2782 1190 2854 iibi,
1206 2784 1288 2855 quia
1302 2781 1340 2843 iu
1354 2780 1544 2854 &Petram
1565 2780 1601 2842 et
1620 2787 1831 2857 superbam

181 2881 281 2953 idest,
307 2879 409 2941 aliurn
434 2880 601 2956 pastorem
620 2876 742 2939 tradidi
757 2876 893 2955 judaico
915 2893 977 2957 po·
1028 2881 1178 2954 petram,
1194 2878 1292 2950 idest,
1309 2895 1409 2957 super
1422 2895 1475 2940 rna
1490 2878 1546 2956 qni
1570 2895 1643 2939 sum
1658 2878 1774 2941 firmus
1796 2881 1833 2944 et

179 2979 270 3059 pulo,
287 2979 343 3057 qui
356 2976 551 3053 designatur
565 2991 625 3051 per
639 2974 834 3038 funiculum.
972 3006 978 3012 ·
1031 2976 1160 3039 stabilis
1175 2977 1208 3039 et
1221 2977 1316 3039 fortis
1336 2978 1422 3039 sicut
1435 2978 1539 3054 petra,
1556 2978 1731 3049 aedificabo
1752 2982 1824 3040 Uc-

219 3081 284 3140 Per
308 3077 422 3153 virgas
442 3090 521 3150 ergo
545 3072 663 3135 merito
683 3073 900 3150 designantur
920 3074 976 3138 isti
1030 3078 1171 3138 alesiam
1183 3089 1309 3137 meam.
1324 3075 1607 3138 iuesPctrraei
1620 3090 1727 3152 super
1740 3080 1831 3138 iaaac

178 3178 329 3254 pastores
346 3174 380 3234 et
401 3173 471 3234 alii.
490 3171 723 3249 Unusquisque
736 3172 847 3233 autem
864 3175 977 3251 pastor
1027 3174 1169 3250 petram
1200 3173 1373 3246 aediltcabo
1405 3176 1592 3235 boriosam
1624 3188 1751 3248 mam,
1795 3176 1831 3237 at

179 3274 276 3338 debet
307 3270 431 3334 babere
464 3269 609 3348 quinque
639 3270 763 3346 virgas.
793 3271 976 3335 Pastoralis
1027 3274 1142 3349 pmice
1168 3275 1276 3348 inseri
1302 3286 1372 3333 aaa
1393 3273 1631 3345 maeoaiebuat
1657 3275 1828 3336 adomim

179 3373 269 3435 enim
287 3386 367 3433 cura
384 3369 421 3431 in
443 3369 589 3446 quinque
605 3367 765 3429 consistit.
782 3367 895 3442 Debet,
918 3370 976 3431 in·
1031 3385 1108 3432 eam
1127 3368 1257 3450 (Mattb.
1271 3385 1339 3442 xri,
1357 3367 1421 3448 18).
1440 3371 1522 3431 Cum
1534 3370 1623 3431 enim
1636 3371 1680 3432 sit
1701 3370 1825 3432 runda-

179 3488 290 3550 quam,
322 3468 428 3531 bonus
460 3466 575 3545 pastor
602 3465 726 3528 babere
751 3466 881 3544 virgam
902 3469 976 3531 dis·
1030 3470 1084 3530 tor
1117 3469 1151 3529 at
1183 3466 1434 3529 fundamentum
1470 3465 1642 3540 Ecclesiae,
1676 3467 1825 3545 prolecto

179 3570 327 3649 ciplinae‚
352 3567 481 3644 virgam
505 3564 677 3641 potentiae,
706 3564 836 3641 virgam
865 3566 978 3629 scien·
1031 3566 1135 3643 portae
1157 3563 1257 3626 inferi
1276 3563 1435 3626 adversus
1459 3580 1533 3626 eam
1556 3567 1737 3643 praevalere
1760 3581 1830 3627 non

178 3670 246 3742 tiae,
260 3668 390 3743 virgam
405 3664 575 3735 custodiae,
594 3665 628 3725 et
643 3662 773 3739 virgam
785 3663 978 3726 misericor·
1031 3665 1179 3742 possunt,
1196 3663 1275 3741 quia
1293 3660 1543 3725 fundamentum
1562 3663 1728 3726 immobile
1749 3679 1831 3740 pcr-

179 3768 254 3830 diae.
286 3765 398 3827 Prtma
427 3762 478 3826 est
505 3760 608 3833 utilis,
636 3760 782 3823 secunda
802 3762 974 3839 terribilis,
1031 3762 1172 3823 severat.
1199 3763 1328 3838 Dequo
1349 3759 1430 3823 dicit
1451 3760 1658 3840 Apostolus:
1682 3764 1827 3823 mada-

178 3866 279 3929 tertia
318 3862 442 3934 dulcis,
480 3860 597 3938 quarta
634 3859 974 3938 circumspectabilis,
1030 3862 1187 3922 mantiam
1208 3859 1360 3943 positum
1380 3860 1443 3932 ast,
1463 3861 1599 3934 prater
1624 3863 1714 3934 qaod
1737 3863 1832 3922 atiud

179 3963 295 4043 quinta
324 3960 453 4032 suavis,
481 3957 569 4019 idest
593 3957 835 4020 misericordia.
872 3960 976 4037 Virga
1026 3960 1113 4034 poci
1132 3972 1202 4019 aaa
1222 3946 1344 4030 potest,
1367 3958 1456 4029 quod
1476 3955 1529 4016 est
1549 3958 1653 4017 Jesus
1673 3958 1832 4020 cbristus

180 4062 268 4124 enim
299 4056 483 4134 disciplinae
516 4055 664 4131 corrigit,
700 4057 796 4131 virga
819 4057 976 4133 potentiae
1032 4053 1061 4135 (l
1081 4056 1156 4116 Gor.
1178 4068 1228 4126 ιιι,
1257 4050 1321 4130 11).
1345 4050 1437 4113 Licet
1457 4065 1537 4127 ergo
1558 4050 1715 4113 uaricula
1739 4055 1832 4116 Petri

179 4158 285 4238 punit,
300 4157 395 4230 uirga
408 4153 558 4214 scientiae
575 4151 695 4224 erudit,
707 4151 803 4229 virga
817 4152 976 4216 custodiae
1030 4152 1161 4228 magnis
1176 4149 1331 4213 ductibus
1341 4149 1376 4210 in
1391 4148 1499 4210 madio
1510 4149 1612 4211 maris
1625 4153 1833 4229 saapejacte-

178 4255 297 4324 munit,
312 4254 407 4328 virga
426 4249 664 4313 misericordiae
684 4250 803 4327 parclt.
1030 4251 1095 4322 tur,
1107 4248 1291 4327 praesertim
1299 4263 1374 4308 curn
1384 4247 1420 4308 in
1433 4262 1472 4308 ea
1486 4246 1608 4309 dormit
1615 4249 1724 4322 iesus,
1737 4265 1834 4310 num·

220 4356 324 4417 Item:
343 4350 663 4420 BeatusesSimoa,
690 4351 877 4421 Bariana,
896 4353 978 4424 quio
1032 4363 1130 4425 quam
1149 4346 1262 4408 brnen
1281 4343 1521 4420 submergitur,
1542 4343 1620 4423 quia
1646 4347 1744 4407 Jesus
1765 4346 1834 4407 im·

178 4468 261 4517 coro
284 4451 319 4513 ci
331 4450 475 4526 scopiac
491 4461 560 4509 aaa
578 4446 746 4508 revetavit
767 4447 828 4509 tibi
842 4445 975 4526 (Mattb.
1031 4446 1128 4524 perat
1154 4444 1263 4505 ventis
1291 4442 1325 4504 et
1348 4443 1453 4516 mari,
1487 4442 1521 4503 et
1547 4442 1584 4504 iit
1604 4443 1832 4521 tranquillitas

178 4568 248 4624 xri,
261 4547 326 4630 17),
340 4547 495 4609 sicutnec
504 4530 620 4618 Paulo,
633 4543 721 4604 unde
733 4544 877 4621 ipseait:
892 4549 978 4607 Cum
1031 4558 1163 4620 magna,
1181 4542 1228 4604 ita
1240 4542 1276 4604 ut
1287 4540 1438 4604 homines
1456 4538 1533 4601 inde
1547 4539 1711 4602 mirentur
1725 4542 1760 4603 et
1773 4541 1831 4604 di-

179 4644 866 4722 auiempiacuiteiquimasegregaoiiea
877 4643 978 4705 atero
1032 4639 1321 4708 canttdaaiisesi
1334 4641 1481 4713 bicqaio
1491 4638 1833 4702 niareetoentiooe·

179 4749 307 4810 matris
326 4758 425 4817 meoe,
449 4742 488 4805 ut
502 4742 675 4803 revelaret
692 4741 803 4814 lilium
819 4755 923 4801 suarm
941 4744 979 4803 iu
1000 4804 1001 4807 ,
1033 4740 1132 4801 diunt
1150 4742 1183 4801 ci
1196 4740 1209 4798 t
1223 4736 1355 4818 (Mattb.
1373 4753 1446 4809 ιιιι,
1462 4734 1529 4816 27).
1550 4737 1629 4797 llaec
1644 4737 1695 4799 est
1713 4736 1832 4800 domus

180 4861 247 4918 aaa,
267 4845 429 4907 contiuuo
451 4855 520 4904 riou
534 4842 691 4915 acquievi
711 4842 813 4901 rarat
837 4839 871 4900 ai
895 4854 983 4901 saa-a
1033 4838 1091 4899 illa
1104 4836 1266 4906 sublimis,
1282 4834 1322 4897 de
1337 4850 1402 4912 qua
1416 4833 1629 4896 Veritasait:
1645 4837 1831 4898 Descendit

180 4944 279 5020 quini
294 4939 379 5015 (Gal.
395 4953 419 5010 1,
437 4936 485 5009 15,
503 4935 564 5007 16),
584 4936 681 5005 idest,
699 4935 820 4997 scribis
834 4934 867 4997 et
889 4934 980 4996 Pba·
1027 4940 1159 5013 plavia,
1176 4932 1347 4997 venamini
1361 4931 1518 5005 fiumina,
1529 4931 1706 5004 noverum
1718 4934 1827 5007 vend,

179 5038 301 5102 risaeis.
319 5038 400 5098 'ires
419 5034 497 5096 sunt
514 5032 642 5111 species
658 5033 900 5096 revelationum
923 5033 978 5096 rel
1032 5037 1068 5098 ei
1081 5032 1266 5098 irruerunt
1288 5035 1326 5094 ia
1345 5033 1485 5093 domum
1503 5032 1608 5102 tilam,
1631 5030 1665 5091 et
1687 5044 1757 5092 aaa
1774 5043 1834 5093 cc*

179 5130 976 5214 inspirationum.Aliaestacarne,etsanguine,
1032 5134 1135 5206 cidit;
1169 5130 1315 5207 madata
1337 5131 1431 5191 enim
1456 5128 1536 5189 erat
1562 5142 1671 5202 super
1690 5128 1832 5201 petram

181 5235 249 5298 alia
261 5250 281 5295 a
294 5233 455 5301 damona,
477 5228 545 5290 alla
563 5230 678 5290 abeo.
692 5231 720 5289 A
735 5242 836 5290 carne
853 5229 887 5291 et
899 5244 979 5290 san-
1033 5230 1164 5312 (Mattb.
1186 5245 1244 5303 ιιι,
1264 5226 1331 5307 25),
1355 5240 1456 5303 super
1473 5224 1582 5296 illem,
1603 5224 1769 5299 videlicet,
1791 5227 1833 5288 de

180 5334 282 5413 gulne
292 5330 330 5394 tlt
338 5327 499 5392 revelatio
509 5326 564 5388 rel
578 5324 765 5403 inspiratio,
778 5326 909 5405 quando
923 5342 978 5390 vo·
1032 5330 1073 5392 de
1094 5344 1159 5406 que
1174 5326 1255 5389 dicit
1272 5323 1449 5402 Apostolus
1466 5323 1600 5385 :Petra
1614 5322 1733 5386 autem
1752 5326 1833 5387 erat

179 5424 401 5508 luptuosarel
417 5423 627 5487 delectabilia
643 5423 978 5488 suadenturinoorde
1032 5426 1190 5490 cbristus
1221 5421 1251 5504 (1
1277 5424 1351 5484 Gor.
1380 5438 1415 5495 x,
1446 5419 1489 5499 1).
1517 5420 1613 5482 Patet
1637 5435 1718 5497 orgo
1742 5422 1830 5499 quod

179 5527 337 5593 bominis.
354 5523 448 5587 Unde
465 5524 516 5587 ast
528 5521 611 5585 illud
626 5522 660 5585 in
672 5522 758 5585 libro
773 5522 953 5601 Sapientiae
967 5544 975 5585 ε
1031 5522 1226 5602 apostolice
1245 5521 1346 5583 Sedes
1371 5535 1437 5581 non
1451 5517 1563 5581 deficit
1583 5518 1618 5579 in
1639 5517 1831 5581 tribulatio·

178 5626 305 5691 'ailino
327 5623 474 5703 pretioso
498 5626 532 5688 et
555 5623 734 5699 unguentls
752 5636 812 5683 nos
835 5619 978 5700 implee·
1031 5622 1140 5695 nibns,
1165 5620 1221 5683 sed
1236 5617 1418 5698 perficitur,
1440 5619 1476 5679 ut
1490 5616 1600 5678 dicere
1621 5614 1733 5679 valeat
1754 5632 1831 5680 cum
