3946 6196
109 352 169 415 4⁶1
751 349 984 413 urrsrousn.
1004 352 1082 411 crs.
1107 334 1132 410 i.
1297 333 1301 339 ’
1644 298 1649 312 ’
1709 352 1798 444 402¹

109 509 306 582 monachos,
317 508 549 587 episcoplsaut
559 510 789 587 episcoporum
801 509 917 570 minis·
969 508 1128 572 debemus
1146 509 1313 588 operibus,
1335 509 1384 571 stc
1399 509 1500 572 etlam
1522 518 1684 571 summam
1710 526 1771 571 cu-

109 609 174 672 tris
211 607 435 686 permittimus
468 606 671 670 facultatem.
709 607 915 670 auctoritate
969 623 1041 669 ram
1065 606 1223 670 adhibere
1246 610 1401 670 convenit
1419 623 1462 670 ne
1482 607 1567 686 quob
1589 606 1630 669 ab
1650 607 1699 670 eis
1714 608 1770 686 pia

109 708 214 770 etiam
231 706 423 783 Apostolica
441 705 536 767 vobis
555 705 711 767 duximus
733 704 913 782 indulgen·
969 706 1070 769 luerit
1095 707 1286 784 provisione
1310 708 1490 779 statutum,
1531 706 1646 779 nobis,
1681 706 1768 784 quod

110 805 204 873 dum,
233 804 270 866 ut
292 803 428 865 nonnisi
452 803 561 880 legato
590 820 609 865 a
642 804 747 866 latere
773 804 914 868 Romani
969 806 1275 877 avertatDominus,
1285 804 1539 881 negligentibus,
1552 805 1770 882 quorumdam

110 900 287 967 Pontificis
306 901 487 973 destinato,
512 901 689 977 legationis
712 902 847 964 obtentu
864 902 916 963 te·
968 902 1079 965 ualeat
1106 903 1342 980 impulsatione
1367 903 1506 964 turbari.
1537 905 1584 965 Ea
1615 904 1771 980 propter,

110 1000 264 1063 neamini
287 998 498 1075 respondere.
524 1001 629 1061 Porro
648 1001 715 1061 tam
735 1000 795 1062 tibi
817 1015 914 1077 qnam
969 999 1082 1063 dilecti
1104 1001 1139 1062 in
1161 1002 1300 1063 Domino
1316 1002 1389 1073 filii,
1413 1001 1615 1063 decisionem
1630 1002 1771 1063 contro·

110 1099 181 1161 tuis
197 1096 448 1159 successoribus
466 1095 635 1158 licentiam
654 1097 864 1173 indulgemus
879 1097 915 1157 in
969 1098 1088 1161 versiae
1108 1114 1181 1177 quae
1200 1100 1289 1161 inter
1312 1100 1551 1161 monasterium
1570 1101 1716 1160 vestrum
1737 1100 1774 1160 et

109 1194 326 1274 gravioribus
358 1188 502 1271 negotiis
537 1195 656 1257 Sedem
691 1195 914 1272 Apostolicam
969 1198 1116 1270 Petrum,
1142 1198 1308 1275 qnondam
1330 1197 1584 1259 Cluniacensem
1604 1196 1769 1268 abbatem,

110 1293 296 1371 appellare,
307 1308 368 1353 nee
377 1291 583 1370 appellantes
596 1293 806 1369 antenegotii
815 1293 914 1355 tinem
969 1310 1029 1372 pro
1053 1295 1259 1373 subjectione
1281 1312 1380 1374 quam
1408 1295 1496 1357 idem
1521 1294 1623 1357 abbas
1643 1294 1706 1355 sibi
1733 1295 1769 1357 in

111 1389 913 1468 laesioullacoutingat,quatenusauctoreDeoin
968 1394 1081 1454 vestro
1105 1394 1310 1456 monasterio
1330 1393 1531 1465 vindicabat,
1554 1392 1771 1470 quemadmo-

112 1491 242 1550 sanctae
252 1487 425 1564 religionis
434 1486 552 1550 studiis
562 1488 666 1565 quieti
677 1488 831 1550 acseduli
840 1504 914 1565 per·
969 1490 1076 1552 duma
1092 1490 1200 1553 felicis
1213 1492 1381 1553 memoriae
1397 1492 1641 1568 praedecessore
1655 1490 1770 1552 nostro

111 1602 250 1648 manere
263 1586 411 1663 possitis.
428 1587 508 1646 Cum
522 1588 632 1647 autem
642 1586 799 1663 generale
811 1588 914 1648 inter·
968 1590 1164 1651 Innocentio
1178 1604 1264 1668 papa
1289 1589 1445 1663 secunde,
1462 1589 1684 1666 matribusque
1700 1590 1769 1651 suis

111 1685 250 1757 dictum,
274 1683 350 1757 etc,
371 1699 478 1758 usquc
501 1683 681 1745 celebrare.
703 1685 913 1761 sepulturam
968 1686 1188 1763 praesentibus
1204 1688 1237 1749 et
1250 1687 1530 1760 collaudantibus,
1547 1686 1637 1750 lacta
1652 1689 1713 1758 est,
1737 1690 1771 1748 et

111 1797 257 1860 quoque,
273 1784 349 1853 etc,
365 1796 473 1855 usque
488 1782 713 1843 assumuntur.
730 1782 913 1845 Libertates
969 1783 1083 1861 scripti
1097 1785 1342 1846 suimunimine
1353 1785 1769 1862 roborata,imitantespiae

111 1881 264 1957 insuper,
276 1879 468 1956 dignitates,
480 1880 514 1940 et
523 1879 748 1942 immunitates
764 1896 915 1958 asupra·
968 1881 1211 1945 recordationis
1254 1883 1538 1960 praedecessorum
1580 1885 1769 1944 nostrorum

112 1978 214 2041 dictis
240 1976 540 2054 praedecessoribus
561 1978 685 2040 nostris
709 1980 911 2041 monasterio
968 1980 1436 2056 Eugenii,Alexandri,Lucii,
1450 1982 1638 2054 Clementis,
1651 1981 1771 2042 Goeles·

110 2078 225 2138 vestro
245 2090 421 2136 concessas
432 2090 494 2137 nec
508 2091 574 2137 non
590 2076 744 2152 antiquas
757 2076 789 2136 et
802 2077 911 2137 ratio-
967 2078 1072 2140 tiniet
1082 2079 1269 2141 innocentii
1282 2080 1374 2141 tertii
1389 2079 1586 2141 Pontificum
1603 2082 1771 2142 Romano·

112 2173 245 2236 nabiles
258 2173 517 2234 consuetudines
537 2173 698 2235 hactenus
720 2173 912 2235 observatas
968 2192 1042 2237 rum
1057 2177 1210 2253 vestigia,
1228 2177 1427 2239 auctoritate
1443 2178 1632 2254 apostolica
1647 2177 1772 2239 contin-

111 2274 207 2333 uatas
229 2269 404 2342 babemus,
430 2273 463 2331 et
489 2286 545 2331 eas
568 2271 688 2332 tuturis
709 2271 912 2348 temporibus
969 2291 1096 2335 mamus
1130 2278 1163 2337 et
1196 2277 1304 2337 ratam
1339 2290 1535 2352 permanere
1567 2291 1767 2337 censemus:

112 2368 261 2430 illibatas
287 2383 361 2429 esse
388 2368 567 2429 sancimus.
598 2369 745 2441 Obeunte
769 2386 849 2431 uero
868 2370 911 2441 te,
969 2372 1155 2449 privilegiis
1170 2373 1282 2450 itaque
1297 2373 1566 2437 Cluniacensium
1581 2386 1655 2450 quae
1668 2389 1770 2449 super

110 2469 190 2539 etc„
213 2482 321 2540 usquc
345 2465 546 2542 eligendum.
570 2467 702 2529 Electus
726 2468 835 2529 autem
859 2469 912 2529 vel
968 2469 1080 2532 bocse
1094 2469 1217 2532 habere
1232 2470 1273 2532 ab
1291 2471 1482 2548 apostolica
1503 2470 1587 2532 Sede
1604 2470 1769 2543 dicebant,

111 2581 132 2626 a
146 2568 299 2626 Romano
312 2564 483 2635 Pontifice,
500 2563 552 2637 vel
568 2580 587 2625 a
601 2581 665 2642 quo
682 2565 838 2628 maluerit
852 2582 913 2627 ca-
968 2568 1010 2629 ab
1025 2568 1140 2630 eodem
1165 2570 1363 2631 Innocentio·
1378 2568 1535 2640 secundo,
1550 2569 1683 2646 justitia
1698 2569 1771 2631 die·

111 2662 239 2725 tholico
255 2661 410 2739 episcopo
426 2678 547 2723 munus
565 2661 806 2725 benedictionis
824 2663 915 2725 acci·
968 2664 1070 2738 tante,
1094 2667 1247 2740 cassatis,
1275 2667 1316 2727 ad
1341 2667 1514 2743 exemplar
1536 2667 1769 2744 praedictorum

112 2761 195 2837 piat.
210 2759 427 2820 Decemimns
442 2774 533 2835 ergo,
554 2759 630 2831 etc,
646 2775 753 2835 aeque
767 2760 915 2838 protutu·
969 2764 1446 2840 praedecessorumnostrorum
1454 2768 1678 2828 Romanorum
1686 2767 1772 2825 Pon·

112 2873 163 2918 ra.
182 2855 816 2933 SalvasedisApostolicaeauctoritate,
832 2859 913 2920 etin
968 2862 1105 2935 tintcum,
1122 2864 1191 2924 tam
1213 2879 1273 2925 vos
1289 2878 1387 2940 quam
1412 2878 1622 2925 successores
1639 2868 1769 2926 vestros

112 2954 286 3032 predictis
301 2952 452 3015 ecclesiis
468 2952 730 3016 dioecesanorum
741 2955 915 3032 episcopo-
969 2976 1110 3022 necnon
1134 2961 1167 3023 et
1181 2960 1289 3040 ipsum
1303 2962 1543 3023 monasterium
1561 2962 1673 3024 Sancti
1687 2964 1771 3023 Ber·

113 3069 188 3113 rum
213 3051 375 3114 canonica
395 3051 537 3129 justitia.
560 3052 595 3114 Si
619 3067 684 3129 qua
700 3052 813 3129 igitur,
835 3055 911 3126 etc,
967 3059 1031 3121 tini
1068 3058 1110 3120 ab
1138 3058 1328 3136 anusmodi
1355 3059 1413 3121 lite
1439 3059 1472 3121 et
1499 3060 1769 3121 cluniacensium

112 3165 222 3224 usque
233 3148 416 3227 subjaceat.
433 3148 566 3213 Cunctis
578 3149 700 3221 autem,
718 3150 794 3224 etc„
806 3165 913 3225 usquc
969 3156 1176 3234 subjectione
1185 3156 1402 3219 absolvimus.
1413 3157 1567 3235 Idemque
1580 3157 1768 3220 coenobium

112 3247 300 3311 inveniant
316 3250 432 3308 Amen,
969 3255 1117 3317 libertati
1130 3255 1273 3332 propriae
1287 3255 1490 3328 restitutum,
1504 3256 1596 3317 saluo
1607 3258 1684 3333 juro
1695 3258 1768 3317 llo-

151 3345 657 3421 natumanagniaepermanum
667 3346 915 3407 Raneriisano-
968 3353 1114 3415 cinensis
1125 3353 1275 3414 ecclesiae
1286 3354 1340 3415 uel
1350 3353 1580 3430 episcopi,sub
1592 3354 1696 3415 solius
1709 3357 1772 3415 Ro·

111 3444 154 3505 ta
180 3435 342 3504 Romanae
366 3441 523 3504 Ecclesiae
553 3442 835 3516 vicecancellarii,
859 3459 914 3505 se-
969 3467 1078 3515 manae
1092 3451 1250 3512 Ecclesiae
1265 3450 1391 3511 ditione
1405 3451 1458 3512 rel
1473 3451 1589 3523 tutela,
1612 3454 1770 3528 perpetuo

1 3539 2 3542 ’
112 3540 221 3603 cundo
237 3540 313 3601 idus
324 3539 414 3617 julii,
426 3539 608 3602 indictione
621 3540 748 3618 quinta,
760 3542 916 3603 incarna-
969 3563 1164 3626 permanere
1179 3547 1399 3611 decernimus.
1413 3547 1462 3608 nd
1478 3548 1637 3610 indicium
1659 3551 1771 3611 autem

1 3661 2 3702 3
111 3638 214 3700 tionis
229 3637 412 3699 Dominicae
430 3654 518 3699 anno
532 3638 708 3701 millesimo
724 3638 915 3702 ducentesi-
969 3647 1069 3724 nujus
1089 3646 1254 3722 perceptae
1280 3661 1300 3706 a
1326 3648 1476 3707 Romana
1496 3645 1647 3708 Ecclesia
1663 3645 1769 3707 liber-

1 3737 2 3740 ’
113 3736 241 3797 decimo
266 3735 426 3813 septimo,
451 3735 663 3813 pontificatus
684 3752 764 3799 vero
788 3736 914 3799 domini
968 3744 1155 3806 tatisunam
1169 3744 1244 3804 auri
1260 3743 1392 3804 unciam
1407 3744 1505 3805 annis
1519 3744 1771 3820 singulisnobis

1 3843 2 3922 j
113 3834 254 3896 Honorii
268 3849 365 3911 papae
380 3833 471 3896 tertii
486 3848 573 3895 anno
588 3833 708 3912 primo.
969 3841 1158 3919 nostrisque
1184 3840 1433 3902 successoribus
1456 3840 1664 3917 persolvetis.
1689 3844 1768 3904 Sta-

969 3942 1099 4003 tuentes
1118 3940 1155 4001 ut
1173 3954 1398 4016 quascumque
1417 3939 1655 4015 possessiones,
1677 3956 1770 4016 qum-

436 4029 595 4117 CCCLX
969 4054 1109 4114 cumque
1118 4037 1205 4099 bona
1220 4037 1307 4099 idem
1322 4037 1560 4099 monasterium
1574 4036 1610 4097 in
1625 4050 1772 4113 praesen-

202 4186 256 4247 Ad
268 4182 607 4245 joannemabbatem
619 4184 645 4243 S
672 4176 810 4244 Rerum
969 4137 1092 4197 tiaram
1116 4137 1205 4212 juste
1230 4136 1262 4197 et
1288 4135 1447 4198 canonice
1470 4134 1629 4213 possidet,
1652 4136 1709 4198 aut
1733 4137 1770 4198 in

465 4302 471 4313 ,
506 4303 523 4316 ..
647 4226 655 4243 ⁰
812 4228 819 4242 ‘
970 4233 1117 4297 futurum
1127 4234 1342 4296 concessione
1357 4233 1567 4305 Pontificum,
1592 4233 1770 4310 largitione

416 4303 449 4359 Μ
461 4303 524 4377 ”²¹¹¹
538 4304 616 4361 ¹²¹7·
970 4347 1085 4408 regum
1101 4332 1154 4393 vel
1164 4332 1361 4409 principum,
1372 4331 1540 4394 oblatione
1552 4330 1699 4393 fidelium
1712 4348 1771 4395 seu

256 4418 389 4484 [numan
400 4416 466 4481 juris
477 4416 610 4483 pontificii,
622 4432 690 4467 ³⁰³⁰
701 4418 782 4484 ¹⁸75}
970 4430 1047 4491 aliis
1057 4431 1157 4507 justis
1180 4430 1286 4491 modis
1302 4430 1480 4507 praestante
1495 4431 1634 4492 Domino
1652 4432 1772 4508 poterit

114 4533 324 4595 loanniabbati
340 4535 506 4591 moltusteril
521 4535 550 4592 S.
566 4534 672 4592 Barcini
687 4533 912 4593 mnfirmatsen·
970 4528 1123 4605 adipisci,
1149 4529 1243 4590 firma
1268 4528 1362 4590 vobis
1381 4528 1566 4605 uestrisque
1592 4544 1770 4590 successo·

150 4626 271 4682 tentiam
297 4624 457 4682 innocentii
485 4625 511 4681 ll
545 4639 596 4696 pro
622 4624 799 4696 sulq'ectione
829 4638 915 4695 qnam
970 4626 1063 4688 ribus
1077 4627 1110 4688 et
1124 4625 1252 4687 illibata
1267 4627 1494 4703 permaneant.

151 4715 253 4773 Petrus
277 4713 482 4772 cluniaciensis
503 4711 593 4770 abbas
613 4713 642 4769 in
663 4712 719 4770 boc
741 4714 916 4770 monasterio
1010 4727 1048 4785 ln
1067 4722 1185 4801 quihus
1207 4723 1280 4783 paec
1301 4723 1445 4798 propp-ijs
1469 4721 1625 4782 duximus
1650 4723 1768 4799 exple.

150 4801 335 4871 vindicabat;
349 4801 494 4858 libertates
508 4808 536 4858 et
547 4801 698 4874 privilegia
714 4800 843 4875 ejusdem
859 4816 917 4858 mo·
970 4822 1087 4883 menda
1103 4820 1274 4881 vocabulis
1286 4842 1293 4880 :
1306 4822 1428 4881 Locum
1443 4819 1551 4896 ipsum
1565 4820 1600 4880 jn
1612 4835 1676 4897 quo
1689 4836 1772 4897 βω,

150 4891 268 4949 ”asoe's'
281 4890 433 4949 ⁰⁰⁰s¹¹¹¹¹³²
445 4896 472 4946 e‘
486 4890 573 4947 emm
589 4889 754 4964 amium·
971 4919 1073 4981 latum
1089 4918 1330 4979 monasterium
1343 4916 1443 4978 situm
1462 4918 1601 4978 estcum
1617 4918 1770 4980 omnibus

155 5017 325 5083 Honorius
338 5017 651 5094 episcopusservus
663 5014 913 5089 servorumliei,
971 5016 1181 5095 pertinentiis
1190 5015 1270 5076 suis.
1284 5014 1468 5076 Ecclesiam
1477 5014 1518 5076 de
1529 5016 1683 5077 Petrossa
1696 5033 1771 5080 cum

115 5118 246 5180 dilectis
282 5114 362 5177 illlis
393 5114 539 5176 iohanni
575 5114 686 5177 abbati
720 5116 915 5178 monasterii
970 5113 1179 5193 pertinentiis
1194 5113 1275 5175 suis.
1293 5112 1475 5175 Ecclesiam
1495 5113 1537 5174 de
1560 5113 1676 5175 Kalais
1696 5130 1771 5176 cum

115 5213 358 5279 sanctiBertini
366 5215 503 5290 qusque
513 5210 672 5274 tratribus
682 5213 750 5274 tam
760 5228 914 5297 praesen·
971 5212 1108 5293 capellis
1132 5212 1215 5273 suis.
1235 5210 1417 5273 Ecclesiam
1435 5212 1548 5275 Sancti
1575 5211 1771 5274 Willebrodi

1 5309 2 5380 i
113 5313 204 5375 tibus
223 5326 325 5389 quam
348 5310 469 5373 tuturis
493 5310 681 5389 regularem
705 5311 809 5374 vitam
837 5327 918 5391 pro-
971 5311 1112 5372 denouo
1130 5310 1239 5387 portu,
1263 5309 1392 5386 capella
1407 5310 1440 5372 et
1461 5309 1537 5370 aliis
1561 5309 1771 5386 pertinentiis

1 5401 2 5460 i
114 5410 214 5472 fessis
229 5410 264 5469 in
285 5411 493 5487 perpetuum.
971 5409 1051 5469 suis.
1073 5407 1253 5470 Ecclesiam
1271 5408 1384 5490 Sancti
1402 5406 1558 5469 Nicbolai
1574 5406 1613 5467 de
1635 5407 1769 5484 Baldge.

1 5519 2 5582 ς
155 5511 194 5575 ln
221 5505 382 5568 astuanti
408 5504 734 5583 sedisapostolicae
760 5506 919 5583 specula,
971 5508 1154 5569 Ecclesiam
1166 5505 1279 5568 Sancti
1289 5506 1455 5582 Folquini.
1469 5503 1771 5569 EcclesiamSancti

1 5603 2 5620 ¹
115 5602 724 5680 licetimmeriti,disponenteDomino
733 5605 915 5677 constituti,
972 5604 1116 5682 Georgii.
1134 5604 1316 5666 Ecclesiam
1332 5604 1372 5666 de
1391 5602 1570 5678 Brobborg.
1588 5603 1771 5668 Ecclesiam

1 5715 2 5780 ζ
117 5704 203 5771 sicut
217 5701 344 5765 imitari
355 5700 618 5779 praedecessores
630 5705 759 5765 nostros
770 5702 805 5763 in
822 5701 916 5764 bonis
972 5703 1011 5765 dc
1023 5703 1183 5765 Crairwic
1196 5720 1270 5766 cum
1284 5701 1423 5765 decimis
1432 5700 1464 5763 et
1474 5700 1550 5763 aliis
1561 5701 1771 5779 pertinentiis
