3982 6196
198 301 255 362 031
818 297 994 359 HONORII
1016 297 1061 358 III
1083 299 1231 359 OPERA.
1786 305 1851 365 632

198 461 260 523 thit
275 459 453 523 crudeliter
467 474 624 521 exercere
640 457 699 539 (l).
719 460 760 521 Ut
778 460 888 520 autem
910 457 991 520 bre·
1046 474 1176 536 quaque
1197 457 1372 520 conserens
1386 460 1419 521 et
1441 457 1596 536 quietem,
1622 476 1662 521 eo
1682 458 1772 539 quod
1795 459 1850 522 di·

196 558 282 621 viter
291 561 500 621 transeamus
511 556 597 635 quod
607 557 740 619 domum
753 557 993 631 deastrepent
1046 555 1129 618 lexit
1148 556 1324 634 justitiam,
1344 555 1516 618 liberando
1538 573 1719 635 pauperem
1743 574 1764 619 a
1785 576 1851 636 po·

196 656 418 734 episcopalem
443 671 502 734 per
525 671 604 717 suos
629 655 707 717 fecit
731 654 880 731 infringi,
905 654 991 716 bona
1046 655 1145 727 tente,
1169 670 1209 716 ac
1232 653 1372 715 liberam
1395 654 1518 715 Christi
1542 671 1699 733 sponsam
1727 672 1749 717 a
1773 657 1850 717 suis

196 756 307 832 rapuit
321 770 394 832 quae
410 754 544 815 inventa
567 753 701 814 luerunt
716 753 848 825 ibidem,
866 751 992 814 fossata
1047 751 1502 828 oppressionibnsliberavit:
1519 753 1576 830 qni
1587 756 1675 815 Deus
1688 754 1851 816 ethemi-

196 853 295 929 rupit,
321 852 354 913 et
379 851 511 913 tandem
536 852 682 913 castrum
705 850 811 927 ipsius
833 849 990 927 episcopi,
1047 866 1110 910 nus
1139 849 1294 911 liberabit
1322 850 1423 912 etiam
1451 851 1685 913 excellentiam
1716 854 1848 928 regiam

194 950 280 1027 quod
316 953 456 1011 Picenis
491 948 623 1022 dicitur,
660 948 747 1010 intra
781 948 991 1010 securitatem
1046 946 1357 1025 semperabimpetu
1368 947 1525 1022 hostium,
1534 949 1563 1010 si
1574 949 1848 1027 persistatlibere

195 1062 293 1124 quam
309 1046 340 1109 ei
362 1046 403 1108 ad
428 1047 620 1108 mandatum
635 1045 764 1123 regium
780 1044 989 1123 praestiterat,
1046 1046 1081 1106 in
1102 1044 1355 1108 liberationibus
1369 1061 1603 1124 oppressorum
1624 1050 1658 1108 et
1672 1047 1848 1109 ecclesias·

195 1143 398 1221 occupando,
415 1143 568 1206 homines
584 1147 657 1221 ejus
676 1144 717 1205 ad
732 1143 991 1220 redemptionem
1046 1142 1112 1204 tica
1136 1143 1289 1205 libertate
1318 1143 1462 1214 tuenda,
1491 1144 1524 1205 ei
1546 1144 1695 1221 insuper,
1723 1160 1801 1205 cum
1827 1161 1846 1206 a

195 1242 313 1318 coegit,
322 1241 811 1304 ecclesiistractisetcanonicis
818 1239 991 1302 inhoneste
1046 1241 1158 1301 carnis
1171 1256 1305 1302 carcere
1323 1240 1483 1302 liberatus
1498 1242 1610 1313 suerit,
1626 1241 1669 1303 ad
1684 1243 1846 1303 aeternam

193 1340 355 1412 tractatis,
379 1342 514 1402 cantore
536 1340 642 1418 ipsius
663 1339 812 1401 ecclesiae
828 1355 932 1415 usque
949 1338 990 1399 ad
1046 1353 1121 1399 eum
1135 1338 1503 1415 provehetlibertatem.

195 1436 392 1498 effusionem
412 1437 587 1513 sanguinis
608 1436 793 1507 verberate,
813 1436 937 1513 praeter
958 1434 990 1495 id
1087 1438 1293 1513 Quapropter
1312 1437 1485 1499 serenitati
1508 1436 1611 1512 regiae
1629 1452 1691 1514 per
1715 1436 1846 1499 litteras

194 1534 281 1611 quod
297 1535 452 1611 episcopo
473 1534 550 1612 ipsi,
572 1537 668 1612 cujus
684 1534 879 1610 sanguinem
898 1531 992 1593 vide·
1046 1534 1179 1594 nostras
1194 1533 1331 1610 paterna
1354 1533 1529 1595 dulcedine
1537 1533 1717 1595 suademus
1731 1537 1768 1596 et
1780 1534 1844 1596 ob-

193 1630 292 1692 batur
313 1632 419 1703 sitire,
446 1631 585 1692 insidias
602 1630 712 1708 posuit
726 1631 759 1692 et
782 1628 849 1690 alia
870 1629 991 1689 damna
1046 1646 1215 1691 sacramus
1243 1631 1279 1691 in
1306 1631 1457 1703 Domino,
1488 1633 1534 1704 ut,
1562 1648 1598 1693 se
1626 1631 1688 1692 sub
1717 1632 1847 1709 potenti

194 1728 299 1790 multa
314 1729 437 1801 intulit,
452 1746 525 1806 quae
536 1742 696 1790 enarrare
706 1742 765 1804 per
777 1726 992 1803 singulalon-
1045 1743 1146 1788 manu
1161 1728 1220 1788 Dei
1239 1743 1370 1806 semper
1386 1728 1579 1801 humilians,
1595 1730 1629 1791 et
1649 1729 1685 1789 in
1708 1729 1848 1791 exalta-

193 1842 270 1901 gum
291 1828 388 1888 esset.
417 1828 496 1898 Quis
518 1842 664 1903 unquam
688 1825 723 1885 in
750 1825 894 1902 aliquem
918 1824 991 1886 sine
1045 1825 1135 1887 tione
1149 1826 1337 1901 recogitans
1348 1825 1424 1886 fluis
1437 1827 1500 1899 sui,
1513 1842 1555 1888 ne
1567 1827 1683 1904 pereat
1694 1826 1732 1887 in
1744 1829 1850 1888 aeter-

194 1939 296 1984 causa
314 1924 397 1985 adeo
418 1922 623 2000 debacchare
639 1921 755 1999 potuit,
777 1922 862 1984 sicui
879 1922 941 1983 iste
957 1922 990 1982 in
1045 1939 1135 1995 num,
1151 1925 1266 1995 Deum,
1284 1924 1423 2001 quicum
1438 1925 1635 2001 propensius
1651 1924 1842 1994 honoravit,

194 2020 356 2081 christum
371 2020 501 2082 Domini
512 2020 837 2096 archipresbyterum
852 2019 991 2082 Belsiael
1045 2020 1185 2082 honoret
1196 2021 1232 2082 in
1247 2037 1384 2083 suorum
1397 2021 1651 2083 honoriticentia
1664 2022 1844 2083 ministro·

193 2133 289 2194 quem
311 2122 468 2179 vexatum
494 2117 649 2193 angustia
669 2117 831 2178 carcerali
856 2117 989 2179 tandem
1045 2134 1131 2185 rum,
1146 2120 1179 2180 et
1197 2119 1444 2181 malefactorem
1458 2119 1742 2196 praedi'ctumcum
1751 2137 1845 2181 com-

192 2215 280 2288 lecit,
297 2215 489 2277 transverso
503 2217 648 2293 caputio,
665 2230 900 2293 superaquam
913 2231 988 2275 ma·
1044 2215 1186 2294 plicibus
1199 2217 1269 2277 suis
1286 2214 1453 2294 (cuneum
1464 2218 1508 2278 sit
1518 2216 1616 2278 homo
1631 2233 1713 2278 suus
1728 2218 1842 2294 ligius,

192 2312 463 2385 cilentissimum,
486 2314 559 2374 sine
580 2313 682 2385 sella,
708 2312 836 2374 tamdiu
859 2311 990 2373 discur·
1044 2329 1106 2375 nec
1129 2313 1223 2375 extra
1242 2329 1381 2388 regnum
1401 2316 1473 2390 ejus
1493 2313 1619 2390 aliquid
1639 2312 1767 2375 habere
1786 2315 1843 2374 di-

191 2425 276 2481 rere,
293 2410 397 2471 donec
416 2410 485 2472 fere
505 2410 660 2487 spiritum
680 2409 864 2482 exhalaret,
882 2412 914 2471 et
928 2426 987 2471 re·
1044 2410 1150 2482 catur,
1170 2410 1228 2471 vix
1251 2410 1405 2471 credetur
1418 2411 1491 2471 sine
1505 2410 1611 2487 ipsius
1626 2411 1844 2473 conniventia

191 2507 319 2569 clusum
338 2507 373 2568 in
398 2523 531 2570 carcere
552 2508 752 2569 semivivum
768 2508 858 2568 metu
872 2508 988 2569 mortis
1043 2506 1249 2568 commisisse
1279 2507 1379 2580 talia,
1406 2507 1471 2569 nisi
1501 2511 1573 2585 ejus
1604 2508 1771 2570 malitiam
1793 2510 1845 2569 ul-

190 2606 396 2684 postmodum
410 2605 503 2667 abire
517 2605 680 2683 permisit.
1042 2605 1133 2667 tione
1154 2604 1257 2666 celeri
1277 2604 1523 2684 prosequatur),
1542 2609 1580 2666 ut
1595 2607 1754 2683 episcopo
1768 2622 1844 2667 me·

230 2706 309 2765 Haec
323 2704 446 2781 itaque,
463 2704 529 2765 nisi
539 2703 629 2765 zelus
643 2703 760 2764 domus
774 2702 916 2775 Domini,
931 2703 987 2780 qui
1043 2703 1171 2765 morato
1186 2704 1219 2764 et
1233 2703 1309 2763 aliis
1327 2702 1437 2764 ablata
1454 2704 1609 2765 restituat
1623 2705 1795 2775 universa,
1812 2707 1845 2764 et

190 2800 314 2862 dictum
325 2818 437 2877 regem
450 2802 535 2863 solet
544 2800 761 2873 commedere,
773 2800 808 2861 in
825 2816 864 2861 eo
875 2799 987 2862 forsan
1043 2801 1083 2862 de
1106 2800 1236 2862 damnis
1259 2802 1292 2862 et
1317 2800 1566 2876 gravaminibus
1594 2802 1756 2877 irrogatis
1783 2817 1843 2863 sa-

190 2899 301 2959 minns
313 2900 412 2961 solito
425 2916 514 2961 nunc
528 2900 681 2971 ferveret,
699 2898 988 2960 animadversione
1042 2897 1188 2960 tisiaciat
1202 2900 1435 2974 competenter,
1453 2899 1546 2974 regia
1570 2899 1734 2975 potestate
1751 2914 1846 2959 com-

190 2997 283 3073 prius
294 2996 402 3059 debita
418 2997 602 3073 punivisset
615 3012 712 3074 quam
729 2997 890 3057 innostro
905 3012 987 3073 pos·
1043 2996 1163 3072 pellat,
1189 2996 1302 3073 sicque
1317 2995 1463 3071 corrigat
1477 3011 1537 3072 per
1560 2995 1708 3073 seipsum
1728 2996 1846 3073 hujus-

190 3095 264 3156 sent
278 3094 444 3156 auditorio
463 3094 610 3164 recitari,
628 3092 750 3154 nedum
771 3092 868 3171 quod,
890 3095 989 3169 prout
1042 3093 1130 3155 modi
1151 3094 1346 3155 temeritatis
1373 3108 1542 3165 excessus,
1573 3093 1659 3171 quod
1683 3094 1756 3167 alii,
1787 3094 1844 3171 qni

189 3194 262 3267 ejus
275 3190 412 3252 decebat
426 3190 618 3266 potentiam,
632 3190 787 3266 episcopo
802 3189 867 3267 ipsi
882 3206 990 3267 praes·
1042 3191 1171 3266 praelati
1184 3191 1311 3251 scelera
1327 3190 1481 3252 scelerati
1493 3193 1563 3267 jam
1575 3191 1724 3262 trahunt,
1740 3194 1778 3252 ut
1791 3190 1846 3251 di-

189 3288 254 3350 tari
270 3287 481 3348 securitatem
495 3303 560 3349 non
576 3286 664 3359 lecit,
681 3286 760 3349 licet
772 3287 840 3348 tam
855 3286 897 3349 ab
914 3287 987 3365 ipso
1042 3290 1138 3360 citur,
1156 3289 1191 3348 in
1205 3288 1404 3365 exemplum,
1419 3288 1454 3348 in
1465 3289 1720 3350 irreverentiam
1741 3288 1846 3350 cleri-

189 3401 288 3462 quam
307 3383 349 3446 ab
364 3385 441 3447 aliis
457 3384 654 3463 quibusdam
674 3385 840 3463 episcopis
864 3385 987 3463 saepius
1042 3402 1167 3458 corum,
1184 3387 1272 3447 metu
1287 3401 1394 3462 poenae
1417 3385 1611 3463 temporalis
1625 3386 1802 3448 addiscant
1824 3403 1846 3449 a

189 3499 290 3560 super
317 3483 380 3545 hoc
408 3482 580 3545 humiliter
607 3484 799 3562 requisitus,
827 3484 924 3561 prout
952 3484 986 3545 in
1042 3483 1206 3545 similibus
1230 3483 1408 3545 abstinere.
1430 3486 1537 3555 Quum
1556 3483 1645 3546 enim
1669 3483 1758 3545 idem
1779 3500 1844 3547 rex

188 3580 307 3642 litteris
327 3580 423 3642 nobis
444 3580 602 3642 exhibitis
624 3580 856 3658 perspeximus
875 3581 985 3642 conti·
1037 3584 1155 3659 jugum
1164 3581 1222 3642 Dei
1231 3581 1272 3642 ah
1283 3581 1507 3642 adolescentia
1515 3596 1576 3642 sua
1589 3583 1775 3659 portaverit
1784 3599 1846 3643 sn·

187 3678 272 3738 neri.
281 3678 449 3739 Potuisset
459 3677 571 3754 utique
584 3678 785 3739 memoratus
798 3677 984 3754 episcopus,
1042 3695 1101 3756 per
1126 3677 1372 3740 manutenenda
1398 3679 1550 3740 ecclesiae
1573 3679 1739 3749 libertate,
1753 3678 1843 3741 absit
1900 3668 1904 3673 ’

187 3791 288 3853 qurum
311 3775 446 3852 petitam
474 3776 757 3836 assecurationem
785 3790 852 3835 non
880 3775 986 3851 potuit
1042 3774 1182 3838 utillud
1206 3775 1725 3838 abhumerissnisexcutiatin
1744 3779 1845 3838 aetate

187 3872 348 3945 obtinere,
374 3888 440 3935 non
462 3873 627 3934 immerito
649 3887 749 3949 super
772 3873 898 3948 partem
922 3872 987 3933 ali·
1041 3874 1215 3951 provecta,
1240 3873 1371 3951 quando
1394 3872 1513 3934 fortior
1533 3873 1569 3933 in
1585 3873 1762 3934 servandis
1784 3875 1848 3935 Dei

188 3985 286 4045 quam
297 3970 392 4046 regni
403 3972 476 4047 eJus
484 3969 710 4047 jurisdictioni
724 3984 793 4030 suae
804 3968 985 4045 subjectam
1036 3970 1333 4048 justificationibus
1353 3970 1449 4032 debet
1468 3985 1552 4041 esse,
1569 3968 1622 4031 vel
1637 3970 1726 4049 quod
1749 3972 1844 4047 prius

186 4067 450 4128 ecclesiasticum
468 4082 627 4128 exercere
642 4066 805 4142 rigorem;
832 4065 889 4127 sed
909 4081 985 4126 ma·
1040 4068 1140 4144 coepti
1154 4083 1288 4129 cursum
1300 4066 1431 4129 itineris
1444 4067 1586 4138 deserat,
1599 4083 1699 4144 quam
1714 4067 1757 4128 ad
1773 4084 1847 4129 me-

186 4164 248 4224 luit
261 4164 452 4227 reverenter
465 4163 567 4239 regiae
581 4164 746 4241 majestati
759 4161 898 4235 deterre,
916 4179 987 4239 spe·
1039 4166 1106 4226 tam
1122 4165 1304 4243 perveniat,
1326 4164 1446 4246 deque
1467 4163 1531 4224 sibi
1553 4179 1678 4225 corona
1699 4165 1844 4241 justine

187 4276 266 4320 rans
282 4259 367 4336 quod
383 4260 440 4320 ille
456 4260 491 4319 in
506 4263 601 4337 cujus
621 4260 699 4322 sunt
713 4258 865 4319 manibus
885 4259 985 4320 corda
1040 4265 1238 4339 reponatur!
1256 4262 1450 4323 consideret
1465 4262 1548 4338 ipse,
1561 4261 1753 4323 consideret
1763 4262 1844 4339 quid

186 4372 314 4431 regum,
341 4372 420 4432 erga
443 4372 518 4417 enm
546 4355 692 4432 regalem
718 4357 866 4416 animum
889 4371 984 4416 sere·
1039 4360 1151 4421 amisit
1163 4359 1331 4430 Salomon,
1341 4359 1418 4436 quia
1432 4374 1552 4435 purum
1565 4361 1633 4419 Deo
1645 4358 1844 4420 etstabilem

185 4453 290 4515 nabit.
316 4455 404 4515 Num
428 4452 505 4531 qnid
527 4453 634 4515 dictus
649 4468 712 4516 rex
735 4452 832 4514 debet
853 4453 899 4515 ita
919 4455 986 4513 Do·
1039 4457 1185 4517 animum
1206 4472 1272 4518 non
1296 4456 1457 4527 servavit,
1479 4460 1513 4516 et
1536 4455 1577 4517 ad
1600 4472 1699 4532 quem
1724 4472 1843 4517 casum

186 4551 277 4613 mino
296 4551 498 4629 respondere
518 4567 577 4627 pro
602 4550 755 4612 omnibus
772 4566 845 4628 quae
869 4550 986 4611 tribuit
1041 4554 1121 4613 Saul
1146 4553 1337 4625 devenerit,
1364 4569 1403 4615 eo
1435 4554 1521 4630 quod
1545 4553 1580 4613 in
1604 4556 1847 4630 perseverante

186 4651 257 4726 ipse
272 4649 361 4710 sibil
380 4650 522 4711 Credere
542 4648 674 4727 quidem
690 4647 786 4710 debet
804 4649 837 4709 et
851 4647 986 4709 indubi-
1039 4649 1125 4711 bono
1145 4666 1211 4711 non
1232 4651 1333 4712 stetit.
1350 4651 1605 4712 perseverantia
1622 4650 1748 4727 quippe
1765 4667 1847 4712 cur-

185 4748 430 4820 tantertenere,
447 4747 533 4824 quod
545 4748 601 4825 qui
614 4745 718 4808 David
726 4748 760 4809 et
771 4746 878 4808 omnis
889 4763 987 4807 man·
1040 4748 1167 4809 rentem
1182 4750 1385 4820 remunerat,
1408 4747 1607 4825 roboratque
1622 4749 1842 4823 pugnantem,

184 4845 369 4906 suetudinis
384 4848 456 4923 eJus
472 4845 633 4914 meminit,
645 4845 703 4907 ille
716 4844 779 4905 sibi
793 4860 859 4905 non
875 4845 983 4905 solum
1040 4861 1138 4922 quam
1162 4845 1301 4921 mystice
1329 4845 1547 4921 repraesentat
1574 4844 1693 4905 talaris
1726 4846 1845 4907 tunica

185 4942 264 5003 fecit
278 4944 311 5004 et
325 4943 465 5005 contulit
478 4941 605 5018 grande
620 4959 741 5004 nomen
752 4943 850 5021 juxta
863 4957 982 5003 nomen
1035 4943 1119 5019 Justi
1130 4942 1265 5020 loseph,
1281 4958 1354 5020 quae
1370 4958 1474 5020 usque
1489 4942 1530 5002 ad
1546 4942 1668 5018 pedum
1678 4944 1846 5005 extremi-

186 5055 380 5116 magnorum
396 5040 452 5117 qui
469 5041 546 5102 sunt
564 5041 598 5100 in
618 5042 720 5110 terra,
741 5055 857 5101 verum
883 5038 984 5101 etiam
1039 5041 1139 5101 tatem
1154 5039 1319 5116 pervenit.
1334 5042 1413 5101 Haec
1427 5041 1479 5100 est
1492 5039 1581 5101 enim
1600 5038 1698 5101 bonae
1721 5056 1846 5117 opera-

185 5152 324 5212 regnum
345 5152 441 5196 suum
459 5135 520 5196 sub
535 5137 608 5213 ejus
628 5135 789 5212 regimine
806 5134 983 5211 gloriosius
1038 5137 1140 5198 tionis
1160 5138 1347 5208 calcaneus,
1370 5152 1466 5214 quem
1484 5136 1619 5213 sapiens
1642 5152 1662 5197 a
1684 5140 1847 5214 serpente

186 5236 318 5295 coeteris
346 5233 516 5306 exaltavit,
545 5232 742 5309 inunxitque
772 5233 881 5310 ipsum
910 5232 984 5294 oleo
1040 5235 1192 5296 custodit.
1210 5233 1474 5297 Haecestcauda
1501 5233 1735 5311 hostiaquam
1753 5252 1849 5312 prae«

186 5330 310 5393 laetitiae
326 5347 395 5407 prae
414 5330 543 5391 cunctis
562 5329 696 5405 regibus
716 5330 772 5407 qui
797 5346 884 5391 nunc
904 5329 984 5390 ads·
1039 5333 1128 5409 cepit
1155 5349 1232 5394 cum
1259 5333 1394 5395 victima
1423 5332 1478 5392 lex
1512 5332 1638 5392 offerri.
1664 5333 1844 5394 Monemus

10 5436 11 5465 ¹
68 5469 73 5477 ·
184 5431 269 5500 tant,
287 5444 402 5505 pacem
420 5427 483 5489 sibi
508 5427 548 5488 de
572 5427 641 5488 suis
665 5425 815 5488 hostibus
836 5427 984 5488 circum·
1041 5429 1367 5505 praetereaeumdem
1390 5430 1550 5492 attilium
1572 5429 1786 5491 carissimum
1809 5432 1844 5493 et

221 5556 261 5628 (ll
275 5559 345 5637 ‘Non
366 5573 453 5615 unam
467 5558 555 5631 jurgii
576 5572 692 5615 causam
714 5556 813 5617 habuit
835 5559 985 5616 Manasses
1040 5560 1089 5617 tite
1110 5561 1144 5618 de
1161 5562 1244 5629 Euri,
1266 5568 1297 5618 ut
1317 5560 1414 5619 videre
1438 5568 1482 5619 est
1500 5568 1579 5618 tomo
1605 5568 1705 5619 nostro
1734 5562 1844 5635 livill,

185 5626 401 5685 Aurelianensis
415 5629 567 5702 episcopus
581 5644 647 5687 curn
668 5628 800 5687 iohanne
822 5629 910 5688 nobili
928 5630 981 5687 mi·
1039 5647 1068 5705 p.
1085 5631 1146 5692 734.
1163 5633 1327 5707 (Bouqmt.)
