3980 6206
822 341 997 403 IIONORII
1020 343 1064 402 III
1086 342 1234 405 OPERA.

512 523 694 612 CCLXXI

207 659 259 719 Ad
270 658 406 719 abbates
420 660 461 717 de
475 659 638 728 Aadreio,
654 656 688 718 ct
698 659 739 719 dc
755 660 889 733 Vanaoa
909 660 943 720 ct
956 663 1001 721 cd

275 756 554 816 archidiaconum
581 756 908 817 Wrattslooteascm.

492 866 528 924 ao
542 867 610 924 mali
626 868 705 926 litii.

295 970 427 1035 [Theinen
442 972 608 1023 Mouumenta
616 972 803 1033 Paionia,l,t,
818 988 844 1024 ι.
859 973 910 1038 iit]

206 1067 352 1128 iudicibus
373 1069 526 1127 mandatur
545 1079 576 1128 ut
598 1071 664 1129 duci
686 1072 795 1129 silesia
818 1079 945 1131 castrum
965 1071 1001 1130 de

382 1156 477 1217 Chelis
495 1159 700 1217 restituendum
712 1167 822 1217 curent.

246 1263 414 1323 Honorius
424 1264 611 1341 episcopus,
622 1280 738 1327 servus
747 1280 918 1327 servorum
930 1266 999 1336 Dei,

208 1358 339 1421 dilectis
353 1359 469 1421 liliis...
484 1360 524 1422 de
538 1361 683 1423 Andreio
703 1364 773 1424 et...
795 1362 835 1422 de
854 1364 1002 1438 Wangoz

208 1455 381 1518 abbatibus
400 1459 631 1519 cracoviensis
651 1459 815 1531 dloecesis,
837 1460 870 1520 et
890 1459 1003 1521 archi-

211 1553 351 1616 diacono
365 1554 646 1627 wratislaviensi,
663 1556 804 1618 salutem
819 1557 853 1619 ιι
866 1558 1002 1633 aposto-

208 1650 307 1712 licam
319 1650 594 1714 benedictionem.

248 1747 394 1810 Dilectus
414 1747 503 1810 illius
523 1749 643 1811 nobilis
659 1750 711 1810 vir
725 1748 919 1831 H(enricus)
935 1750 1004 1811 dux

78 1870 84 1877 ·
210 1844 350 1918 silesiae,
365 1846 562 1907 transmissa
581 1845 678 1907 nobis
705 1846 863 1924 petitione
889 1862 999 1908 mons·

208 1942 320 2013 travit,
337 1942 422 2019 quod
447 1958 520 2003 cum
540 1942 684 2004 nobilem
711 1944 819 2005 virum
841 1942 1004 2022 W(ladiz-

208 2036 313 2116 laum)
342 2038 456 2100 natum
480 2039 646 2115 quondam
671 2039 817 2101 oddonis
850 2040 1003 2102 dioecesis

209 2136 421 2207 Gneznensis,
442 2136 604 2197 bellorum
630 2137 723 2198 clade
749 2140 941 2214 quassatum
967 2137 1002 2199 in

208 2233 298 2295 terra
314 2249 373 2293 sua
384 2234 453 2293 tum
465 2233 608 2310 pietatis,
620 2235 688 2294 tum
703 2235 1002 2311 consanguinitatis

209 2329 340 2391 intentu
365 2330 564 2406 recepisset,
595 2332 804 2408 castrumque
831 2348 927 2392 suum
962 2331 1003 2393 de

209 2426 321 2487 (ibatis
345 2426 409 2487 sibi
432 2443 493 2504 pro
512 2428 590 2489 vitae
613 2427 761 2488 subsidio
787 2429 1000 2505 assignasset,

210 2523 358 2584 exhibito
378 2522 418 2584 ab
433 2524 505 2601 ipso
527 2525 680 2601 primitus
698 2527 899 2601 iuramento,
916 2527 1000 2604 quod

210 2622 285 2698 post
306 2622 590 2697 recuperationem
607 2626 704 2683 terrae
728 2637 797 2683 suae
818 2622 881 2684 slbi
903 2624 1004 2685 resti-

208 2718 319 2781 tueret
344 2720 504 2790 castrum,
532 2718 689 2796 praefatus
718 2721 770 2780 W.
799 2720 841 2781 ad
862 2721 1001 2783 restitu-

207 2816 332 2877 tionem
354 2816 455 2877 castri
470 2815 620 2891 praedicti
640 2818 676 2877 in
698 2832 828 2878 omnem
850 2819 1002 2881 eventurn

208 2913 329 2974 asserit
344 2928 409 2973 non
424 2914 532 2974 teneri
544 2913 577 2974 et
591 2914 677 2991 quod
690 2929 789 2992 super
799 2913 862 2975 hoc
875 2915 1002 2976 nullum

208 3009 347 3071 subierit
357 3013 594 3088 juramentum.
611 3010 706 3073 Unde
721 3014 792 3088 jam
812 3010 919 3074 dictus
935 3012 1003 3074 dux

209 3106 368 3169 Silesiaea
381 3107 476 3168 uobis
487 3106 682 3183 suppliciter
691 3109 836 3184 postulat
851 3111 887 3169 ut
896 3109 1001 3170 eidem

209 3220 311 3279 super
330 3203 393 3267 hoc
416 3204 591 3281 providere
617 3207 755 3280 paterna
780 3206 1002 3267 sollicitudine

210 3299 434 3375 dignaremur,
455 3315 498 3360 ne
523 3316 681 3377 processu
704 3302 863 3379 temporis
881 3302 1003 3380 proba-

207 3397 309 3458 tionis
319 3397 350 3458 ei
366 3397 460 3474 copia
474 3397 618 3459 fortuitis
633 3399 765 3460 casibus
776 3400 1000 3462 subtrahatur.

207 3494 349 3571 Ideoque
364 3495 577 3572 prasentium
599 3495 693 3557 vobis
707 3497 903 3559 auctoritate
919 3498 1003 3560 utri-

207 3606 312 3668 usque
326 3592 431 3669 partis
447 3593 700 3668 procuratorum
715 3609 855 3655 assensu
870 3594 1004 3655 manda·

207 3704 292 3760 mus,
306 3692 470 3766 quatenus
492 3691 709 3751 memoratum
724 3693 777 3752 W.
794 3708 891 3751 suum
906 3707 1004 3753 reco-

205 3801 366 3861 gnoscere
383 3789 610 3865 juramentum
631 3789 793 3850 moneatis
809 3791 946 3862 attente,
963 3805 1002 3851 ac

205 3882 386 3945 efficaciter
408 3885 582 3946 inducatis.
598 3886 688 3957 Quod
705 3886 735 3947 si
749 3887 789 3947 ad
810 3887 874 3968 hoc
888 3886 1003 3949 induci

205 3972 1003 4058 forteuonpoterit,ueveritasconfessasuccum·

205 4076 272 4149 hat,
287 4081 389 4140 testes
405 4079 460 4157 qui
483 4095 583 4156 super
598 4080 660 4141 hoc
677 4081 839 4143 nominati
854 4079 999 4154 fuerunt,

205 4175 233 4235 si
256 4192 292 4235 se
315 4177 434 4251 gratIa,
459 4176 534 4237 odio
554 4177 606 4237 vel
621 4177 740 4239 timore
762 4177 1001 4251 subtraxerint,

205 4273 332 4348 cogatis
348 4273 545 4335 auctoritate
568 4277 680 4336 nostra
700 4275 833 4341 veritati
847 4275 1001 4338 testimo-

205 4371 298 4431 nium
322 4369 508 4445 perhibere,
535 4370 766 4433 denunciando
787 4372 894 4448 pulmo
909 4387 1000 4449 prae·

205 4466 272 4529 fato
292 4469 345 4527 W.
365 4469 402 4527 ut
416 4466 494 4528 huic
509 4467 692 4543 receptioni
705 4467 850 4541 testium,
865 4469 894 4529 si
910 4470 1000 4542 velit,

205 4564 346 4634 intersit,
378 4568 411 4625 et
439 4581 539 4642 super
566 4563 819 4628 denuntiatione
842 4565 891 4627 sic
915 4565 1002 4629 facta

205 4662 323 4725 confici
359 4660 489 4723 faciatis
525 4660 694 4739 publicum
733 4659 1001 4724 instrumentum.

205 4761 285 4820 Cum
310 4760 419 4820 autem
442 4775 500 4836 pro
529 4759 667 4836 praefato
691 4760 776 4821 duce
801 4760 929 4823 silesiae
945 4777 1003 4839 per

204 4856 412 4933 impetrantis
422 4874 569 4918 errorem
581 4873 680 4933 super
693 4857 846 4921 facienda
859 4858 922 4919 sibi
937 4875 1004 4921 res·

204 4954 358 5017 titutione
377 4954 478 5015 castri
502 4955 652 5032 praedicti
677 4955 769 5017 ad...
791 4955 1003 5017 scolasticum

206 5050 528 5119 WratislavIensem,
554 5053 588 5114 et
611 5054 785 5113 zlavosum
805 5053 1005 5116 cracovien-

208 5165 276 5211 sem
292 5149 500 5221 canonicum,
516 5150 602 5221 ette,
619 5149 667 5210 illi
680 5150 927 5224 archidiacone,
936 5150 1005 5213 fue·

208 5249 252 5310 rit
274 5246 499 5324 Apostolicum
526 5247 715 5309 mandatum
739 5247 920 5321 obtentum,
945 5266 1004 5326 per

207 5345 293 5424 quod
308 5346 344 5405 tu
359 5347 392 5405 et
403 5345 481 5406 dieti
496 5345 689 5421 conjudices
701 5345 749 5406 tui
760 5345 801 5406 ad
812 5346 1004 5408 citationem

206 5442 434 5504 tantummodo
448 5441 677 5517 processistis:
695 5441 847 5503 voltimus
862 5442 903 5504 ad
915 5443 1004 5519 peu-

206 5541 330 5603 tionem
346 5534 475 5615 praefati
488 5539 581 5599 ducis
599 5540 726 5601 silesia
743 5541 934 5602 mandatum
947 5541 1003 5619 ip-

247 5666 452 5731 (militenses.

1790 345 1852 404 780

1057 514 1129 560 sum
1140 498 1210 561 fore
1223 499 1417 572 invalidum,
1427 502 1461 562 et
1472 501 1584 563 vestro
1598 501 1772 577 processui
1785 516 1851 561 non

1056 594 1199 657 obstare.
1229 595 1320 668 Quod
1353 596 1382 655 si
1414 611 1481 657 non
1514 612 1645 667 omnes,
1681 597 1747 657 duo
1776 612 1853 657 res-

1056 694 1155 764 trum,
1172 693 1233 754 etc.
1251 693 1369 754 Datum
1388 695 1501 755 Roma
1516 694 1602 770 apud
1614 695 1774 756 Sanctum
1786 696 1851 755 Pe-

1055 788 1143 850 trum
1155 792 1215 851 Vll
1229 788 1391 851 kalendas
1400 790 1501 867 iunii,
1517 790 1731 868 pontificatus
1746 790 1851 852 nostri

1057 902 1145 949 anno
1159 887 1317 949 secundo.

1353 1038 1557 1124 CCLXXII

1115 1172 1168 1230 Aa
1181 1170 1343 1232 udonem
1356 1173 1500 1233 emaum
1512 1175 1794 1234 Bebooaccascm

1351 1270 1557 1342 episcopam.

1351 1388 1386 1445 ιι
1398 1388 1466 1446 mcii
1478 1388 1558 1447 lilii.

1057 1491 1195 1558 meme.
1207 1492 1360 1545 saumae
1372 1493 1755 1559 blst..t.x11‚p.bw;ltegest
1767 1494 1805 1545 ιι
1822 1495 1852 1555 ι,

1367 1573 1442 1638 epist.
1460 1573 1543 1639 ιιι]

1058 1670 1515 1743 ltiloni,qui,sntequamelectus
1525 1679 1651 1740 essetse
1662 1670 1854 1745 μοιιιιιιιιι

1092 1760 1122 1816 in
1136 1758 1296 1816 subdidium
1309 1760 1402 1817 Terra
1417 1760 1530 1818 &ncta
1547 1768 1676 1829 voverat,
1698 1762 1759 1818 voti
1782 1760 1853 1818 dila

1092 1848 1199 1905 tionem
1225 1846 1354 1921 indulget
1377 1862 1415 1905 ne
1447 1849 1600 1906 amieriam
1632 1863 1716 1906 suam
1755 1857 1856 1907 oneret

1092 1937 1262 2008 sumptibus,
1280 1944 1309 1994 et
1322 1947 1353 1994 ιι
1365 1936 1573 2011 archiepiscopi
1588 1939 1742 1995 Remensis
1752 1952 1855 2011 gerere

1094 2025 1171 2082 vices
1186 2026 1285 2097 possit.

1096 2134 1264 2195 Honorius
1287 2135 1473 2211 episcopus,
1489 2134 1610 2196 dilecto
1633 2134 1703 2197 filio
1732 2135 1853 2197 Bolve-

1058 2231 1274 2303 censielecto,
1290 2231 1444 2307 salutem,
1456 2234 1519 2294 etc.

1097 2330 1172 2390 Non
1184 2328 1321 2405 derogat
1332 2330 1420 2401 roto,
1430 2345 1491 2390 nec
1505 2345 1575 2390 suas
1591 2329 1690 2392 saluti
1698 2329 1852 2406 abrogat,

1057 2425 1124 2503 qui,
1142 2426 1322 2487 secundum
1341 2425 1435 2487 Sedis
1454 2425 1652 2504 Apostolicae
1674 2428 1856 2504 providen-

1056 2523 1148 2593 ttam,
1156 2522 1236 2583 illud
1248 2523 1403 2603 prosequi
1411 2525 1567 2600 prorogat
1575 2523 1794 2585 uteftlcacius
1802 2539 1857 2585 ex·

1057 2620 1230 2697 sequatur3
1245 2618 1334 2695 quia,
1349 2618 1412 2680 etsi
1426 2618 1566 2680 affectus
1578 2618 1709 2696 placeat
1721 2635 1857 2697 promp-

1057 2715 1173 2787 titudo,
1185 2715 1321 2777 effectus
1333 2717 1443 2776 ιιιιι
1458 2714 1620 2777 exhibitio
1634 2731 1675 2777 eo
1685 2717 1856 2793 acceptior

1058 2812 1110 2873 est
1123 2828 1187 2889 quo
1203 2813 1324 2873 certior
1352 2814 1536 2889 reputatur.
1553 2815 1604 2873 Ex
1631 2814 1727 2890 parte
1751 2814 1857 2891 siqui-

1057 2910 1131 2971 dem
1142 2912 1200 2970 tua
1214 2908 1280 2971 fuit
1289 2910 1493 2986 propositum
1508 2925 1620 2970 coram
1632 2909 1741 2983 uobis,
1757 2911 1855 2988 quod,

1057 3022 1133 3067 cum
1145 3006 1224 3068 olim
1239 3005 1402 3067 inminori
1410 3005 1520 3068 officio
1529 3007 1741 3080 constitutus,
1753 3008 1855 3070 affixo

1057 3103 1122 3165 tuis
1138 3103 1285 3165 inumeris
1300 3104 1526 3180 signocruds,
1544 3105 1676 3165 voveris
1691 3105 1728 3165 in
1743 3108 1855 3167 Terrae

1058 3203 1189 3261 Sanctae
1197 3200 1383 3261 subsidium
1395 3200 1573 3277 proficisci,
1590 3202 1814 3279 postmodum,
1824 3206 1855 3265 te

1057 3300 1173 3359 vocato
1194 3298 1236 3359 ad
1258 3299 1405 3374 regimen
1424 3298 1577 3360 ecelesia
1595 3299 1853 3373 Bellovacensis,

1058 3395 1260 3456 venerabilis
1275 3395 1379 3457 frater
1402 3397 1515 3471 noster
1532 3397 1708 3458 Remensis
1725 3397 1857 3458 mehle-

1057 3492 1212 3570 piscopus
1239 3491 1298 3571 (l),
1326 3492 1587 3568 crucesignatus,
1617 3493 1654 3554 in
1683 3495 1856 3571 procinctu

1057 3589 1335 3667 peregrinationis
1350 3590 1488 3666 positus,
1502 3590 1620 3652 volens
1636 3591 1768 3653 utiliter
1777 3608 1857 3653 con·

1057 3686 1167 3748 sulere
1182 3690 1280 3748 terrae
1306 3702 1387 3758 suae,
1403 3703 1477 3764 quae
1496 3703 1516 3747 a
1530 3688 1652 3749 vicinis
1666 3688 1857 3765 potentibus

1056 3764 1168 3846 rari'as
1193 3785 1278 3846 solet
1304 3783 1447 3863 injurias
1473 3785 1601 3862 perpeti
1621 3788 1655 3848 et
1669 3802 1855 3862 pressuras,

1057 3897 1141 3953 eam,
1152 3898 1225 3942 cum
1236 3880 1359 3942 nobilis
1374 3881 1421 3941 sis
1431 3883 1464 3942 et
1478 3884 1604 3958 potens,
1615 3885 1682 3944 ιιι
1695 3884 1857 3946 custodia

1057 3978 1309 4049 commendavit,
1338 3978 1427 4039 vices
1454 3995 1532 4039 suas
1558 3982 1626 4041 tam
1652 3981 1689 4041 in
1719 3982 1855 4043 dioecesi

1057 4090 1155 4153 quam
1171 4076 1206 4135 iu
1220 4075 1393 4152 provincia
1419 4077 1575 4138 Remensi
1595 4076 1748 4152 plenarie
1768 4093 1859 4139 com·

1058 4172 1227 4235 mittendo.
1253 4175 1362 4244 Quare
1377 4173 1494 4234 ridens
1507 4173 1592 4251 quod
1608 4189 1698 4235 nunc
1719 4175 1762 4237 ad
1777 4191 1856 4237 exe-

1057 4270 1223 4332 cutionem
1238 4269 1307 4331 voti
1317 4269 1430 4331 emissi
1441 4272 1507 4331 tuae
1519 4269 1581 4332 tibi
1594 4287 1662 4332 non
1681 4276 1858 4350 suppetant

1057 4367 1242 4437 facultates
1257 4382 1331 4427 cum
1351 4383 1418 4428 nou
1433 4366 1626 4430 sufficerent
1637 4368 1691 4428 illi
1706 4373 1856 4448 sumptus

1057 4466 1114 4542 qui
1141 4463 1202 4552 tibi
1230 4465 1309 4525 tunc
1332 4464 1522 4527 sufficerent
1548 4466 1583 4526 in
1608 4466 1736 4529 minori
1750 4469 1858 4529 oftlcio

1058 4562 1247 4633 constituto,
1270 4565 1303 4622 ιι
1339 4562 1460 4623 timens
1473 4578 1515 4624 ne
1540 4578 1626 4625 nova
1650 4581 1777 4643 sponsa
1804 4571 1858 4627 tua

1057 4659 1304 4722 Bellovacensis
1315 4660 1468 4731 ccclesia,
1479 4661 1507 4720 si
1519 4677 1592 4723 eam
1605 4661 1816 4740 relinqueres
1826 4665 1857 4724 in

1059 4758 1122 4818 hac
1137 4757 1295 4829 novitate,
1309 4772 1445 4833 gravem
1469 4758 1659 4820 incurreret
1676 4760 1855 4831 laesionem,

1058 4854 1202 4915 maxime
1224 4870 1298 4915 cum
1314 4855 1481 4930 cogereris
1502 4856 1651 4917 eamdem
1674 4857 1857 4920 debltorum

1058 4951 1203 5031 pondere
1214 4967 1366 5024 onerare,
1374 4953 1599 5030 reputansque
1610 4952 1794 5017 absurdum
1802 4972 1859 5017 ne-

1057 5049 1184 5126 gligere
1197 5049 1380 5112 custodiam
1393 5051 1568 5111 Remensis
1587 5052 1773 5128 provinciae
1796 5062 1856 5114 tues

1058 5147 1217 5211 custodiae
1238 5147 1417 5220 derelictae,
1438 5146 1547 5210 fecisti
1567 5148 1665 5210 nobis
1689 5150 1857 5211 humiliter

1058 5245 1242 5323 supplicari
1270 5246 1306 5307 ut
1329 5247 1395 5307 tuae
1426 5261 1527 5323 super
1554 5246 1619 5308 boc
1645 5248 1854 5309 conscientia

1058 5344 1233 5404 consulere
1247 5343 1473 5419 dignaremur,
1493 5358 1572 5405 cum
1583 5346 1721 5421 paratus
1734 5347 1782 5406 sis
1796 5345 1855 5405 dis·

1059 5442 1214 5520 positioni
1228 5444 1349 5503 nostrae
1363 5442 1470 5503 modis
1485 5443 1639 5504 omnibus
1647 5442 1796 5504 obedire.

1098 5542 1166 5601 Nos
1182 5539 1294 5617 igitur,
1308 5541 1375 5603 tam
1385 5541 1450 5602 tuae
1459 5556 1558 5617 quam
1567 5542 1743 5603 Remensis
1756 5541 1853 5603 ercle-
