3928 6200
140 406 176 467 45
772 400 1001 464 EPISTOLAE.
1025 399 1104 463 LIB.
1128 398 1153 461 1.
1741 398 1783 456 ’46

135 563 298 629 abhatisi
321 562 436 624 umen
462 560 619 624 sacerdos
643 561 754 634 luerit,
782 562 934 640 proprios
989 561 1138 623 tenerem
1155 558 1411 635 apostolicorum
1427 557 1678 636 privilegiorum
1687 571 1785 618 cens·

136 660 278 724 novitios
290 659 502 728 benedicere,
519 661 552 721 et
564 659 715 736 aliaquae
730 658 772 719 ad
787 658 933 720 officium
987 666 1093 727 titerit
1112 664 1294 742 impetrari.
1317 665 1483 726 Praeterea
1510 679 1586 725 cum
1611 678 1785 724 commune

135 774 229 820 suum
243 757 416 835 pertinent
427 772 596 829 exercere,
613 756 681 818 6ῒᾶ
702 755 806 828 vobis,
822 757 932 817 emnia
988 762 1199 824 interdictum
1225 762 1324 823 terra
1341 761 1452 833 luerit,
1469 761 1569 822 liceat
1586 760 1681 821 vebis
1693 759 1785 821 nihi-

134 856 174 917 ah
194 854 263 916 alio
289 855 448 931 episcope
476 854 648 932 percipere
670 870 744 931 quae
777 869 798 914 a
823 854 933 914 vestro
987 859 1132 922 lominus
1144 860 1179 920 in
1201 860 1312 921 vestro
1327 858 1542 931 monasterie,
1562 858 1706 919 exclusis
1719 873 1784 919 ex-

134 952 257 1014 luerint
269 950 420 1015 indebite
435 951 608 1027 denegata.
626 951 713 1012 lllud
726 950 932 1029 adjicientes,
989 957 1239 1039 communicatis
1259 958 1292 1018 et
1314 955 1512 1029 interdictis,
1537 955 1651 1017 divine
1673 955 1785 1017 officia

133 1052 217 1113 utin
241 1049 447 1126 recipiendis
469 1048 731 1126 prefessionibus
748 1064 822 1125 quae
841 1049 935 1110 abe-
989 1054 1172 1119 celebrare.
1209 1054 1289 1115 Paci
1328 1069 1459 1131 quoque
1486 1055 1519 1115 et
1550 1042 1785 1130 tranquillitati

135 1147 276 1209 nedictis
302 1146 357 1207 vel
382 1146 616 1211 benedicendis
638 1144 813 1208 abbatibus
832 1147 933 1207 exhi·
988 1152 1108 1213 vestrae
1134 1152 1273 1228 paterna
1300 1152 1336 1211 in
1362 1152 1532 1228 posterum
1559 1150 1784 1212 sollicitudine

134 1245 264 1316 beuter,
276 1260 318 1306 ea
327 1243 550 1321 sintepiscepi
560 1243 666 1304 lemna
677 1245 710 1304 et
718 1245 934 1321 expressione
990 1248 1164 1325 previdere
1188 1249 1350 1321 velantes,
1371 1248 1569 1311 auctoritate
1595 1248 1784 1324 Apostolica

134 1342 281 1405 contenti
289 1357 366 1418 quae
373 1340 552 1416 aborigine
562 1340 690 1402 ordinis
699 1340 851 1401 noscitur
863 1341 936 1402 ins·
988 1346 1213 1423 prohibemus,
1226 1348 1263 1408 ut
1274 1345 1546 1408 iniraelausuras
1561 1345 1709 1407 locorum
1721 1362 1783 1407 seu

136 1439 243 1513 tituta,
263 1440 303 1500 ut
318 1439 449 1500 scilicet
471 1437 608 1500 abbates
628 1438 694 1515 ipsi
710 1438 802 1499 salvo
817 1438 935 1499 ordine
989 1444 1204 1520 grangiarum
1228 1445 1414 1506 vestrarum
1427 1444 1539 1504 nullus
1560 1443 1712 1519 rapinam
1725 1459 1784 1504 seu

134 1553 194 1599 suo
209 1535 363 1614 profiteri
378 1534 529 1606 debeant,
546 1534 580 1597 et
603 1535 717 1597 centra
735 1535 859 1598 statuta
874 1550 934 1597 er·
990 1539 1111 1602 lurtum
1125 1539 1246 1614 facere,
1269 1541 1380 1618 iguem
1394 1557 1571 1619 apponere,
1589 1542 1784 1617 sanguinem

135 1634 223 1696 dinis
238 1634 293 1694 sui
309 1633 437 1694 nullam
456 1631 696 1709 professionem
718 1632 829 1694 iacere
844 1648 937 1695 cem·
989 1636 1137 1709 fundere,
1150 1637 1317 1698 homiuem
1338 1639 1462 1700 temere
1477 1654 1596 1715 capere
1608 1638 1660 1700 vel
1680 1639 1786 1699 inter-

138 1732 316 1810 pellantur.
334 1734 400 1792 Pro
425 1730 734 1792 consecrationibus
756 1745 837 1793 vere
850 1731 937 1792 alta·
991 1735 1100 1807 dcere,
1116 1750 1174 1794 seu
1181 1735 1374 1796 violentiam
1386 1735 1508 1796 audeat
1517 1750 1685 1797 exercere.
1698 1739 1786 1797 Prae·

138 1831 223 1892 num
236 1829 293 1890 vel
318 1827 548 1899 ecclesiarum,
565 1828 637 1889 sive
659 1828 802 1905 prcolee
819 1829 934 1890 sancto
990 1832 1082 1894 terea
1105 1848 1220 1910 omues
1244 1832 1414 1894 libertates
1447 1834 1481 1894 et
1510 1833 1735 1894 immunitates
1764 1850 1783 1894 a

82 1954 87 1968 ·
137 1926 936 2005 velquolibetecelesiasticesacramente,nullus
990 1930 1292 2007 praedecessoribus
1318 1930 1454 1999 nostris,
1471 1931 1630 1992 Romanis
1646 1930 1786 1992 Pontifi-

139 2041 157 2087 a
176 2024 273 2087 vohis
288 2023 352 2085 suh
373 2022 510 2086 obtentu
530 2023 781 2085 consuetudinis
794 2023 856 2084 vel'
869 2023 936 2084 alie
990 2027 1097 2101 cibus,
1114 2027 1223 2089 ordini
1237 2029 1348 2090 vestro
1364 2043 1553 2100 concessae,
1578 2043 1640 2089 nee
1656 2043 1722 2088 non
1738 2028 1784 2088 li-

139 2121 233 2184 mode
246 2121 430 2199 quidquam
442 2120 564 2183 audeat
574 2121 782 2197 extorquere,
798 2119 855 2181 sed
864 2120 936 2182 haec
990 2123 1135 2186 bertates
1154 2126 1188 2186 et
1205 2125 1432 2200 exemptiones
1458 2124 1660 2185 secularium
1680 2140 1785 2185 exac-

141 2220 249 2281 emnia
275 2219 382 2295 gratis
414 2216 509 2279 vebis
535 2217 709 2295 episcopus
737 2217 935 2279 diocesanos
989 2223 1116 2283 tionum
1139 2238 1159 2284 a
1182 2222 1317 2298 regibus
1339 2224 1372 2285 et
1399 2221 1605 2300 principibus
1629 2222 1684 2284 vel
1706 2223 1784 2283 aliis

139 2314 936 2395 impendatnlioquinliceatvebisquemcumque
991 2319 1142 2380 fidelibus
1156 2319 1401 2382 rationabiliter
1421 2319 1516 2382 vebis
1537 2319 1683 2381 indultas
1703 2335 1786 2381 auc·

141 2414 326 2477 malueritis
359 2412 558 2475 catholicum
595 2414 688 2476 adire
719 2413 933 2486 anstistitem,
990 2416 1785 2494 toritatehpostelicaconfirmamusetpraesentis

142 2513 280 2588 gratiam
307 2513 343 2573 et
375 2511 642 2574 communionem
667 2512 866 2589 Apostolicae
882 2514 937 2573 Se·
991 2514 1107 2591 scripti
1118 2514 1293 2591 privilegio
1307 2514 1785 2575 communimusliecernimus

142 2610 189 2671 dis
211 2609 407 2683 habentem,
432 2611 491 2687 qui
519 2610 632 2671 nestra
659 2609 763 2671 fretus
786 2610 936 2671 auctori·
991 2611 1226 2688 erge,utnulh
1246 2613 1380 2673 omnino
1395 2612 1566 2673 hominum
1579 2612 1679 2672 liceat
1692 2628 1783 2688 prae-

143 2708 207 2771 tate
220 2707 318 2769 vebis
333 2707 421 2784 qued
439 2707 625 2785 postulatur
646 2706 827 2785 impendat.
844 2708 935 2780 Quod
989 2709 1093 2771 iatum
1107 2709 1344 2771 monasterium
1365 2709 1490 2771 temere
1501 2709 1706 2786 perturbare,
1728 2711 1786 2773 aut

183 2806 279 2868 sedes
293 2803 477 2867 dioecesani
494 2805 639 2884 episcopi
658 2803 743 2867 ferte
755 2805 934 2878 vacaverit,
991 2812 1063 2886 ejus
1080 2807 1309 2884 possessiones
1327 2806 1470 2879 auferre,
1487 2807 1540 2868 vel
1555 2806 1683 2868 ablatas
1703 2808 1786 2869 reti-

143 2904 274 2967 interim
292 2903 406 2965 emnia
426 2903 652 2965 aeclesiastica
674 2903 883 2964 sacramenta
916 2918 935 2963 a
990 2921 1082 2978 nere,
1099 2905 1261 2977 minuere,
1273 2920 1333 2966 seu
1341 2902 1542 2981 quibuslibet
1552 2904 1785 2966 vexationibus

144 3002 260 3062 vicims
276 3001 444 3078 episcopis
458 3002 610 3079 accipere
631 3000 736 3063 libere
755 3001 788 3064 et
812 3000 936 3079 absque
991 3002 1143 3079 fatigare,
1166 3002 1224 3064 sed
1247 3001 1359 3063 omnia
1380 3002 1513 3077 integra
1532 3003 1782 3071 conserventur,

142 3099 404 3161 contradictione
418 3100 563 3176 possitis,
581 3099 748 3160 sictamen
765 3100 801 3160 ut
814 3114 857 3159 ex
873 3098 936 3160 hoc
990 3117 1104 3163 aerum
1118 3116 1177 3178 pro
1191 3115 1330 3177 querum
1342 3098 1581 3176 gubernatione
1596 3116 1636 3161 ac
1652 3101 1786 3161 susten-

142 3196 360 3274 inposterum
374 3195 833 3274 propriisepiscepisnullum
849 3210 938 3273 prae-
990 3200 1115 3262 tatione
1141 3214 1300 3261 concessa
1327 3198 1404 3259 sunt
1439 3197 1553 3258 usibus
1586 3198 1784 3259 omnimedis

140 3293 303 3372 judicium
330 3292 517 3369 generetur.
543 3293 626 3365 Quia
661 3307 741 3355 vero
771 3293 936 3355 interdum
991 3297 1174 3374 profutura,
1191 3296 1284 3358 salva
1300 3295 1394 3357 Sedis
1416 3296 1615 3373 Apostolicae
1632 3297 1783 3357 aucteri-

142 3394 351 3469 propriorum
372 3392 603 3468 episcoporum
624 3391 754 3468 copiam
780 3406 847 3452 non
868 3392 935 3452 ha·
989 3396 1067 3455 tate.
1084 3394 1119 3455 Si
1133 3409 1197 3471 qua
1209 3393 1312 3469 igitur
1334 3393 1370 3454 in
1389 3392 1536 3456 futurum
1558 3393 1785 3456 ecelesiastica
1893 3401 1896 3405 ’

142 3487 233 3561 hetis,
250 3490 282 3550 si
311 3504 409 3566 quem
424 3489 626 3567 episcopum,
644 3491 803 3549 Romanae
826 3489 933 3563 Sedis,
990 3490 1192 3551 secularisve
1211 3505 1352 3567 persona
1374 3489 1462 3552 hanc
1480 3491 1602 3552 nostrae
1623 3490 1786 3552 constitu-

143 3588 177 3650 ut
187 3587 347 3659 diximus,
371 3587 514 3663 gratiam
535 3589 568 3648 et
589 3586 855 3647 communionem
874 3587 937 3648 ha·
989 3588 1090 3649 tionis
1117 3588 1272 3665 paginam
1296 3589 1414 3651 sciens
1427 3588 1542 3650 eontra
1564 3604 1637 3649 eam
1660 3589 1785 3650 temere

140 3680 281 3757 beatem,
299 3684 387 3745 etde
401 3684 611 3762 quoplenam
634 3683 786 3747 netitIam
805 3683 935 3746 habea·
990 3686 1104 3746 venire
1131 3685 1318 3757 tentaverit,
1344 3686 1489 3747 secundo
1517 3685 1657 3747 tertiove
1691 3701 1785 3747 cem·

141 3780 192 3854 tis,
206 3798 268 3860 per
283 3797 342 3843 ves
356 3781 501 3844 transire
515 3781 701 3857 contigerit,
718 3780 759 3842 ab
776 3797 816 3845 ec
838 3781 937 3843 bene·
990 3783 1125 3853 monita,
1143 3782 1208 3842 nisi
1219 3784 1455 3843 reatumsuum
1466 3797 1612 3857 congrua
1625 3782 1782 3843 satisfac-

141 3877 661 3950 dictienesvasorumetvestiurn‚
670 3879 935 3940 consecrationes
988 3880 1079 3942 tiene
1097 3879 1291 3949 correxerit,
1313 3878 1485 3955 potestatis
1509 3879 1711 3955 honorisque
1731 3880 1784 3940 sui

139 3976 307 4048 altarium,
324 3976 549 4038 ordinationes
563 3976 801 4038 monachorum
820 3977 937 4039 aucte-
989 3976 1150 4053 dignitate
1169 3976 1293 4046 eareat,
1309 3991 1473 4051 reamque
1483 3989 1518 4035 se
1533 3974 1647 4035 divino
1655 3976 1783 4052 judicio

140 4074 236 4137 ritate
262 4074 462 4152 Apostolicae
485 4075 579 4136 Sedis
608 4075 757 4151 recipere
782 4074 932 4135 valeatis.
989 4075 1133 4136 existere
1144 4073 1184 4134 de
1203 4073 1392 4150 perpetrata
1406 4072 1581 4149 iniquitate
1594 4075 1782 4148 cognoscat,

140 4174 243 4235 Porro
259 4172 290 4232 si
299 4172 447 4249 episcopi
459 4172 513 4233 vel
523 4171 581 4232 alii
595 4171 811 4233 ecclesiarum
827 4172 937 4233 recto-
990 4174 1053 4234 eta
1073 4171 1299 4232 sacratissimo
1317 4185 1455 4247 corpere
1481 4185 1520 4231 ac
1540 4170 1702 4246 sanguine
1724 4172 1783 4232 Dei

142 4283 195 4330 res
208 4270 245 4330 in
271 4269 509 4330 monasterium
534 4270 682 4330 vestrum
701 4269 755 4329 vel
776 4284 935 4345 personas
990 4270 1023 4332 et
1035 4268 1166 4331 Domini
1182 4266 1409 4344 Redempteris
1430 4267 1536 4329 nostri
1557 4269 1638 4330 Jesu
1662 4268 1789 4332 Christi

142 4366 223 4428 inibi
248 4366 447 4429 constitutas
470 4366 716 4442 suspensionis,
740 4381 935 4427 excommu-
990 4366 1180 4438 alienafiat,
1197 4366 1296 4444 atque
1314 4366 1350 4426 in
1371 4366 1519 4427 extreme
1541 4366 1695 4428 examine
1716 4366 1788 4428 dis·

140 4464 320 4527 nicationis
327 4464 380 4525 vel
395 4463 562 4526 interdicti
577 4463 773 4524 sententiam
788 4464 936 4540 promul·
989 4461 1665 4540 trictaeultionisubjaceat.Gunctisautem
1676 4464 1784 4524 eidem

140 4564 306 4638 gaverint,
320 4562 390 4624 sive
401 4561 501 4624 etiam
514 4561 550 4621 in
565 4561 787 4622 mercenarios
795 4562 934 4634 vestros,
990 4563 1063 4626 leue
1087 4578 1146 4622 sua
1169 4563 1248 4638 Jura
1272 4558 1481 4622 servantibus
1507 4559 1551 4621 sit
1572 4576 1640 4636 pax
1653 4561 1785 4621 Domini

142 4675 201 4737 pro
215 4675 257 4722 ee
272 4659 358 4737 qued
371 4658 533 4730 decimas,
557 4657 643 4719 sicut
657 4657 779 4719 dictum
794 4659 854 4730 est,
869 4673 936 4718 nen
990 4660 1095 4722 nostri
1106 4661 1186 4721 Jesu
1201 4657 1334 4729 Christi,
1353 4659 1515 4733 quatenus
1530 4656 1563 4716 et
1576 4656 1630 4716 hic
1643 4655 1787 4718 fructum

142 4756 343 4834 persolvitis,
374 4754 445 4817 sive
468 4755 581 4831 aliqua
615 4754 788 4816 occasione
821 4770 936 4816 eorum
990 4758 1085 4819 bonae
1109 4755 1251 4817 actionis
1275 4753 1470 4830 percipiant,
1485 4753 1518 4813 et
1541 4752 1628 4828 apud
1652 4751 1787 4815 distric-

143 4869 214 4931 quae
229 4853 272 4917 ab
287 4852 471 4930 apostolica
482 4851 688 4927 benignitate
701 4850 794 4912 vobis
809 4851 937 4914 indulta
990 4848 1782 4932 tumjudicempraemiaaeternaepacisinvcniant.

144 4954 228 5025 sunt,
245 4968 307 5013 seu
321 4948 549 5011 benefactores
564 4949 705 5019 vestros,
722 4963 782 5025 pre
797 4964 836 5010 ee
851 4947 950 5026 qued'
991 4956 1107 5013 Amen.
1120 4954 1236 5011 Amen.
1249 4948 1365 5008 Amen.
1713 4938 1721 4955 “

144 5049 253 5129 aliqua
264 5047 360 5111 vebis
379 5044 541 5107 beneficia
550 5045 603 5107 vel
619 5045 775 5123 obsequia
789 5062 832 5108 ex
848 5049 939 5109 cari·
1031 5051 1099 5125 Ege
1111 5045 1290 5117 Honorius,
1303 5042 1476 5106 catholicae
1487 5043 1644 5106 Ecclesiae
1657 5046 1794 5123 episco÷

144 5147 208 5210 tate
233 5144 461 5225 praestiterint,
475 5144 528 5205 vel
547 5143 588 5204 ad
609 5142 827 5205 laborandum
841 5145 939 5223 adju·
992 5163 1064 5223 pus,
1082 5143 1275 5220 subscripsi.

144 5245 296 5307 verintin
311 5243 380 5304 illis
393 5241 755 5317 diebus,inquibusves
767 5241 936 5316 laboratis
1032 5246 1100 5319 Ego
1112 5242 1282 5314 Nicolaus,
1295 5240 1502 5303 Tusculanus
1513 5240 1698 5317 episcopus,
1713 5239 1789 5301 sub·

145 5343 179 5403 at
196 5342 254 5403 alii
275 5340 451 5412 farianum,
472 5338 620 5401 camdem
644 5339 841 5400 seutentiam
856 5356 937 5417 per·
992 5340 1123 5417 scripsi.

146 5439 292 5511 tulerint,
300 5438 409 5514 ipsam
422 5438 580 5514 tanquam
597 5437 713 5497 contra
725 5436 819 5497 Sedis
833 5442 939 5514 Apos-
1031 5440 1100 5513 Ege
1119 5435 1237 5508 auide,
1252 5434 1479 5497 Praenestinus
1501 5433 1685 5510 episcopus,
1707 5433 1789 5495 sub-

145 5534 555 5610 telicaeindultaprolatam
564 5533 719 5594 duximus
728 5533 936 5595 irritandam.
993 5534 1122 5611 scripsi.

147 5633 213 5696 Nec
234 5633 358 5696 litterae
379 5631 446 5693 illae
467 5631 656 5693 firmitatem
675 5630 830 5703 habeant,
855 5648 937 5709 quas
1032 5634 1099 5707 Ege
1117 5629 1313 5706 Hugoliuus,
1337 5627 1498 5690 Ostiensis
1519 5627 1552 5688 et
1571 5626 1796 5690 velletrensis.

149 5732 243 5795 tacite
254 5728 394 5794 nemine
408 5729 638 5793 Cisterciensis
648 5728 775 5791 ordinis
784 5729 937 5793 etcontra
993 5729 1179 5806 episeopus,
1194 5725 1387 5803 subscripsi.
