3982 6196
214 286 270 348 551
836 290 1012 352 HONORII
1034 292 1079 353 111
1100 292 1248 356 OPERA.
1803 300 1866 360 552

255 447 323 523 Ego
331 447 634 517 Romanus,Sancti
644 448 1008 524 nngelidiaccardss.

254 546 323 621 Ego
334 546 531 623 Stephanus,
545 545 657 608 Sancti
666 547 805 633 adriani
818 548 903 611 diac.
917 548 1007 611 card.

214 642 388 720 suscripsi.

253 743 322 816 Ego
346 738 497 815 Egidius,
517 741 714 804 Sanctorum
737 744 865 807 cosmae
887 746 921 807 et
943 747 1011 807 ba·

213 836 317 899 mlani
332 836 416 898 diac.
433 838 524 899 card.
545 855 589 900 ss.

251 927 370 996 Datum
405 936 562 997 Laterani
594 952 654 1014 per
685 953 819 1000 manum
846 939 1007 1013 Rainerii,

212 1035 245 1094 S.
267 1034 306 1094 R.
328 1035 363 1093 il.
388 1033 673 1108 vicecancellarii,
701 1036 798 1099 nouis
825 1037 1008 1103 decembris

210 1129 393 1192 indictione
406 1133 446 1204 V,
468 1133 711 1195 incarnationis
724 1136 905 1198 Dominicae
921 1151 1009 1198 anno

212 1229 302 1300 1217,
325 1228 537 1306 pontificatus
560 1246 641 1294 vero
671 1233 811 1295 Honorii
840 1235 940 1311 Papae
963 1237 1009 1296 iii

211 1342 299 1389 anno
314 1327 469 1391 secundo.

540 1488 686 1576 LXXII

355 1649 407 1707 Ad
423 1649 608 1709 canonicos
621 1648 865 1710 Atrebatenses

511 1775 604 1833 ideo.
621 1776 701 1835 lili.

212 1899 355 1964 [llemoires
372 1900 402 1950 de
417 1901 444 1950 la
455 1899 552 1950 Socidte
568 1901 613 1951 des
626 1901 785 1966 antiquaires
807 1902 838 1953 de
851 1902 878 1953 la
891 1902 1007 1963 Ilorinie,

542 1995 568 2045 r·
583 1979 652 2046 ³³2]

1064 449 1115 511 dis
1144 450 1318 528 potueritis
1344 451 1519 525 interesse,
1551 454 1617 515 duo
1641 456 1791 517 vestrum
1821 472 1863 518 ea

1064 546 1281 610 nihilominus
1295 551 1530 625 exsequantur.

1104 646 1222 706 Datum
1242 645 1410 718 Laterani,
1431 648 1490 707 l'ii
1514 647 1558 707 id.
1577 648 1741 722 decemb,
1757 650 1865 726 ponti·

1065 738 1183 804 licatus
1197 743 1305 805 nostri
1314 758 1402 805 anuo
1417 744 1573 806 secundo.

1380 929 1544 1018 LXXIII

1152 1081 1205 1141 Ad
1217 1081 1426 1157 magistrum
1439 1081 1475 1142 et
1484 1083 1617 1157 tratres
1630 1086 1769 1146 ordinis

1314 1180 1604 1240 Proedicotorum.

1366 1302 1382 1358 7
1397 1298 1460 1357 dec.
1475 1300 1554 1358 1217.

1152 1412 1268 1479 [Itipolli
1285 1413 1381 1465 Bulisr.
1400 1414 1607 1474 Prudicaiornm,
1621 1416 1643 1476 Ι,
1659 1416 1685 1476 b,
1700 1429 1731 1466 υ·
1741 1418 1782 1484 b]

1064 1522 1152 1578 batur
1166 1518 1287 1578 facultas
1300 1519 1424 1579 adeundi
1439 1523 1610 1595 episcopum
1623 1522 1800 1581 benevolum
1815 1526 1862 1598 qui

1100 1608 1136 1667 ad
1149 1609 1287 1667 ecclosias
1307 1610 1515 1669 construendas
1538 1612 1704 1684 primarium
1732 1613 1858 1685 lapidem

1099 1705 1196 1770 ponat,
1217 1705 1393 1756 constructus
1412 1707 1571 1769 consecret,
1587 1707 1615 1756 et
1629 1702 1799 1759 coemeteria
1812 1702 1860 1759 be·

1099 1785 1221 1856 nedlcat,
1237 1786 1262 1842 si
1276 1785 1456 1845 dioecesanus
1470 1788 1508 1845 sit
1521 1786 1654 1864 difficilis.

1098 1911 1265 1974 Honorius
1297 1913 1492 1991 episcopus,
1530 1930 1647 1977 servus
1684 1930 1861 1977 servorum

1065 2009 1135 2078 bei,
1149 2009 1280 2071 dilectis
1292 2009 1372 2071 liliis
1384 2012 1555 2087 magistro,
1571 2013 1605 2074 et
1623 2010 1789 2074 fratribus
1803 2029 1861 2075 or-

211 2086 260 2147 Eis
284 2087 402 2145 mandat
424 2094 455 2145 ut
476 2085 686 2161 deprehendis
709 2088 738 2145 iu
758 2090 877 2148 ecclesia
897 2089 1010 2148 dnensi
1065 2106 1152 2168 dinis
1167 2107 1587 2181 Praedicatomm‚salutem
1601 2110 1864 2187 etapostolicam

294 2176 465 2235 biennensis
477 2174 610 2234 dioeoesis
625 2176 812 2251 lnaequaIIbus
828 2186 938 2236 curcul.
1064 2202 1340 2266 benedictionem,

251 2303 419 2364 Honorius
457 2302 652 2380 episcopus,
689 2320 806 2365 servus
839 2320 1010 2366 servorum
1104 2303 1154 2362 Ex
1179 2304 1274 2379 parte
1294 2303 1405 2364 vestra
1432 2301 1492 2365 tuit
1520 2303 1728 2380 propositum
1751 2320 1865 2367 ceram

211 2401 283 2473 Dei,
298 2399 428 2460 dilectis
442 2398 522 2460 liliis
537 2400 729 2477 praeposito,
749 2401 879 2463 cantori
889 2404 921 2464 et
934 2418 1010 2463 ma·
1067 2397 1173 2471 nobis,
1188 2400 1273 2477 quod
1295 2400 1374 2462 licet
1387 2399 1481 2462 vobis
1495 2416 1556 2479 per
1574 2401 1737 2479 specialia
1755 2404 1865 2480 privi-
1978 2444 1979 2491 3

211 2498 316 2574 gistro
326 2499 375 2567 F„
389 2496 560 2558 canonicis
570 2497 854 2573 atrebatensibus,
869 2499 1011 2562 salutem
1065 2496 1152 2572 legia
1175 2496 1487 2576 sedisapostolicae
1509 2499 1553 2560 sit
1574 2498 1755 2572 indultum,
1771 2503 1811 2562 ut
1824 2501 1865 2562 ad
1978 2496 1979 2527 *

213 2593 766 2672 etApostolicambenedictionem.

254 2692 504 2755 insinuantibus
519 2692 650 2755 dilectis
670 2693 749 2755 liliis
765 2693 891 2757 decano
907 2695 939 2757 et
954 2711 1012 2757 ca-

216 2790 348 2853 nonicis
372 2789 580 2862 Ariensibus,
607 2790 809 2853 Morinensis
840 2791 1009 2865 dioecesis,

215 2905 277 2951 nos
302 2887 463 2950 noveritis
491 2887 661 2965 accepisse
685 2888 770 2966 quod
797 2905 841 2951 ex
861 2906 902 2952 eo
926 2890 1011 2968 quod

213 2985 401 3064 praebenda
424 2985 554 3047 suntin
574 3000 689 3047 eorum
701 2985 843 3048 ecclesia
862 2986 1013 3065 inaqua-

214 3084 275 3154 les,
291 3082 484 3161 plerumque
501 3081 692 3159 interipsos
707 3082 882 3145 discordiae
897 3083 1013 3145 oriun-
1067 3083 1235 3156 oratoriis,
1260 3098 1333 3160 quae
1358 3083 1400 3143 de
1426 3097 1514 3144 novo
1539 3081 1641 3144 vultis
1667 3087 1865 3145 consudare

213 3182 281 3251 tur,
301 3194 341 3241 ac
360 3178 529 3239 distractis
551 3178 804 3255 prebendarum
828 3180 1012 3242 redditibus
1066 3179 1262 3258 primarium
1294 3178 1438 3256 lapidem
1466 3194 1590 3258 ponere
1616 3181 1650 3241 ct
1673 3182 1867 3243 constructa

215 3276 331 3339 eadem
346 3275 487 3337 ecclesia
504 3274 613 3337 debito
628 3276 765 3338 servitio
784 3276 1010 3340 defraudatur.

216 3374 257 3437 Et
270 3389 371 3451 quum
385 3370 506 3433 fundus
522 3372 656 3450 quidam
667 3373 765 3451 juxta
781 3375 931 3437 eamdem
951 3391 1011 3438 ec·

1066 2594 1228 2667 civitates,
1241 2594 1295 2656 vel
1303 2595 1412 2668 villas,
1420 2595 1477 2656 ubi
1491 2595 1658 2672 religiose,
1672 2613 1713 2657 ac
1723 2597 1864 2660 honeste

1066 2692 1265 2754 commorari
1276 2692 1423 2770 possitis,
1439 2692 1601 2770 apopulis
1617 2695 1750 2756 evocati
1762 2710 1866 2757 accc-

1066 2790 1155 2862 dere,
1178 2789 1289 2869 ibique
1313 2805 1372 2867 pro
1396 2789 1518 2851 vestris
1532 2788 1647 2851 usibus
1664 2791 1812 2853 aediiicia
1835 2794 1867 2855 et

1066 2888 1238 2959 ecclesias,
1256 2902 1315 2948 seu
1334 2887 1481 2949 oratoria
1503 2888 1697 2949 construere
1709 2889 1867 2961 valeatis,

216 3471 353 3534 clesiam
368 3469 495 3548 positus
506 3469 702 3548 quibusdam
715 3471 902 3549 praebendis
917 3473 1012 3535 exis-

215 3570 265 3632 tat
277 3568 468 3646 specialiter
481 3568 682 3644 assignatus,
699 3570 815 3647 inquo
831 3571 1012 3632 claustrum
1067 3586 1184 3633 norum
1199 3570 1359 3648 ipsorum,
1376 3586 1450 3631 cum
1470 3570 1511 3631 ad
1535 3569 1708 3642 ecclesias,
1732 3571 1769 3633 et
1794 3570 1869 3633 loca

127 3694 130 3699 >
217 3668 251 3729 et
264 3667 331 3728 alia
346 3665 487 3728 aedilicia
507 3665 658 3728 ecclesiae
674 3666 795 3731 debent
809 3683 883 3730 esse
897 3684 936 3730 ac
950 3684 1011 3732 ca·
1066 3669 1178 3730 restra
1200 3683 1262 3745 pro
1292 3668 1475 3746 praemissis
1508 3667 1734 3745 exsequendis
1767 3683 1867 3731 acee-

217 3764 411 3826 nonicorum
423 3763 570 3825 construi
581 3765 782 3838 mansiones,
796 3781 839 3827 ex
849 3765 1013 3828 divisione
1067 3765 1159 3837 dunt,
1190 3767 1325 3843 propter
1357 3764 1565 3827 evectionum
1593 3766 1628 3827 et
1646 3779 1868 3842 personarum

215 3860 470 3940 praebendarum
484 3862 634 3938 ipsarum
648 3863 788 3939 contigit
805 3863 910 3925 laicos
924 3863 1012 3926 inira
1067 3861 1323 3935 multitudinem,
1348 3878 1430 3940 quas
1442 3877 1555 3923 secum
1570 3861 1708 3935 ducunt,
1724 3863 1871 3939 gravant
1978 3868 1979 3873 ’

217 3959 366 4037 ejusdem
392 3957 543 4021 ecclesiae
564 3958 723 4021 ambitum
743 3961 896 4038 proprias
917 3977 1014 4023 mau—
1067 3976 1126 4022 vos
1141 3975 1208 4023 non
1223 3959 1436 4021 modicumin
1460 3959 1630 4036 expensis.
1648 3961 1761 4032 Quare
1774 3959 1869 4021 nobis

217 4056 328 4118 aiones
352 4055 486 4127 babere,
512 4071 552 4117 ac
572 4056 750 4118 canonicos
773 4056 839 4135 ipsi
863 4056 1013 4119 ecclesia

218 4153 400 4215 servientes
419 4152 599 4214 remotiora
617 4152 761 4230 hospitia
781 4155 910 4231 oportet
933 4170 1016 4216 con·
1068 4154 1244 4233 superboc
1263 4154 1402 4232 paterna
1417 4153 1642 4215 sollicitudine
1657 4169 1868 4215 curaremus.

218 4251 351 4322 ducere,
380 4249 417 4310 in
442 4262 578 4310 enorme
607 4247 749 4311 dedecus
778 4250 1014 4314 ecclesiasticae
1068 4253 1137 4315 Nos
1163 4252 1276 4329 itaque
1298 4251 1420 4313 vestris
1443 4250 1747 4330 supplicationibus
1771 4251 1872 4312 incli-

217 4344 418 4421 honestatis3
444 4344 540 4422 plura
566 4344 667 4406 etiam
686 4346 719 4409 et
737 4346 869 4409 diversa
892 4349 1015 4411 incom-
1068 4348 1149 4421 nati,
1164 4347 1332 4410 devotioni
1354 4349 1476 4410 vestrae
1500 4348 1699 4411 auctoritate
1721 4364 1873 4425 praesen·

219 4444 316 4507 moda
336 4444 510 4519 emergunt
530 4442 652 4520 saepius
673 4457 716 4504 ex
738 4444 917 4521 praedictis,
941 4463 1014 4524 quae
1068 4447 1151 4508 tium
1161 4444 1381 4522 indulgemus,
1405 4445 1442 4507 ut
1458 4445 1488 4506 si
1507 4445 1690 4507 dioecesani
1704 4445 1869 4523 praedicti,

218 4543 333 4605 limam
359 4540 557 4619 apostolicae
581 4540 796 4603 correctionis
819 4545 1012 4620 exposcunt.
1069 4543 1200 4606 avobis
1221 4542 1394 4605 humiliter
1402 4542 1567 4621 requisiti,
1579 4542 1777 4620 haunsmodi
1786 4542 1872 4620 lapi·

219 4640 380 4715 Quocirca
399 4636 592 4700 discretioni
609 4638 729 4700 restrae
746 4654 807 4717 per
826 4640 1014 4719 apostolica

160 4756 164 4763 ’
219 4740 345 4816 scripta
374 4736 589 4809 mandamus,
622 4737 785 4814 quatenus
808 4737 936 4800 vocatIs
959 4739 1015 4816 qui

219 4836 354 4914 propter
373 4835 437 4896 hoc
458 4833 583 4896 luerint
606 4833 778 4908 evocandi,
800 4835 833 4896 et
856 4834 1016 4913 inquisita

221 4948 322 5010 super
349 4931 516 5009 praedictis
533 4930 727 5008 diligentius
751 4933 903 5006 veritate,
930 4933 1015 5010 quod

221 5029 418 5092 canonicum
450 5028 551 5090 fuerit
575 5028 746 5100 statuatis,
779 5030 955 5116 corrigatis
984 5033 1017 5093 et

221 5126 408 5190 reformetis
427 5125 626 5187 auctoritate
651 5128 766 5188 nostra
787 5126 822 5188 in
842 5127 923 5205 ipsis
943 5144 1017 5206 quae

221 5223 429 5286 correctione
445 5222 479 5282 et
495 5220 732 5285 reformatione
753 5223 905 5287 videritis
928 5226 1019 5287 indi-

220 5336 317 5397 gere3
334 5319 494 5382 facientes
512 5319 598 5397 quod
615 5320 798 5383 statueritis
817 5337 878 5400 per
892 5338 1016 5385 censu-

221 5434 293 5478 ram
309 5417 569 5479 ecclesiasticam
584 5417 821 5480 inviolabiliter
833 5419 1016 5493 observari,

224 5623 409 5670 censuram
425 5611 515 5681 Quod
532 5611 560 5673 si
575 5626 641 5672 non
656 5626 771 5673 omnes
781 5613 824 5673 iis
839 5629 1019 5691 exaequen-

1069 4641 1143 4702 dem
1159 4641 1193 4701 in
1208 4640 1376 4718 praedictis
1390 4640 1554 4713 ecclesiis,
1571 4639 1624 4701 vel
1634 4639 1797 4701 oratoriis
1814 4656 1873 4718 po-

1070 4752 1161 4810 nere,
1178 4752 1218 4798 ao
1233 4737 1404 4809 ecclesias,
1420 4736 1474 4799 vel
1487 4736 1635 4800 oratoria
1645 4736 1822 4812 praedicta,
1834 4751 1872 4797 ac

1066 2984 1247 3046 dioecesani
1264 2986 1376 3046 tamen
1402 2983 1551 3046 locorum
1566 2985 1601 3046 in
1622 2985 1791 3058 ecclesiis,
1807 3003 1867 3047 seu
1978 3042 1979 3047 ,

1067 3293 1275 3350 consecrare,
1297 3292 1336 3340 ac
1350 3277 1541 3339 coemeteria
1562 3277 1658 3339 robis
1677 3279 1792 3355 Juxta,
1816 3278 1867 3340 vel
1978 3258 1979 3337 ]

1067 3375 1213 3437 oratoria
1227 3374 1386 3453 praedicta
1401 3374 1598 3437 benedicere
1612 3375 1796 3451 denegant,
1807 3391 1867 3453 pro
1978 3392 1979 3469 j

1067 3489 1136 3535 suae
1150 3472 1245 3535 libito
1264 3472 1456 3546 voluntatis
1479 3471 1584 3550 aliqui
1598 3488 1679 3535 vero
1702 3472 1870 3535 dioecese·

1068 4057 1241 4119 humiliter
1268 4056 1493 4135 supplicastis,
1517 4058 1554 4119 ut
1574 4055 1755 4134 providere
1777 4055 1871 4118 vobis
1978 4058 1979 4063 ’

1070 4835 1171 4896 etiam
1194 4834 1314 4896 altaria
1331 4836 1444 4896 vestra
1463 4849 1672 4906 consecrare,
1696 4836 1732 4895 et
1749 4849 1874 4896 caeme-

1069 4931 1155 4995 teria
1176 4931 1374 4995 benedicere
1384 4932 1636 5009 denegaverint,
1649 4930 1704 4995 vel
1715 4931 1750 4993 id
1761 4932 1874 4994 facere
1978 4938 1979 4975 1

1072 5028 1159 5091 ultra
1174 5031 1316 5108 quatuor
1340 5044 1472 5091 menses
1497 5028 1701 5101 distulerint,
1729 5044 1874 5106 vesper

1071 5142 1293 5205 quoscumque
1313 5125 1500 5188 malueritis
1520 5126 1708 5204 episcopos,
1725 5126 1873 5203 gratiam
1978 5138 1979 5147 ¹

1072 5225 1106 5286 et
1119 5223 1383 5287 communionem
1400 5223 1494 5284 Sedis
1517 5223 1720 5300 apostolicas
1735 5222 1871 5313 haben-

1072 5323 1133 5394 tes,
1145 5322 1318 5399 praemissa
1332 5321 1482 5398 recipere
1496 5320 1587 5381 licite
1601 5319 1759 5381 valeatis.
1779 5319 1872 5382 Nulli

1073 5433 1165 5494 ergo,
1178 5419 1254 5491 etc,
1275 5420 1396 5480 nostrae
1414 5416 1651 5488 concessionis,
1669 5417 1734 5478 etc.
1751 5419 1872 5480 Datum

1073 5613 1285 5690 pontificatus
1301 5611 1404 5674 nostri
1415 5627 1503 5674 anno
1515 5610 1673 5672 secundo.

224 5512 485 5577 contradictores
517 5529 577 5592 per
604 5513 753 5579 eamdem
781 5517 1018 5595 compescendo
1073 5518 1186 5579 Romae
1200 5515 1287 5593 apud
1301 5517 1334 5577 S.
1346 5514 1571 5577 sabinamVli
1579 5512 1656 5573 idus
1671 5512 1871 5583 decembris,
1978 5542 1979 5621 p
