<?xml version="1.0" encoding="UTF-8"?>
<!DOCTYPE html PUBLIC "-//W3C//DTD XHTML 1.0 Transitional//EN"
    "http://www.w3.org/TR/xhtml1/DTD/xhtml1-transitional.dtd">
<html xmlns="http://www.w3.org/1999/xhtml" xml:lang="en" lang="en">
 <head>
  <title>
</title>
<meta http-equiv="Content-Type" content="text/html;charset=utf-8" />
  <meta name='ocr-system' content='tesseract 3.04.00' />
  <meta name='ocr-capabilities' content='ocr_page ocr_carea ocr_par ocr_line ocrx_word'/>
</head>
<body>
  <div class='ocr_page' id='page_1' title='image "./mediiaevibiblio00bottgoog_0403.png"; bbox 0 0 3900 6202; ppageno 0'>
   <div class='ocr_carea' id='block_1_1' title="bbox 246 332 1896 400">
    <p class='ocr_par' dir='ltr' id='par_1_1' title="bbox 246 332 1896 400">
     <span class='ocr_line' id='line_1_1' title="bbox 246 332 1896 400; baseline -0.008 0"><span class='ocrx_word' id='word_1_1' title='bbox 246 339 306 400; x_wconf 81' lang='lat'>307</span> <span class='ocrx_word' id='word_1_2' title='bbox 863 332 1039 395; x_wconf 88' lang='lat' dir='ltr'><strong>HONORII</strong></span> <span class='ocrx_word' id='word_1_3' title='bbox 1061 332 1106 392; x_wconf 90' lang='grc' dir='ltr'>ΙΙΙ</span> <span class='ocrx_word' id='word_1_4' title='bbox 1128 332 1275 393; x_wconf 82' lang='lat' dir='ltr'><strong>OPERA.</strong></span> <span class='ocrx_word' id='word_1_5' title='bbox 1836 336 1896 398; x_wconf 71' lang='lat'>308</span> 
     </span>
    </p>
   </div>
   <div class='ocr_carea' id='block_1_2' title="bbox 245 490 1896 1454">
    <p class='ocr_par' dir='ltr' id='par_1_2' title="bbox 245 490 1896 1454">
     <span class='ocr_line' id='line_1_2' title="bbox 246 490 1893 572; baseline -0.001 -12"><span class='ocrx_word' id='word_1_6' title='bbox 246 497 339 560; x_wconf 89' lang='lat' dir='ltr'>tanto</span> <span class='ocrx_word' id='word_1_7' title='bbox 355 495 463 559; x_wconf 91' lang='lat' dir='ltr'>studio</span> <span class='ocrx_word' id='word_1_8' title='bbox 478 495 512 558; x_wconf 91' lang='lat' dir='ltr'>et</span> <span class='ocrx_word' id='word_1_9' title='bbox 525 493 652 568; x_wconf 86' lang='lat' dir='ltr'>labore,</span> <span class='ocrx_word' id='word_1_10' title='bbox 666 492 821 572; x_wconf 87' lang='lat' dir='ltr'>passagio</span> <span class='ocrx_word' id='word_1_11' title='bbox 836 491 1040 564; x_wconf 80' lang='lat' dir='ltr'><strong>imminente,</strong></span> <span class='ocrx_word' id='word_1_12' title='bbox 1096 490 1349 565; x_wconf 83' lang='lat' dir='ltr'>observandam,</span> <span class='ocrx_word' id='word_1_13' title='bbox 1367 492 1469 570; x_wconf 86' lang='lat' dir='ltr'>etqui</span> <span class='ocrx_word' id='word_1_14' title='bbox 1484 492 1696 572; x_wconf 77' lang='lat' dir='ltr'>acquiescere</span> <span class='ocrx_word' id='word_1_15' title='bbox 1708 491 1795 556; x_wconf 82' lang='lat' dir='ltr'>torte</span> <span class='ocrx_word' id='word_1_16' title='bbox 1810 510 1893 559; x_wconf 91' lang='lat' dir='ltr'>con-</span> 
     </span>
     <span class='ocr_line' id='line_1_3' title="bbox 248 591 1896 675; baseline -0.001 -19"><span class='ocrx_word' id='word_1_17' title='bbox 248 597 343 675; x_wconf 88' lang='lat' dir='ltr'>quasi</span> <span class='ocrx_word' id='word_1_18' title='bbox 353 595 490 671; x_wconf 78' lang='lat' dir='ltr'>regione</span> <span class='ocrx_word' id='word_1_19' title='bbox 500 592 688 655; x_wconf 83' lang='lat' dir='ltr'>albescente</span> <span class='ocrx_word' id='word_1_20' title='bbox 699 593 740 654; x_wconf 89' lang='lat' dir='ltr'>ad</span> <span class='ocrx_word' id='word_1_21' title='bbox 752 608 905 664; x_wconf 85' lang='lat' dir='ltr'>messem,</span> <span class='ocrx_word' id='word_1_22' title='bbox 920 591 1043 653; x_wconf 88' lang='lat' dir='ltr'>astutia</span> <span class='ocrx_word' id='word_1_23' title='bbox 1096 592 1292 662; x_wconf 84' lang='lat' dir='ltr'>temnerent,</span> <span class='ocrx_word' id='word_1_24' title='bbox 1307 605 1368 668; x_wconf 91' lang='lat' dir='ltr'>per</span> <span class='ocrx_word' id='word_1_25' title='bbox 1379 591 1758 654; x_wconf 76' lang='lat' dir='ltr'>excommunicatIonem</span> <span class='ocrx_word' id='word_1_26' title='bbox 1771 593 1806 653; x_wconf 90' lang='lat' dir='ltr'>ln</span> <span class='ocrx_word' id='word_1_27' title='bbox 1819 610 1896 670; x_wconf 90' lang='lat' dir='ltr'>per-</span> 
     </span>
     <span class='ocr_line' id='line_1_4' title="bbox 247 688 1893 762; baseline -0.001 -7"><span class='ocrx_word' id='word_1_28' title='bbox 247 693 412 755; x_wconf 90' lang='lat' dir='ltr'>diabolica</span> <span class='ocrx_word' id='word_1_29' title='bbox 433 694 617 755; x_wconf 82' lang='lat' dir='ltr'>retrorsum</span> <span class='ocrx_word' id='word_1_30' title='bbox 637 691 791 753; x_wconf 86' lang='lat' dir='ltr'>rideatur</span> <span class='ocrx_word' id='word_1_31' title='bbox 812 689 976 762; x_wconf 87' lang='lat' dir='ltr'>converti,</span> <span class='ocrx_word' id='word_1_32' title='bbox 1000 704 1042 751; x_wconf 93' lang='lat' dir='ltr'>ne</span> <span class='ocrx_word' id='word_1_33' title='bbox 1097 704 1207 762; x_wconf 88' lang='lat' dir='ltr'>sonas,</span> <span class='ocrx_word' id='word_1_34' title='bbox 1232 689 1265 750; x_wconf 92' lang='lat' dir='ltr'>et</span> <span class='ocrx_word' id='word_1_35' title='bbox 1285 688 1498 751; x_wconf 88' lang='lat' dir='ltr'>interdictum</span> <span class='ocrx_word' id='word_1_36' title='bbox 1520 690 1555 750; x_wconf 92' lang='lat' dir='ltr'>in</span> <span class='ocrx_word' id='word_1_37' title='bbox 1577 691 1686 752; x_wconf 90' lang='lat' dir='ltr'>terras</span> <span class='ocrx_word' id='word_1_38' title='bbox 1708 691 1893 753; x_wconf 85' lang='lat' dir='ltr'>arctissime</span> 
     </span>
     <span class='ocr_line' id='line_1_5' title="bbox 247 786 1894 868; baseline -0.001 -16"><span class='ocrx_word' id='word_1_39' title='bbox 247 790 429 852; x_wconf 83' lang='lat' dir='ltr'>ascendant</span> <span class='ocrx_word' id='word_1_40' title='bbox 449 790 482 850; x_wconf 92' lang='lat' dir='ltr'>in</span> <span class='ocrx_word' id='word_1_41' title='bbox 501 789 662 866; x_wconf 90' lang='lat' dir='ltr'>palmam,</span> <span class='ocrx_word' id='word_1_42' title='bbox 686 787 719 850; x_wconf 89' lang='lat' dir='ltr'>et</span> <span class='ocrx_word' id='word_1_43' title='bbox 739 788 899 864; x_wconf 92' lang='lat' dir='ltr'>colligant</span> <span class='ocrx_word' id='word_1_44' title='bbox 916 786 1042 848; x_wconf 83' lang='lat' dir='ltr'>fructus</span> <span class='ocrx_word' id='word_1_45' title='bbox 1097 786 1308 863; x_wconf 83' lang='lat' dir='ltr'>cogerentur,</span> <span class='ocrx_word' id='word_1_46' title='bbox 1335 787 1400 848; x_wconf 89' lang='lat' dir='ltr'>nisi</span> <span class='ocrx_word' id='word_1_47' title='bbox 1426 787 1519 850; x_wconf 88' lang='lat' dir='ltr'>tanta</span> <span class='ocrx_word' id='word_1_48' title='bbox 1545 789 1635 851; x_wconf 90' lang='lat' dir='ltr'>esset</span> <span class='ocrx_word' id='word_1_49' title='bbox 1657 789 1894 868; x_wconf 83' lang='lat' dir='ltr'>injuriatorum</span> 
     </span>
     <span class='ocr_line' id='line_1_6' title="bbox 246 885 1896 969; baseline -0.001 -19"><span class='ocrx_word' id='word_1_50' title='bbox 246 891 334 967; x_wconf 79' lang='lat' dir='ltr'>eJus;</span> <span class='ocrx_word' id='word_1_51' title='bbox 357 888 508 966; x_wconf 87' lang='lat' dir='ltr'>quodque</span> <span class='ocrx_word' id='word_1_52' title='bbox 527 903 588 949; x_wconf 91' lang='lat' dir='ltr'>nos</span> <span class='ocrx_word' id='word_1_53' title='bbox 608 887 715 969; x_wconf 86' lang='lat' dir='ltr'>magis</span> <span class='ocrx_word' id='word_1_54' title='bbox 734 889 844 947; x_wconf 85' lang='lat' dir='ltr'>moret</span> <span class='ocrx_word' id='word_1_55' title='bbox 863 902 901 947; x_wconf 89' lang='lat' dir='ltr'>ac</span> <span class='ocrx_word' id='word_1_56' title='bbox 918 885 1040 958; x_wconf 90' lang='lat' dir='ltr'>turbat,</span> <span class='ocrx_word' id='word_1_57' title='bbox 1097 885 1317 962; x_wconf 86' lang='lat' dir='ltr'>malitiaquod</span> <span class='ocrx_word' id='word_1_58' title='bbox 1330 885 1395 962; x_wconf 91' lang='lat' dir='ltr'>ipsi</span> <span class='ocrx_word' id='word_1_59' title='bbox 1406 886 1467 947; x_wconf 90' lang='lat' dir='ltr'>tali</span> <span class='ocrx_word' id='word_1_60' title='bbox 1479 902 1546 948; x_wconf 94' lang='lat' dir='ltr'>non</span> <span class='ocrx_word' id='word_1_61' title='bbox 1556 886 1714 948; x_wconf 89' lang='lat' dir='ltr'>deberent</span> <span class='ocrx_word' id='word_1_62' title='bbox 1720 903 1804 964; x_wconf 89' lang='lat' dir='ltr'>pace</span> <span class='ocrx_word' id='word_1_63' title='bbox 1812 904 1896 964; x_wconf 86' lang='lat' dir='ltr'>gau-</span> 
     </span>
     <span class='ocr_line' id='line_1_7' title="bbox 247 982 1895 1063; baseline -0.001 -15"><span class='ocrx_word' id='word_1_64' title='bbox 247 986 464 1049; x_wconf 90' lang='lat' dir='ltr'>ecclesiarum</span> <span class='ocrx_word' id='word_1_65' title='bbox 492 984 622 1063; x_wconf 88' lang='lat' dir='ltr'>praelati</span> <span class='ocrx_word' id='word_1_66' title='bbox 645 984 795 1046; x_wconf 84' lang='lat' dir='ltr'>videntes</span> <span class='ocrx_word' id='word_1_67' title='bbox 817 984 880 1046; x_wconf 91' lang='lat' dir='ltr'>hoc</span> <span class='ocrx_word' id='word_1_68' title='bbox 904 982 1040 1055; x_wconf 91' lang='lat' dir='ltr'>malum,</span> <span class='ocrx_word' id='word_1_69' title='bbox 1097 984 1186 1045; x_wconf 92' lang='lat' dir='ltr'>dere.</span> <span class='ocrx_word' id='word_1_70' title='bbox 1204 984 1295 1045; x_wconf 90' lang='lat' dir='ltr'>Licet</span> <span class='ocrx_word' id='word_1_71' title='bbox 1306 984 1409 1061; x_wconf 85' lang='lat' dir='ltr'>igitur</span> <span class='ocrx_word' id='word_1_72' title='bbox 1423 985 1531 1045; x_wconf 88' lang='lat' dir='ltr'>dictus</span> <span class='ocrx_word' id='word_1_73' title='bbox 1546 984 1691 1045; x_wconf 83' lang='lat' dir='ltr'>Erardus</span> <span class='ocrx_word' id='word_1_74' title='bbox 1709 1001 1785 1046; x_wconf 89' lang='lat' dir='ltr'>cum</span> <span class='ocrx_word' id='word_1_75' title='bbox 1805 1001 1895 1047; x_wconf 92' lang='lat' dir='ltr'>com-</span> 
     </span>
     <span class='ocr_line' id='line_1_8' title="bbox 247 1078 1896 1160; baseline 0.001 -17"><span class='ocrx_word' id='word_1_76' title='bbox 247 1081 314 1143; x_wconf 88' lang='lat' dir='ltr'>non</span> <span class='ocrx_word' id='word_1_77' title='bbox 333 1082 441 1143; x_wconf 90' lang='lat' dir='ltr'>solum</span> <span class='ocrx_word' id='word_1_78' title='bbox 461 1097 528 1142; x_wconf 92' lang='lat' dir='ltr'>non</span> <span class='ocrx_word' id='word_1_79' title='bbox 542 1080 687 1142; x_wconf 89' lang='lat' dir='ltr'>habeant</span> <span class='ocrx_word' id='word_1_80' title='bbox 706 1097 749 1141; x_wconf 85' lang='lat' dir='ltr'>ex</span> <span class='ocrx_word' id='word_1_81' title='bbox 769 1080 833 1141; x_wconf 92' lang='lat' dir='ltr'>hoc</span> <span class='ocrx_word' id='word_1_82' title='bbox 852 1078 989 1151; x_wconf 88' lang='lat' dir='ltr'>luctum,</span> <span class='ocrx_word' id='word_1_83' title='bbox 1010 1078 1043 1140; x_wconf 90' lang='lat' dir='ltr'>et</span> <span class='ocrx_word' id='word_1_84' title='bbox 1097 1081 1239 1160; x_wconf 86' lang='lat' dir='ltr'>plicibus</span> <span class='ocrx_word' id='word_1_85' title='bbox 1274 1081 1308 1143; x_wconf 90' lang='lat' dir='ltr'>et</span> <span class='ocrx_word' id='word_1_86' title='bbox 1338 1082 1584 1160; x_wconf 86' lang='lat' dir='ltr'>coadjutoribus</span> <span class='ocrx_word' id='word_1_87' title='bbox 1612 1082 1700 1155; x_wconf 90' lang='lat' dir='ltr'>suis,</span> <span class='ocrx_word' id='word_1_88' title='bbox 1739 1083 1826 1144; x_wconf 89' lang='lat' dir='ltr'>sicut</span> <span class='ocrx_word' id='word_1_89' title='bbox 1854 1100 1896 1145; x_wconf 79' lang='lat' dir='ltr'>ex</span> 
     </span>
     <span class='ocr_line' id='line_1_9' title="bbox 247 1177 1893 1259; baseline 0.001 -18"><span class='ocrx_word' id='word_1_90' title='bbox 247 1181 353 1242; x_wconf 89' lang='lat' dir='ltr'>eidem</span> <span class='ocrx_word' id='word_1_91' title='bbox 366 1180 464 1259; x_wconf 89' lang='lat' dir='ltr'>prout</span> <span class='ocrx_word' id='word_1_92' title='bbox 475 1179 516 1240; x_wconf 91' lang='lat' dir='ltr'>ad</span> <span class='ocrx_word' id='word_1_93' title='bbox 528 1196 643 1241; x_wconf 91' lang='lat' dir='ltr'>eorum</span> <span class='ocrx_word' id='word_1_94' title='bbox 654 1178 797 1240; x_wconf 84' lang='lat' dir='ltr'>odicium</span> <span class='ocrx_word' id='word_1_95' title='bbox 808 1177 961 1255; x_wconf 89' lang='lat' dir='ltr'>pertinet,</span> <span class='ocrx_word' id='word_1_96' title='bbox 976 1192 1042 1238; x_wconf 92' lang='lat' dir='ltr'>non</span> <span class='ocrx_word' id='word_1_97' title='bbox 1097 1180 1217 1243; x_wconf 90' lang='lat' dir='ltr'>litteris</span> <span class='ocrx_word' id='word_1_98' title='bbox 1241 1179 1353 1243; x_wconf 86' lang='lat' dir='ltr'>dilecti</span> <span class='ocrx_word' id='word_1_99' title='bbox 1382 1180 1444 1241; x_wconf 86' lang='lat' dir='ltr'>tilii</span> <span class='ocrx_word' id='word_1_100' title='bbox 1468 1180 1575 1242; x_wconf 90' lang='lat' dir='ltr'>nostri</span> <span class='ocrx_word' id='word_1_101' title='bbox 1597 1179 1721 1243; x_wconf 92' lang='lat' dir='ltr'>nobilis</span> <span class='ocrx_word' id='word_1_102' title='bbox 1748 1181 1816 1241; x_wconf 82' lang='lat' dir='ltr'>riri</span> <span class='ocrx_word' id='word_1_103' title='bbox 1845 1183 1893 1253; x_wconf 90' lang='grc'>0.,</span> 
     </span>
     <span class='ocr_line' id='line_1_10' title="bbox 247 1275 1892 1355; baseline 0 -16"><span class='ocrx_word' id='word_1_104' title='bbox 247 1277 567 1354; x_wconf 80' lang='lat' dir='ltr'>studeantohriare3</span> <span class='ocrx_word' id='word_1_105' title='bbox 586 1276 819 1340; x_wconf 84' lang='lat' dir='ltr'>verumetiam</span> <span class='ocrx_word' id='word_1_106' title='bbox 836 1275 922 1338; x_wconf 90' lang='lat' dir='ltr'>sicut</span> <span class='ocrx_word' id='word_1_107' title='bbox 941 1291 1042 1337; x_wconf 88' lang='lat' dir='ltr'>acce·</span> <span class='ocrx_word' id='word_1_108' title='bbox 1097 1278 1190 1339; x_wconf 91' lang='lat' dir='ltr'>ducis</span> <span class='ocrx_word' id='word_1_109' title='bbox 1212 1278 1425 1354; x_wconf 85' lang='lat' dir='ltr'>Burgundiae,</span> <span class='ocrx_word' id='word_1_110' title='bbox 1451 1278 1684 1355; x_wconf 81' lang='lat' dir='ltr'>crucesignati,</span> <span class='ocrx_word' id='word_1_111' title='bbox 1710 1277 1808 1339; x_wconf 89' lang='lat' dir='ltr'>nobis</span> <span class='ocrx_word' id='word_1_112' title='bbox 1835 1279 1892 1339; x_wconf 92' lang='lat' dir='ltr'>in-</span> 
     </span>
     <span class='ocr_line' id='line_1_11' title="bbox 245 1373 1896 1454; baseline 0.001 -18"><span class='ocrx_word' id='word_1_113' title='bbox 245 1377 366 1454; x_wconf 88' lang='lat' dir='ltr'>pimus,</span> <span class='ocrx_word' id='word_1_114' title='bbox 388 1376 521 1454; x_wconf 88' lang='lat' dir='ltr'>quidam</span> <span class='ocrx_word' id='word_1_115' title='bbox 544 1392 659 1438; x_wconf 90' lang='lat' dir='ltr'>eorum</span> <span class='ocrx_word' id='word_1_116' title='bbox 680 1376 771 1437; x_wconf 88' lang='lat' dir='ltr'>tanto</span> <span class='ocrx_word' id='word_1_117' title='bbox 791 1374 878 1435; x_wconf 91' lang='lat' dir='ltr'>malo</span> <span class='ocrx_word' id='word_1_118' title='bbox 901 1373 1044 1435; x_wconf 81' lang='grc'><strong>111111111-</strong></span> <span class='ocrx_word' id='word_1_119' title='bbox 1097 1376 1215 1449; x_wconf 90' lang='lat' dir='ltr'>notuit,</span> <span class='ocrx_word' id='word_1_120' title='bbox 1229 1379 1354 1438; x_wconf 92' lang='lat' dir='ltr'>terram</span> <span class='ocrx_word' id='word_1_121' title='bbox 1369 1377 1498 1439; x_wconf 90' lang='lat' dir='ltr'>comitis</span> <span class='ocrx_word' id='word_1_122' title='bbox 1511 1376 1686 1439; x_wconf 89' lang='lat' dir='ltr'>memorati</span> <span class='ocrx_word' id='word_1_123' title='bbox 1697 1392 1806 1453; x_wconf 91' lang='lat' dir='ltr'>nuper</span> <span class='ocrx_word' id='word_1_124' title='bbox 1816 1377 1896 1438; x_wconf 90' lang='lat' dir='ltr'>hos-</span> 
     </span>
    </p>
   </div>
   <div class='ocr_carea' id='block_1_3' title="bbox 245 1471 1942 1552">
    <p class='ocr_par' dir='ltr' id='par_1_3' title="bbox 245 1471 1942 1552">
     <span class='ocr_line' id='line_1_12' title="bbox 245 1471 1942 1552; baseline -0.001 -16"><span class='ocrx_word' id='word_1_125' title='bbox 245 1491 324 1536; x_wconf 82' lang='lat' dir='ltr'>rum</span> <span class='ocrx_word' id='word_1_126' title='bbox 353 1476 461 1552; x_wconf 90' lang='lat' dir='ltr'>potius</span> <span class='ocrx_word' id='word_1_127' title='bbox 494 1474 642 1537; x_wconf 89' lang='lat' dir='ltr'>tribuant</span> <span class='ocrx_word' id='word_1_128' title='bbox 672 1475 705 1536; x_wconf 93' lang='lat' dir='ltr'>et</span> <span class='ocrx_word' id='word_1_129' title='bbox 730 1473 922 1535; x_wconf 88' lang='lat' dir='ltr'>lomentum.</span> <span class='ocrx_word' id='word_1_130' title='bbox 957 1471 1042 1533; x_wconf 87' lang='lat' dir='ltr'>Olim</span> <span class='ocrx_word' id='word_1_131' title='bbox 1095 1474 1200 1536; x_wconf 89' lang='lat' dir='ltr'>tiliter</span> <span class='ocrx_word' id='word_1_132' title='bbox 1213 1476 1356 1547; x_wconf 89' lang='lat' dir='ltr'>intrans,</span> <span class='ocrx_word' id='word_1_133' title='bbox 1378 1475 1538 1552; x_wconf 88' lang='lat' dir='ltr'>quasdam</span> <span class='ocrx_word' id='word_1_134' title='bbox 1553 1474 1651 1536; x_wconf 86' lang='lat' dir='ltr'>villas</span> <span class='ocrx_word' id='word_1_135' title='bbox 1665 1474 1822 1536; x_wconf 90' lang='lat' dir='ltr'>incendio</span> <span class='ocrx_word' id='word_1_136' title='bbox 1838 1474 1897 1535; x_wconf 91' lang='lat' dir='ltr'>de-</span> <span class='ocrx_word' id='word_1_137' title='bbox 1941 1500 1942 1513; x_wconf 59' lang='grc'>1</span> 
     </span>
    </p>
   </div>
   <div class='ocr_carea' id='block_1_4' title="bbox 245 1571 1894 1749">
    <p class='ocr_par' dir='ltr' id='par_1_4' title="bbox 245 1571 1894 1749">
     <span class='ocr_line' id='line_1_13' title="bbox 246 1571 1894 1648; baseline 0 -15"><span class='ocrx_word' id='word_1_138' title='bbox 246 1588 327 1634; x_wconf 88' lang='lat' dir='ltr'>sane</span> <span class='ocrx_word' id='word_1_139' title='bbox 341 1573 449 1635; x_wconf 82' lang='lat' dir='ltr'>felicis</span> <span class='ocrx_word' id='word_1_140' title='bbox 459 1572 699 1635; x_wconf 88' lang='lat' dir='ltr'>recordationis</span> <span class='ocrx_word' id='word_1_141' title='bbox 717 1571 931 1633; x_wconf 90' lang='lat' dir='ltr'>Innocentius</span> <span class='ocrx_word' id='word_1_142' title='bbox 943 1585 1039 1648; x_wconf 88' lang='lat' dir='ltr'>papa,</span> <span class='ocrx_word' id='word_1_143' title='bbox 1096 1573 1278 1635; x_wconf 81' lang='lat' dir='ltr'>vastaverit</span> <span class='ocrx_word' id='word_1_144' title='bbox 1291 1573 1323 1634; x_wconf 90' lang='lat' dir='ltr'>et</span> <span class='ocrx_word' id='word_1_145' title='bbox 1335 1572 1537 1635; x_wconf 87' lang='lat' dir='ltr'>mercatores</span> <span class='ocrx_word' id='word_1_146' title='bbox 1547 1574 1663 1633; x_wconf 91' lang='lat' dir='ltr'>euntes</span> <span class='ocrx_word' id='word_1_147' title='bbox 1674 1572 1715 1632; x_wconf 91' lang='lat' dir='ltr'>ad</span> <span class='ocrx_word' id='word_1_148' title='bbox 1727 1572 1894 1633; x_wconf 86' lang='lat' dir='ltr'>nundinas</span> 
     </span>
     <span class='ocr_line' id='line_1_14' title="bbox 245 1668 1893 1749; baseline -0.001 -17"><span class='ocrx_word' id='word_1_149' title='bbox 245 1671 472 1748; x_wconf 88' lang='lat' dir='ltr'>praedecessor</span> <span class='ocrx_word' id='word_1_150' title='bbox 501 1671 624 1742; x_wconf 88' lang='lat' dir='ltr'>noster,</span> <span class='ocrx_word' id='word_1_151' title='bbox 647 1672 763 1732; x_wconf 84' lang='lat' dir='ltr'>volens</span> <span class='ocrx_word' id='word_1_152' title='bbox 791 1668 1040 1731; x_wconf 89' lang='lat' dir='ltr'>imminentibus</span> <span class='ocrx_word' id='word_1_153' title='bbox 1096 1671 1133 1731; x_wconf 93' lang='lat' dir='ltr'>in</span> <span class='ocrx_word' id='word_1_154' title='bbox 1154 1670 1258 1733; x_wconf 87' lang='lat' dir='ltr'>strata</span> <span class='ocrx_word' id='word_1_155' title='bbox 1278 1670 1409 1749; x_wconf 88' lang='lat' dir='ltr'>publica</span> <span class='ocrx_word' id='word_1_156' title='bbox 1433 1670 1534 1733; x_wconf 84' lang='lat' dir='ltr'>fuerit</span> <span class='ocrx_word' id='word_1_157' title='bbox 1553 1669 1772 1748; x_wconf 85' lang='lat' dir='ltr'>depraedatus,</span> <span class='ocrx_word' id='word_1_158' title='bbox 1797 1686 1893 1731; x_wconf 90' lang='lat' dir='ltr'>eum·</span> 
     </span>
    </p>
   </div>
   <div class='ocr_carea' id='block_1_5' title="bbox 245 1766 1942 1855">
    <p class='ocr_par' dir='ltr' id='par_1_5' title="bbox 245 1766 1942 1855">
     <span class='ocr_line' id='line_1_15' title="bbox 245 1766 1942 1855; baseline -0.001 -25"><span class='ocrx_word' id='word_1_159' title='bbox 245 1770 404 1848; x_wconf 90' lang='lat' dir='ltr'>periculis</span> <span class='ocrx_word' id='word_1_160' title='bbox 426 1770 573 1844; x_wconf 88' lang='lat' dir='ltr'>obviare,</span> <span class='ocrx_word' id='word_1_161' title='bbox 594 1769 707 1831; x_wconf 89' lang='lat' dir='ltr'>audito</span> <span class='ocrx_word' id='word_1_162' title='bbox 729 1768 814 1846; x_wconf 91' lang='lat' dir='ltr'>quod</span> <span class='ocrx_word' id='word_1_163' title='bbox 835 1767 979 1828; x_wconf 84' lang='lat' dir='ltr'>Erardus</span> <span class='ocrx_word' id='word_1_164' title='bbox 1001 1766 1041 1827; x_wconf 94' lang='lat' dir='ltr'>de</span> <span class='ocrx_word' id='word_1_165' title='bbox 1097 1769 1171 1830; x_wconf 92' lang='lat' dir='ltr'>dem</span> <span class='ocrx_word' id='word_1_166' title='bbox 1186 1769 1338 1831; x_wconf 89' lang='lat' dir='ltr'>comitem</span> <span class='ocrx_word' id='word_1_167' title='bbox 1355 1770 1388 1831; x_wconf 89' lang='lat' dir='ltr'>et</span> <span class='ocrx_word' id='word_1_168' title='bbox 1402 1770 1526 1830; x_wconf 89' lang='lat' dir='ltr'>terram</span> <span class='ocrx_word' id='word_1_169' title='bbox 1542 1784 1636 1829; x_wconf 91' lang='lat' dir='ltr'>suam</span> <span class='ocrx_word' id='word_1_170' title='bbox 1653 1767 1812 1830; x_wconf 84' lang='lat' dir='ltr'>infestare</span> <span class='ocrx_word' id='word_1_171' title='bbox 1827 1785 1893 1829; x_wconf 90' lang='lat' dir='ltr'>non</span> <span class='ocrx_word' id='word_1_172' title='bbox 1941 1852 1942 1855; x_wconf 8' lang='grc' dir='ltr'><strong>Ἴ</strong></span> 
     </span>
    </p>
   </div>
   <div class='ocr_carea' id='block_1_6' title="bbox 244 1865 1893 2045">
    <p class='ocr_par' dir='ltr' id='par_1_6' title="bbox 244 1865 1893 2045">
     <span class='ocr_line' id='line_1_16' title="bbox 245 1865 1893 1945; baseline 0 -18"><span class='ocrx_word' id='word_1_173' title='bbox 245 1869 365 1940; x_wconf 87' lang='lat' dir='ltr'>Brena,</span> <span class='ocrx_word' id='word_1_174' title='bbox 388 1869 441 1929; x_wconf 90' lang='lat' dir='ltr'>cui</span> <span class='ocrx_word' id='word_1_175' title='bbox 456 1884 516 1945; x_wconf 93' lang='lat' dir='ltr'>per</span> <span class='ocrx_word' id='word_1_176' title='bbox 537 1869 660 1929; x_wconf 88' lang='lat' dir='ltr'>sanctae</span> <span class='ocrx_word' id='word_1_177' title='bbox 681 1866 851 1927; x_wconf 87' lang='lat' dir='ltr'>memoriae</span> <span class='ocrx_word' id='word_1_178' title='bbox 871 1865 1042 1926; x_wconf 88' lang='lat' dir='ltr'>Albertum</span> <span class='ocrx_word' id='word_1_179' title='bbox 1096 1883 1241 1940; x_wconf 89' lang='lat' dir='ltr'>cessans,</span> <span class='ocrx_word' id='word_1_180' title='bbox 1258 1883 1448 1945; x_wconf 83' lang='lat' dir='ltr'>quanquam</span> <span class='ocrx_word' id='word_1_181' title='bbox 1470 1867 1590 1928; x_wconf 90' lang='lat' dir='ltr'>dilecta</span> <span class='ocrx_word' id='word_1_182' title='bbox 1609 1866 1645 1927; x_wconf 92' lang='lat' dir='ltr'>in</span> <span class='ocrx_word' id='word_1_183' title='bbox 1663 1866 1794 1928; x_wconf 83' lang='lat' dir='ltr'>Christo</span> <span class='ocrx_word' id='word_1_184' title='bbox 1824 1866 1893 1927; x_wconf 87' lang='lat' dir='ltr'>filia</span> 
     </span>
     <span class='ocr_line' id='line_1_17' title="bbox 244 1962 1891 2045; baseline -0.002 -18"><span class='ocrx_word' id='word_1_185' title='bbox 244 1966 561 2043; x_wconf 78' lang='lat' dir='ltr'>ierosolymitanum</span> <span class='ocrx_word' id='word_1_186' title='bbox 589 1964 814 2043; x_wconf 88' lang='lat' dir='ltr'>patriarcham</span> <span class='ocrx_word' id='word_1_187' title='bbox 849 1962 1042 2024; x_wconf 88' lang='lat' dir='ltr'>solemniter</span> <span class='ocrx_word' id='word_1_188' title='bbox 1095 1967 1121 2026; x_wconf 92' lang='lat' dir='ltr'><strong>B</strong></span> <span class='ocrx_word' id='word_1_189' title='bbox 1142 1963 1291 2045; x_wconf 89' lang='lat' dir='ltr'>(lancha)</span> <span class='ocrx_word' id='word_1_190' title='bbox 1307 1965 1487 2037; x_wconf 88' lang='lat' dir='ltr'>comitissa,</span> <span class='ocrx_word' id='word_1_191' title='bbox 1505 1965 1611 2026; x_wconf 88' lang='lat' dir='ltr'>mater</span> <span class='ocrx_word' id='word_1_192' title='bbox 1627 1964 1735 2041; x_wconf 90' lang='lat' dir='ltr'>ipsius</span> <span class='ocrx_word' id='word_1_193' title='bbox 1750 1964 1891 2035; x_wconf 91' lang='lat' dir='ltr'>comitis,</span> 
     </span>
    </p>
   </div>
   <div class='ocr_carea' id='block_1_7' title="bbox 244 2061 1942 2142">
    <p class='ocr_par' dir='ltr' id='par_1_7' title="bbox 244 2061 1942 2142">
     <span class='ocr_line' id='line_1_18' title="bbox 244 2061 1942 2142; baseline -0.001 -18"><span class='ocrx_word' id='word_1_194' title='bbox 244 2062 370 2125; x_wconf 83' lang='lat' dir='ltr'>fecerat</span> <span class='ocrx_word' id='word_1_195' title='bbox 390 2063 559 2136; x_wconf 89' lang='lat' dir='ltr'>interdici,</span> <span class='ocrx_word' id='word_1_196' title='bbox 586 2078 628 2124; x_wconf 95' lang='lat' dir='ltr'>ne</span> <span class='ocrx_word' id='word_1_197' title='bbox 652 2079 726 2125; x_wconf 92' lang='lat' dir='ltr'>cum</span> <span class='ocrx_word' id='word_1_198' title='bbox 746 2061 917 2139; x_wconf 89' lang='lat' dir='ltr'>Philippa,</span> <span class='ocrx_word' id='word_1_199' title='bbox 943 2076 1041 2138; x_wconf 89' lang='lat' dir='ltr'>quam</span> <span class='ocrx_word' id='word_1_200' title='bbox 1096 2081 1169 2142; x_wconf 85' lang='lat' dir='ltr'>quae</span> <span class='ocrx_word' id='word_1_201' title='bbox 1188 2062 1328 2125; x_wconf 89' lang='lat' dir='ltr'>ballium</span> <span class='ocrx_word' id='word_1_202' title='bbox 1347 2064 1434 2140; x_wconf 90' lang='lat' dir='ltr'>gerit</span> <span class='ocrx_word' id='word_1_203' title='bbox 1450 2063 1614 2141; x_wconf 77' lang='lat' dir='ltr'>eJusdem,</span> <span class='ocrx_word' id='word_1_204' title='bbox 1637 2063 1756 2139; x_wconf 89' lang='lat' dir='ltr'>parata</span> <span class='ocrx_word' id='word_1_205' title='bbox 1777 2061 1821 2123; x_wconf 88' lang='lat' dir='ltr'>sit</span> <span class='ocrx_word' id='word_1_206' title='bbox 1840 2077 1893 2123; x_wconf 91' lang='lat' dir='ltr'>se-</span> <span class='ocrx_word' id='word_1_207' title='bbox 1941 2102 1942 2107; x_wconf 20' lang='grc' dir='ltr'><strong>κ</strong></span> 
     </span>
    </p>
   </div>
   <div class='ocr_carea' id='block_1_8' title="bbox 245 2159 1893 2239">
    <p class='ocr_par' dir='ltr' id='par_1_8' title="bbox 245 2159 1893 2239">
     <span class='ocr_line' id='line_1_19' title="bbox 245 2159 1893 2239; baseline -0.001 -17"><span class='ocrx_word' id='word_1_208' title='bbox 245 2175 355 2222; x_wconf 89' lang='lat' dir='ltr'>comes</span> <span class='ocrx_word' id='word_1_209' title='bbox 370 2161 536 2239; x_wconf 85' lang='lat' dir='ltr'>quondam</span> <span class='ocrx_word' id='word_1_210' title='bbox 551 2162 716 2222; x_wconf 88' lang='lat' dir='ltr'>Henricus</span> <span class='ocrx_word' id='word_1_211' title='bbox 733 2160 774 2221; x_wconf 94' lang='lat' dir='ltr'>de</span> <span class='ocrx_word' id='word_1_212' title='bbox 793 2159 912 2237; x_wconf 91' lang='lat' dir='ltr'>copula</span> <span class='ocrx_word' id='word_1_213' title='bbox 931 2159 1042 2220; x_wconf 87' lang='lat' dir='ltr'>inces-</span> <span class='ocrx_word' id='word_1_214' title='bbox 1096 2162 1240 2223; x_wconf 91' lang='lat' dir='ltr'>cundum</span> <span class='ocrx_word' id='word_1_215' title='bbox 1252 2160 1467 2239; x_wconf 84' lang='lat' dir='ltr'>approbatam</span> <span class='ocrx_word' id='word_1_216' title='bbox 1481 2161 1576 2237; x_wconf 90' lang='lat' dir='ltr'>regni</span> <span class='ocrx_word' id='word_1_217' title='bbox 1590 2163 1796 2222; x_wconf 80' lang='lat' dir='ltr'>Francorum</span> <span class='ocrx_word' id='word_1_218' title='bbox 1811 2176 1893 2222; x_wconf 89' lang='lat' dir='ltr'>con-</span> 
     </span>
    </p>
   </div>
   <div class='ocr_carea' id='block_1_9' title="bbox 242 2258 1942 2337">
    <p class='ocr_par' dir='ltr' id='par_1_9' title="bbox 242 2258 1942 2337">
     <span class='ocr_line' id='line_1_20' title="bbox 242 2258 1942 2337; baseline 0 -18"><span class='ocrx_word' id='word_1_219' title='bbox 242 2259 339 2320; x_wconf 91' lang='lat' dir='ltr'>tuosa</span> <span class='ocrx_word' id='word_1_220' title='bbox 364 2259 567 2337; x_wconf 91' lang='lat' dir='ltr'>susceperat,</span> <span class='ocrx_word' id='word_1_221' title='bbox 593 2258 791 2321; x_wconf 85' lang='lat' dir='ltr'>contrahere</span> <span class='ocrx_word' id='word_1_222' title='bbox 812 2258 1039 2334; x_wconf 86' lang='lat' dir='ltr'>praesumeret,</span> <span class='ocrx_word' id='word_1_223' title='bbox 1096 2260 1304 2322; x_wconf 88' lang='lat' dir='ltr'>suetudinem</span> <span class='ocrx_word' id='word_1_224' title='bbox 1324 2263 1413 2321; x_wconf 88' lang='lat' dir='ltr'>stare</span> <span class='ocrx_word' id='word_1_225' title='bbox 1427 2258 1509 2337; x_wconf 87' lang='lat' dir='ltr'>jnri,</span> <span class='ocrx_word' id='word_1_226' title='bbox 1530 2258 1610 2320; x_wconf 91' lang='lat' dir='ltr'>dicti</span> <span class='ocrx_word' id='word_1_227' title='bbox 1629 2258 1741 2319; x_wconf 89' lang='lat' dir='ltr'>tamen</span> <span class='ocrx_word' id='word_1_228' title='bbox 1760 2258 1894 2319; x_wconf 89' lang='lat' dir='ltr'>archie-</span> <span class='ocrx_word' id='word_1_229' title='bbox 1941 2318 1942 2327; x_wconf 69' lang='grc'><strong>,</strong></span> 
     </span>
    </p>
   </div>
   <div class='ocr_carea' id='block_1_10' title="bbox 244 2355 1895 2533">
    <p class='ocr_par' dir='ltr' id='par_1_10' title="bbox 244 2355 1895 2533">
     <span class='ocr_line' id='line_1_21' title="bbox 245 2355 1893 2436; baseline 0 -20"><span class='ocrx_word' id='word_1_230' title='bbox 245 2372 321 2417; x_wconf 91' lang='lat' dir='ltr'>cum</span> <span class='ocrx_word' id='word_1_231' title='bbox 340 2357 426 2418; x_wconf 90' lang='lat' dir='ltr'>sicut</span> <span class='ocrx_word' id='word_1_232' title='bbox 447 2357 621 2433; x_wconf 89' lang='lat' dir='ltr'>acceperat</span> <span class='ocrx_word' id='word_1_233' title='bbox 635 2356 750 2417; x_wconf 88' lang='lat' dir='ltr'>eadem</span> <span class='ocrx_word' id='word_1_234' title='bbox 766 2356 873 2433; x_wconf 91' lang='lat' dir='ltr'>ipsum</span> <span class='ocrx_word' id='word_1_235' title='bbox 889 2355 1041 2432; x_wconf 83' lang='lat' dir='ltr'>proxima</span> <span class='ocrx_word' id='word_1_236' title='bbox 1095 2358 1221 2436; x_wconf 90' lang='lat' dir='ltr'>piscopi</span> <span class='ocrx_word' id='word_1_237' title='bbox 1236 2358 1269 2419; x_wconf 91' lang='lat' dir='ltr'>et</span> <span class='ocrx_word' id='word_1_238' title='bbox 1283 2357 1431 2435; x_wconf 90' lang='lat' dir='ltr'>episcopi</span> <span class='ocrx_word' id='word_1_239' title='bbox 1445 2358 1513 2418; x_wconf 90' lang='lat' dir='ltr'>tam</span> <span class='ocrx_word' id='word_1_240' title='bbox 1529 2357 1730 2434; x_wconf 88' lang='lat' dir='ltr'>praeceptum</span> <span class='ocrx_word' id='word_1_241' title='bbox 1744 2355 1893 2434; x_wconf 87' lang='lat' dir='ltr'>ejusdem</span> 
     </span>
     <span class='ocr_line' id='line_1_22' title="bbox 244 2451 1895 2533; baseline 0.001 -19"><span class='ocrx_word' id='word_1_242' title='bbox 244 2454 544 2530; x_wconf 88' lang='lat' dir='ltr'>consanguinitatis</span> <span class='ocrx_word' id='word_1_243' title='bbox 564 2455 653 2515; x_wconf 89' lang='lat' dir='ltr'>linea</span> <span class='ocrx_word' id='word_1_244' title='bbox 673 2453 888 2529; x_wconf 89' lang='lat' dir='ltr'>contingeret,</span> <span class='ocrx_word' id='word_1_245' title='bbox 913 2452 946 2514; x_wconf 90' lang='lat' dir='ltr'>et</span> <span class='ocrx_word' id='word_1_246' title='bbox 969 2451 1040 2530; x_wconf 92' lang='lat' dir='ltr'>ipse</span> <span class='ocrx_word' id='word_1_247' title='bbox 1095 2456 1351 2533; x_wconf 87' lang='lat' dir='ltr'>praedecessoris</span> <span class='ocrx_word' id='word_1_248' title='bbox 1364 2455 1469 2517; x_wconf 86' lang='lat' dir='ltr'>nostri</span> <span class='ocrx_word' id='word_1_249' title='bbox 1480 2456 1513 2517; x_wconf 91' lang='lat' dir='ltr'>et</span> <span class='ocrx_word' id='word_1_250' title='bbox 1523 2455 1685 2526; x_wconf 90' lang='lat' dir='ltr'>nostrum,</span> <span class='ocrx_word' id='word_1_251' title='bbox 1699 2471 1798 2531; x_wconf 90' lang='lat' dir='ltr'>quam</span> <span class='ocrx_word' id='word_1_252' title='bbox 1811 2471 1895 2516; x_wconf 92' lang='lat' dir='ltr'>con-</span> 
     </span>
    </p>
   </div>
   <div class='ocr_carea' id='block_1_11' title="bbox 242 2550 1942 2632">
    <p class='ocr_par' dir='ltr' id='par_1_11' title="bbox 242 2550 1942 2632">
     <span class='ocr_line' id='line_1_23' title="bbox 242 2550 1942 2632; baseline 0 -20"><span class='ocrx_word' id='word_1_253' title='bbox 242 2551 468 2629; x_wconf 73' lang='lat' dir='ltr'>praedecessor</span> <span class='ocrx_word' id='word_1_254' title='bbox 493 2554 605 2614; x_wconf 88' lang='lat' dir='ltr'>noster</span> <span class='ocrx_word' id='word_1_255' title='bbox 628 2550 835 2613; x_wconf 82' lang='lat' dir='ltr'>mandaverit</span> <span class='ocrx_word' id='word_1_256' title='bbox 859 2550 960 2612; x_wconf 90' lang='lat' dir='ltr'>testes</span> <span class='ocrx_word' id='word_1_257' title='bbox 986 2565 1041 2610; x_wconf 90' lang='lat' dir='ltr'>re·</span> <span class='ocrx_word' id='word_1_258' title='bbox 1095 2554 1298 2617; x_wconf 89' lang='lat' dir='ltr'>stitutionem</span> <span class='ocrx_word' id='word_1_259' title='bbox 1316 2553 1448 2632; x_wconf 83' lang='lat' dir='ltr'>praefati</span> <span class='ocrx_word' id='word_1_260' title='bbox 1467 2553 1607 2614; x_wconf 81' lang='lat' dir='ltr'>concilii</span> <span class='ocrx_word' id='word_1_261' title='bbox 1622 2552 1792 2629; x_wconf 87' lang='lat' dir='ltr'>generalis</span> <span class='ocrx_word' id='word_1_262' title='bbox 1814 2568 1893 2612; x_wconf 91' lang='lat' dir='ltr'>sur·</span> <span class='ocrx_word' id='word_1_263' title='bbox 1941 2556 1942 2569; x_wconf 63' lang='lat'>¹</span> 
     </span>
    </p>
   </div>
   <div class='ocr_carea' id='block_1_12' title="bbox 245 2648 1893 2727">
    <p class='ocr_par' dir='ltr' id='par_1_12' title="bbox 245 2648 1893 2727">
     <span class='ocr_line' id='line_1_24' title="bbox 245 2648 1893 2727; baseline 0.001 -18"><span class='ocrx_word' id='word_1_264' title='bbox 245 2648 311 2726; x_wconf 91' lang='lat' dir='ltr'>cipi</span> <span class='ocrx_word' id='word_1_265' title='bbox 335 2666 435 2726; x_wconf 88' lang='lat' dir='ltr'>super</span> <span class='ocrx_word' id='word_1_266' title='bbox 458 2649 747 2726; x_wconf 89' lang='lat' dir='ltr'>consanguinitate</span> <span class='ocrx_word' id='word_1_267' title='bbox 775 2648 949 2726; x_wconf 86' lang='lat' dir='ltr'>praedicta,</span> <span class='ocrx_word' id='word_1_268' title='bbox 977 2664 1040 2709; x_wconf 86' lang='lat' dir='ltr'>eu·</span> <span class='ocrx_word' id='word_1_269' title='bbox 1095 2650 1146 2712; x_wconf 91' lang='lat' dir='ltr'>dis</span> <span class='ocrx_word' id='word_1_270' title='bbox 1164 2651 1301 2713; x_wconf 89' lang='lat' dir='ltr'>auribus</span> <span class='ocrx_word' id='word_1_271' title='bbox 1323 2652 1546 2720; x_wconf 89' lang='lat' dir='ltr'>transeuntes,</span> <span class='ocrx_word' id='word_1_272' title='bbox 1566 2666 1633 2711; x_wconf 93' lang='lat' dir='ltr'>non</span> <span class='ocrx_word' id='word_1_273' title='bbox 1653 2651 1782 2711; x_wconf 90' lang='lat' dir='ltr'>tantum</span> <span class='ocrx_word' id='word_1_274' title='bbox 1796 2648 1893 2727; x_wconf 84' lang='lat' dir='ltr'>&#39;prae-</span> 
     </span>
    </p>
   </div>
   <div class='ocr_carea' id='block_1_13' title="bbox 244 2745 1942 2824">
    <p class='ocr_par' dir='ltr' id='par_1_13' title="bbox 244 2745 1942 2824">
     <span class='ocr_line' id='line_1_25' title="bbox 244 2745 1942 2824; baseline 0.001 -17"><span class='ocrx_word' id='word_1_275' title='bbox 244 2747 382 2823; x_wconf 90' lang='lat' dir='ltr'>piditate</span> <span class='ocrx_word' id='word_1_276' title='bbox 407 2748 583 2810; x_wconf 90' lang='lat' dir='ltr'>ambitiosa</span> <span class='ocrx_word' id='word_1_277' title='bbox 607 2748 749 2809; x_wconf 75' lang='lat' dir='ltr'>caecatus</span> <span class='ocrx_word' id='word_1_278' title='bbox 778 2745 928 2809; x_wconf 89' lang='lat' dir='ltr'>eamdem</span> <span class='ocrx_word' id='word_1_279' title='bbox 954 2745 1040 2806; x_wconf 89' lang='lat' dir='ltr'>Phi·</span> <span class='ocrx_word' id='word_1_280' title='bbox 1095 2749 1174 2812; x_wconf 93' lang='lat' dir='ltr'>dicti</span> <span class='ocrx_word' id='word_1_281' title='bbox 1187 2749 1305 2811; x_wconf 81' lang='lat' dir='ltr'>Erardi</span> <span class='ocrx_word' id='word_1_282' title='bbox 1318 2748 1351 2811; x_wconf 92' lang='lat' dir='ltr'>et</span> <span class='ocrx_word' id='word_1_283' title='bbox 1365 2748 1532 2810; x_wconf 84' lang='lat' dir='ltr'>lautorum</span> <span class='ocrx_word' id='word_1_284' title='bbox 1546 2747 1654 2824; x_wconf 89' lang='lat' dir='ltr'>ipsius</span> <span class='ocrx_word' id='word_1_285' title='bbox 1667 2746 1889 2809; x_wconf 84' lang='lat' dir='ltr'>temeritatem</span> <span class='ocrx_word' id='word_1_286' title='bbox 1941 2800 1942 2809; x_wconf 73' lang='grc'><strong>,</strong></span> 
     </span>
    </p>
   </div>
   <div class='ocr_carea' id='block_1_14' title="bbox 244 2824 1942 2923">
    <p class='ocr_par' dir='ltr' id='par_1_14' title="bbox 244 2824 1942 2923">
     <span class='ocr_line' id='line_1_26' title="bbox 244 2824 1942 2923; baseline 0.001 -19"><span class='ocrx_word' id='word_1_287' title='bbox 244 2844 367 2922; x_wconf 90' lang='lat' dir='ltr'>lippam</span> <span class='ocrx_word' id='word_1_288' title='bbox 396 2847 460 2908; x_wconf 90' lang='lat' dir='ltr'>sihi</span> <span class='ocrx_word' id='word_1_289' title='bbox 489 2846 693 2908; x_wconf 90' lang='lat' dir='ltr'>clandestine</span> <span class='ocrx_word' id='word_1_290' title='bbox 722 2845 909 2923; x_wconf 87' lang='lat' dir='ltr'>copularat,</span> <span class='ocrx_word' id='word_1_291' title='bbox 942 2844 975 2904; x_wconf 87' lang='lat' dir='ltr'>et</span> <span class='ocrx_word' id='word_1_292' title='bbox 1000 2843 1040 2904; x_wconf 94' lang='lat' dir='ltr'>de</span> <span class='ocrx_word' id='word_1_293' title='bbox 1095 2849 1127 2910; x_wconf 95' lang='lat' dir='ltr'>et</span> <span class='ocrx_word' id='word_1_294' title='bbox 1141 2848 1319 2920; x_wconf 89' lang='lat' dir='ltr'>malitiam,</span> <span class='ocrx_word' id='word_1_295' title='bbox 1336 2846 1567 2918; x_wconf 88' lang='lat' dir='ltr'>sicutdicitur,</span> <span class='ocrx_word' id='word_1_296' title='bbox 1583 2861 1651 2907; x_wconf 91' lang='lat' dir='ltr'>non</span> <span class='ocrx_word' id='word_1_297' title='bbox 1666 2846 1889 2922; x_wconf 89' lang='lat' dir='ltr'>compescunt,</span> <span class='ocrx_word' id='word_1_298' title='bbox 1941 2824 1942 2895; x_wconf 55' lang='lat'><em>3</em></span> 
     </span>
    </p>
   </div>
   <div class='ocr_carea' id='block_1_15' title="bbox 244 2942 1942 3123">
    <p class='ocr_par' dir='ltr' id='par_1_15' title="bbox 244 2942 1942 3119">
     <span class='ocr_line' id='line_1_27' title="bbox 244 2942 1891 3023; baseline -0.001 -19"><span class='ocrx_word' id='word_1_299' title='bbox 244 2943 393 3019; x_wconf 86' lang='lat' dir='ltr'>partibus</span> <span class='ocrx_word' id='word_1_300' title='bbox 417 2945 550 3006; x_wconf 88' lang='lat' dir='ltr'>rediens</span> <span class='ocrx_word' id='word_1_301' title='bbox 575 2943 811 3008; x_wconf 88' lang='lat' dir='ltr'>transmarinis</span> <span class='ocrx_word' id='word_1_302' title='bbox 837 2943 872 3002; x_wconf 93' lang='lat' dir='ltr'>in</span> <span class='ocrx_word' id='word_1_303' title='bbox 900 2957 1039 3016; x_wconf 91' lang='lat' dir='ltr'>regnum</span> <span class='ocrx_word' id='word_1_304' title='bbox 1094 2946 1152 3007; x_wconf 93' lang='lat' dir='ltr'>sed</span> <span class='ocrx_word' id='word_1_305' title='bbox 1163 2947 1195 3008; x_wconf 92' lang='lat' dir='ltr'>et</span> <span class='ocrx_word' id='word_1_306' title='bbox 1208 2946 1341 3023; x_wconf 89' lang='lat' dir='ltr'>quidam</span> <span class='ocrx_word' id='word_1_307' title='bbox 1356 2945 1516 3021; x_wconf 89' lang='lat' dir='ltr'>ipsorum,</span> <span class='ocrx_word' id='word_1_308' title='bbox 1529 2942 1617 3021; x_wconf 85' lang='lat' dir='ltr'>quod</span> <span class='ocrx_word' id='word_1_309' title='bbox 1630 2959 1734 3019; x_wconf 87' lang='lat' dir='ltr'>grave</span> <span class='ocrx_word' id='word_1_310' title='bbox 1746 2943 1891 3019; x_wconf 86' lang='lat' dir='ltr'>gerimus</span> 
     </span>
     <span class='ocr_line' id='line_1_28' title="bbox 244 3034 1942 3123; baseline 0 -22"><span class='ocrx_word' id='word_1_311' title='bbox 244 3041 395 3103; x_wconf 86' lang='lat' dir='ltr'>Franciae</span> <span class='ocrx_word' id='word_1_312' title='bbox 419 3043 593 3104; x_wconf 79' lang='lat' dir='ltr'>festinaret</span> <span class='ocrx_word' id='word_1_313' title='bbox 615 3042 786 3113; x_wconf 90' lang='lat' dir='ltr'>accedere,</span> <span class='ocrx_word' id='word_1_314' title='bbox 815 3041 851 3101; x_wconf 93' lang='lat' dir='ltr'>ut</span> <span class='ocrx_word' id='word_1_315' title='bbox 876 3040 905 3100; x_wconf 90' lang='lat' dir='ltr'>si</span> <span class='ocrx_word' id='word_1_316' title='bbox 928 3040 1041 3115; x_wconf 89' lang='lat' dir='ltr'>posset</span> <span class='ocrx_word' id='word_1_317' title='bbox 1094 3045 1128 3106; x_wconf 94' lang='lat' dir='ltr'>et</span> <span class='ocrx_word' id='word_1_318' title='bbox 1141 3044 1326 3116; x_wconf 88' lang='lat' dir='ltr'>molestum</span> <span class='ocrx_word' id='word_1_319' title='bbox 1343 3043 1467 3105; x_wconf 89' lang='lat' dir='ltr'>omissa</span> <span class='ocrx_word' id='word_1_320' title='bbox 1482 3040 1683 3119; x_wconf 83' lang='lat' dir='ltr'>pontificalis</span> <span class='ocrx_word' id='word_1_321' title='bbox 1699 3041 1799 3103; x_wconf 88' lang='lat' dir='ltr'>officii</span> <span class='ocrx_word' id='word_1_322' title='bbox 1812 3056 1942 3123; x_wconf 86' lang='lat' dir='ltr'>gra·</span> <span class='ocrx_word' id='word_1_323' title='bbox 1941 3034 1942 3075; x_wconf 71' lang='lat'><em>³</em></span> 
     </span>
    </p>
   </div>
   <div class='ocr_carea' id='block_1_16' title="bbox 242 3132 1942 3314">
    <p class='ocr_par' dir='ltr' id='par_1_16' title="bbox 242 3132 1942 3314">
     <span class='ocr_line' id='line_1_29' title="bbox 244 3132 1942 3215; baseline -0.001 -17"><span class='ocrx_word' id='word_1_324' title='bbox 244 3138 388 3201; x_wconf 91' lang='lat' dir='ltr'>schisma</span> <span class='ocrx_word' id='word_1_325' title='bbox 408 3144 524 3201; x_wconf 85' lang='lat' dir='ltr'>contra</span> <span class='ocrx_word' id='word_1_326' title='bbox 539 3141 695 3201; x_wconf 91' lang='lat' dir='ltr'>dilectum</span> <span class='ocrx_word' id='word_1_327' title='bbox 710 3138 815 3198; x_wconf 88' lang='lat' dir='ltr'>fihum</span> <span class='ocrx_word' id='word_1_328' title='bbox 828 3136 1013 3198; x_wconf 86' lang='lat' dir='ltr'>nobilem</span> <span class='ocrx_word' id='word_1_329' title='bbox 983 3154 1038 3199; x_wconf 85' lang='lat' dir='ltr'>vr</span> <span class='ocrx_word' id='word_1_330' title='bbox 1094 3143 1215 3215; x_wconf 79' lang='lat' dir='ltr'>vitate,</span> <span class='ocrx_word' id='word_1_331' title='bbox 1239 3140 1446 3203; x_wconf 84' lang='lat' dir='ltr'>ambulantes</span> <span class='ocrx_word' id='word_1_332' title='bbox 1470 3138 1653 3202; x_wconf 87' lang='lat' dir='ltr'>secundum</span> <span class='ocrx_word' id='word_1_333' title='bbox 1679 3154 1829 3211; x_wconf 87' lang='lat' dir='ltr'>carnem,</span> <span class='ocrx_word' id='word_1_334' title='bbox 1861 3132 1942 3200; x_wconf 80' lang='lat' dir='ltr'>etl</span> 
     </span>
     <span class='ocr_line' id='line_1_30' title="bbox 242 3235 1942 3314; baseline 0.001 -17"><span class='ocrx_word' id='word_1_335' title='bbox 242 3252 317 3297; x_wconf 89' lang='lat' dir='ltr'>rum</span> <span class='ocrx_word' id='word_1_336' title='bbox 336 3236 560 3299; x_wconf 82' lang='lat' dir='ltr'>Theobaldum</span> <span class='ocrx_word' id='word_1_337' title='bbox 576 3237 765 3314; x_wconf 85' lang='lat' dir='ltr'>Campaniae</span> <span class='ocrx_word' id='word_1_338' title='bbox 787 3236 940 3297; x_wconf 92' lang='lat' dir='ltr'>comitem</span> <span class='ocrx_word' id='word_1_339' title='bbox 960 3252 1038 3296; x_wconf 90' lang='lat' dir='ltr'>sus-</span> <span class='ocrx_word' id='word_1_340' title='bbox 1094 3240 1218 3302; x_wconf 91' lang='lat' dir='ltr'>luctum</span> <span class='ocrx_word' id='word_1_341' title='bbox 1242 3241 1374 3300; x_wconf 82' lang='lat' dir='ltr'>riarum</span> <span class='ocrx_word' id='word_1_342' title='bbox 1398 3239 1479 3300; x_wconf 87' lang='lat' dir='ltr'>Sion</span> <span class='ocrx_word' id='word_1_343' title='bbox 1505 3238 1664 3299; x_wconf 87' lang='lat' dir='ltr'>ducentes</span> <span class='ocrx_word' id='word_1_344' title='bbox 1687 3253 1748 3314; x_wconf 94' lang='lat' dir='ltr'>pro</span> <span class='ocrx_word' id='word_1_345' title='bbox 1770 3235 1942 3308; x_wconf 87' lang='lat' dir='ltr'>nihile,</span> 
     </span>
    </p>
   </div>
   <div class='ocr_carea' id='block_1_17' title="bbox 243 3333 1942 3427">
    <p class='ocr_par' dir='ltr' id='par_1_17' title="bbox 243 3333 1942 3427">
     <span class='ocr_line' id='line_1_31' title="bbox 243 3333 1942 3427; baseline 0 -33"><span class='ocrx_word' id='word_1_346' title='bbox 243 3333 372 3404; x_wconf 89' lang='lat' dir='ltr'>citaret,</span> <span class='ocrx_word' id='word_1_347' title='bbox 385 3351 453 3397; x_wconf 93' lang='lat' dir='ltr'>non</span> <span class='ocrx_word' id='word_1_348' title='bbox 463 3335 614 3396; x_wconf 88' lang='lat' dir='ltr'>solumm</span> <span class='ocrx_word' id='word_1_349' title='bbox 627 3351 729 3411; x_wconf 81' lang='lat' dir='ltr'>grave</span> <span class='ocrx_word' id='word_1_350' title='bbox 739 3333 932 3396; x_wconf 90' lang='lat' dir='ltr'>scandalum</span> <span class='ocrx_word' id='word_1_351' title='bbox 942 3348 1039 3408; x_wconf 83' lang='lat' dir='ltr'>regni</span> <span class='ocrx_word' id='word_1_352' title='bbox 1095 3338 1202 3399; x_wconf 92' lang='lat' dir='ltr'>eidem</span> <span class='ocrx_word' id='word_1_353' title='bbox 1217 3336 1380 3399; x_wconf 77' lang='lat' dir='ltr'>auxilium</span> <span class='ocrx_word' id='word_1_354' title='bbox 1390 3335 1541 3397; x_wconf 84' lang='lat' dir='ltr'>tribuunt</span> <span class='ocrx_word' id='word_1_355' title='bbox 1555 3334 1757 3405; x_wconf 82' lang='lat' dir='ltr'>etlarorem,</span> <span class='ocrx_word' id='word_1_356' title='bbox 1771 3334 1841 3412; x_wconf 88' lang='lat' dir='ltr'>qui,</span> <span class='ocrx_word' id='word_1_357' title='bbox 1858 3334 1894 3394; x_wconf 91' lang='lat' dir='ltr'>ut</span> <span class='ocrx_word' id='word_1_358' title='bbox 1941 3338 1942 3427; x_wconf 70' lang='grc'>1</span> 
     </span>
    </p>
   </div>
   <div class='ocr_carea' id='block_1_18' title="bbox 241 3431 1942 3610">
    <p class='ocr_par' dir='ltr' id='par_1_18' title="bbox 241 3431 1893 3610">
     <span class='ocr_line' id='line_1_32' title="bbox 243 3431 1892 3513; baseline 0.001 -21.009"><span class='ocrx_word' id='word_1_359' title='bbox 243 3433 402 3509; x_wconf 76' lang='grc'><strong>11111111,</strong></span> <span class='ocrx_word' id='word_1_360' title='bbox 419 3450 534 3496; x_wconf 83' lang='lat' dir='ltr'>rerum</span> <span class='ocrx_word' id='word_1_361' title='bbox 549 3433 672 3496; x_wconf 87' lang='lat' dir='ltr'>etiam&#39;</span> <span class='ocrx_word' id='word_1_362' title='bbox 663 3449 699 3494; x_wconf 82' lang='lat' dir='ltr'>in</span> <span class='ocrx_word' id='word_1_363' title='bbox 714 3448 815 3509; x_wconf 85' lang='lat' dir='ltr'>grare</span> <span class='ocrx_word' id='word_1_364' title='bbox 831 3431 1038 3508; x_wconf 88' lang='lat' dir='ltr'>dispendium</span> <span class='ocrx_word' id='word_1_365' title='bbox 1094 3436 1134 3497; x_wconf 91' lang='lat' dir='ltr'>de</span> <span class='ocrx_word' id='word_1_366' title='bbox 1159 3436 1326 3513; x_wconf 87' lang='lat' dir='ltr'>praedictis</span> <span class='ocrx_word' id='word_1_367' title='bbox 1349 3433 1534 3496; x_wconf 89' lang='lat' dir='ltr'>rationibus</span> <span class='ocrx_word' id='word_1_368' title='bbox 1556 3436 1740 3505; x_wconf 87' lang='lat' dir='ltr'>taceamus,</span> <span class='ocrx_word' id='word_1_369' title='bbox 1761 3434 1892 3494; x_wconf 87' lang='lat' dir='ltr'>ratione</span> 
     </span>
     <span class='ocr_line' id='line_1_33' title="bbox 241 3529 1942 3610; baseline 0.001 -19"><span class='ocrx_word' id='word_1_370' title='bbox 241 3532 352 3592; x_wconf 87' lang='lat' dir='ltr'>Terrae</span> <span class='ocrx_word' id='word_1_371' title='bbox 369 3533 514 3594; x_wconf 87' lang='lat' dir='ltr'>Sanctae·</span> <span class='ocrx_word' id='word_1_372' title='bbox 507 3531 772 3608; x_wconf 79' lang='lat' dir='ltr'>3venerahilihus</span> <span class='ocrx_word' id='word_1_373' title='bbox 787 3529 945 3592; x_wconf 83' lang='lat' dir='ltr'>iratribus</span> <span class='ocrx_word' id='word_1_374' title='bbox 961 3544 1040 3589; x_wconf 89' lang='lat' dir='ltr'>nos·</span> <span class='ocrx_word' id='word_1_375' title='bbox 1093 3534 1241 3610; x_wconf 92' lang='lat' dir='ltr'>homagii</span> <span class='ocrx_word' id='word_1_376' title='bbox 1265 3532 1352 3610; x_wconf 88' lang='lat' dir='ltr'>quod</span> <span class='ocrx_word' id='word_1_377' title='bbox 1373 3532 1571 3609; x_wconf 89' lang='lat' dir='ltr'>receperunt</span> <span class='ocrx_word' id='word_1_378' title='bbox 1593 3531 1635 3593; x_wconf 90' lang='lat' dir='ltr'>ab</span> <span class='ocrx_word' id='word_1_379' title='bbox 1659 3547 1711 3605; x_wconf 93' lang='lat' dir='ltr'>eo,</span> <span class='ocrx_word' id='word_1_380' title='bbox 1734 3530 1942 3593; x_wconf 80' lang='grc'><strong>1111111111</strong></span> 
     </span>
    </p>
   </div>
   <div class='ocr_carea' id='block_1_19' title="bbox 241 3627 1942 3806">
    <p class='ocr_par' dir='ltr' id='par_1_19' title="bbox 241 3627 1942 3806">
     <span class='ocr_line' id='line_1_34' title="bbox 241 3627 1942 3715; baseline 0.002 -27"><span class='ocrx_word' id='word_1_381' title='bbox 241 3628 303 3689; x_wconf 89' lang='lat' dir='ltr'>tris</span> <span class='ocrx_word' id='word_1_382' title='bbox 318 3630 590 3706; x_wconf 88' lang='lat' dir='ltr'>archiepiscopis,</span> <span class='ocrx_word' id='word_1_383' title='bbox 607 3631 641 3691; x_wconf 93' lang='grc'>11</span> <span class='ocrx_word' id='word_1_384' title='bbox 654 3628 819 3706; x_wconf 89' lang='lat' dir='ltr'>episcopis</span> <span class='ocrx_word' id='word_1_385' title='bbox 839 3627 934 3703; x_wconf 90' lang='lat' dir='ltr'>regni</span> <span class='ocrx_word' id='word_1_386' title='bbox 952 3642 1040 3703; x_wconf 75' lang='grc'><strong>111-</strong></span> <span class='ocrx_word' id='word_1_387' title='bbox 1093 3632 1244 3693; x_wconf 92' lang='lat' dir='ltr'>eumdem</span> <span class='ocrx_word' id='word_1_388' title='bbox 1255 3631 1408 3692; x_wconf 84' lang='lat' dir='ltr'>comitem</span> <span class='ocrx_word' id='word_1_389' title='bbox 1421 3629 1607 3691; x_wconf 81' lang='lat' dir='ltr'>defensare.</span> <span class='ocrx_word' id='word_1_390' title='bbox 1617 3629 1781 3707; x_wconf 84' lang='lat' dir='ltr'>Adjunxit</span> <span class='ocrx_word' id='word_1_391' title='bbox 1793 3629 1942 3691; x_wconf 89' lang='lat' dir='ltr'>etiam</span> <span class='ocrx_word' id='word_1_392' title='bbox 1941 3666 1942 3715; x_wconf 67' lang='lat'>3</span> 
     </span>
     <span class='ocr_line' id='line_1_35' title="bbox 241 3724 1942 3806; baseline 0.001 -20"><span class='ocrx_word' id='word_1_393' title='bbox 241 3724 300 3788; x_wconf 85' lang='lat' dir='ltr'>lati</span> <span class='ocrx_word' id='word_1_394' title='bbox 319 3728 518 3805; x_wconf 73' lang='lat' dir='ltr'>apostolicis</span> <span class='ocrx_word' id='word_1_395' title='bbox 539 3728 629 3790; x_wconf 86' lang='lat' dir='ltr'>dedit</span> <span class='ocrx_word' id='word_1_396' title='bbox 650 3727 800 3789; x_wconf 75' lang='lat' dir='ltr'>litteris·</span> <span class='ocrx_word' id='word_1_397' title='bbox 791 3743 827 3787; x_wconf 94' lang='lat' dir='ltr'>1n</span> <span class='ocrx_word' id='word_1_398' title='bbox 850 3725 1036 3803; x_wconf 90' lang='lat' dir='ltr'>praeceptis,</span> <span class='ocrx_word' id='word_1_399' title='bbox 1093 3729 1276 3802; x_wconf 84' lang='grc'><strong>11111111,</strong></span> <span class='ocrx_word' id='word_1_400' title='bbox 1294 3728 1466 3806; x_wconf 87' lang='lat' dir='ltr'>quodnisi</span> <span class='ocrx_word' id='word_1_401' title='bbox 1485 3728 1696 3789; x_wconf 89' lang='lat' dir='ltr'>huiomorbo</span> <span class='ocrx_word' id='word_1_402' title='bbox 1716 3728 1817 3790; x_wconf 89' lang='lat' dir='ltr'>citius</span> <span class='ocrx_word' id='word_1_403' title='bbox 1833 3744 1893 3805; x_wconf 90' lang='lat' dir='ltr'>ap-</span> <span class='ocrx_word' id='word_1_404' title='bbox 1941 3726 1942 3757; x_wconf 85' lang='grc'>1</span> 
     </span>
    </p>
   </div>
   <div class='ocr_carea' id='block_1_20' title="bbox 239 3818 1890 3905">
    <p class='ocr_par' dir='ltr' id='par_1_20' title="bbox 239 3818 1890 3905">
     <span class='ocr_line' id='line_1_36' title="bbox 239 3818 1890 3905; baseline 0 -20"><span class='ocrx_word' id='word_1_405' title='bbox 239 3823 947 3902; x_wconf 77' lang='grc' dir='ltr'><strong>111111111Ε1111111,Ι)11111111111111</strong></span> <span class='ocrx_word' id='word_1_406' title='bbox 972 3822 1038 3883; x_wconf 90' lang='lat' dir='ltr'>ha·</span> <span class='ocrx_word' id='word_1_407' title='bbox 1092 3827 1236 3905; x_wconf 90' lang='lat' dir='ltr'>ponatur</span> <span class='ocrx_word' id='word_1_408' title='bbox 1267 3826 1467 3897; x_wconf 90' lang='lat' dir='ltr'>remedium,</span> <span class='ocrx_word' id='word_1_409' title='bbox 1500 3826 1574 3903; x_wconf 92' lang='lat' dir='ltr'>plus</span> <span class='ocrx_word' id='word_1_410' title='bbox 1608 3818 1709 3903; x_wconf 84' lang='lat' dir='ltr'>quam</span> <span class='ocrx_word' id='word_1_411' title='bbox 1743 3826 1890 3888; x_wconf 90' lang='lat' dir='ltr'>creditur</span> 
     </span>
    </p>
   </div>
   <div class='ocr_carea' id='block_1_21' title="bbox 238 3920 1942 4002">
    <p class='ocr_par' dir='ltr' id='par_1_21' title="bbox 238 3920 1942 4002">
     <span class='ocr_line' id='line_1_37' title="bbox 238 3920 1942 4002; baseline 0 -19"><span class='ocrx_word' id='word_1_412' title='bbox 238 3921 364 3997; x_wconf 88' lang='lat' dir='ltr'>bentes,</span> <span class='ocrx_word' id='word_1_413' title='bbox 381 3925 511 3986; x_wconf 89' lang='lat' dir='ltr'>sublato</span> <span class='ocrx_word' id='word_1_414' title='bbox 524 3923 700 4001; x_wconf 81' lang='lat' dir='ltr'>quuslihet</span> <span class='ocrx_word' id='word_1_415' title='bbox 715 3920 991 3983; x_wconf 88' lang='lat' dir='ltr'>contradictionis</span> <span class='ocrx_word' id='word_1_416' title='bbox 1005 3921 1037 3982; x_wconf 84' lang='lat' dir='ltr'>et</span> <span class='ocrx_word' id='word_1_417' title='bbox 1092 3929 1204 3987; x_wconf 85' lang='lat' dir='ltr'>Terrae</span> <span class='ocrx_word' id='word_1_418' title='bbox 1212 3925 1341 3986; x_wconf 85' lang='lat' dir='ltr'>Sanctae</span> <span class='ocrx_word' id='word_1_419' title='bbox 1352 3923 1550 4002; x_wconf 88' lang='lat' dir='ltr'>impedietur</span> <span class='ocrx_word' id='word_1_420' title='bbox 1560 3923 1891 4001; x_wconf 84' lang='lat' dir='ltr'>succursus,eoquod</span> <span class='ocrx_word' id='word_1_421' title='bbox 1941 3938 1942 3973; x_wconf 48' lang='grc'>1</span> 
     </span>
    </p>
   </div>
   <div class='ocr_carea' id='block_1_22' title="bbox 239 4021 1942 4102">
    <p class='ocr_par' dir='ltr' id='par_1_22' title="bbox 239 4021 1942 4102">
     <span class='ocr_line' id='line_1_38' title="bbox 239 4021 1942 4102; baseline -0.006 -10"><span class='ocrx_word' id='word_1_422' title='bbox 239 4022 474 4099; x_wconf 77' lang='lat' dir='ltr'>appellationis</span> <span class='ocrx_word' id='word_1_423' title='bbox 494 4022 675 4092; x_wconf 82' lang='lat' dir='ltr'>obstaculo,</span> <span class='ocrx_word' id='word_1_424' title='bbox 700 4037 759 4096; x_wconf 85' lang='lat' dir='ltr'>per</span> <span class='ocrx_word' id='word_1_425' title='bbox 781 4035 957 4081; x_wconf 77' lang='lat' dir='ltr'>censuram</span> <span class='ocrx_word' id='word_1_426' title='bbox 977 4034 1037 4079; x_wconf 85' lang='lat' dir='ltr'>ec·</span> <span class='ocrx_word' id='word_1_427' title='bbox 1093 4039 1136 4085; x_wconf 77' lang='lat' dir='ltr'>ex</span> <span class='ocrx_word' id='word_1_428' title='bbox 1150 4022 1340 4102; x_wconf 83' lang='lat' dir='ltr'>hujusmodi</span> <span class='ocrx_word' id='word_1_429' title='bbox 1354 4037 1487 4098; x_wconf 85' lang='lat' dir='ltr'>guerra,</span> <span class='ocrx_word' id='word_1_430' title='bbox 1502 4038 1569 4082; x_wconf 89' lang='lat' dir='ltr'>non</span> <span class='ocrx_word' id='word_1_431' title='bbox 1584 4021 1691 4099; x_wconf 84' lang='lat' dir='ltr'>ipsius</span> <span class='ocrx_word' id='word_1_432' title='bbox 1707 4022 1741 4084; x_wconf 85' lang='grc'>11</span> <span class='ocrx_word' id='word_1_433' title='bbox 1755 4036 1891 4083; x_wconf 85' lang='lat' dir='ltr'>suorum</span> <span class='ocrx_word' id='word_1_434' title='bbox 1941 4040 1942 4045; x_wconf 37' lang='lat'>¹</span> 
     </span>
    </p>
   </div>
   <div class='ocr_carea' id='block_1_23' title="bbox 235 4116 1891 5378">
    <p class='ocr_par' dir='ltr' id='par_1_23' title="bbox 235 4116 1891 5378">
     <span class='ocr_line' id='line_1_39' title="bbox 239 4116 1890 4199; baseline -0.001 -20"><span class='ocrx_word' id='word_1_435' title='bbox 239 4119 459 4181; x_wconf 87' lang='lat' dir='ltr'>clesiastioam</span> <span class='ocrx_word' id='word_1_436' title='bbox 485 4118 748 4196; x_wconf 90' lang='lat' dir='ltr'>compescerent,</span> <span class='ocrx_word' id='word_1_437' title='bbox 775 4118 804 4178; x_wconf 92' lang='lat' dir='ltr'>si</span> <span class='ocrx_word' id='word_1_438' title='bbox 826 4116 910 4179; x_wconf 82' lang='lat' dir='ltr'>forte</span> <span class='ocrx_word' id='word_1_439' title='bbox 937 4132 1038 4178; x_wconf 92' lang='lat' dir='ltr'>occa·</span> <span class='ocrx_word' id='word_1_440' title='bbox 1092 4122 1269 4193; x_wconf 81' lang='lat' dir='ltr'>duntaxat,</span> <span class='ocrx_word' id='word_1_441' title='bbox 1296 4120 1368 4199; x_wconf 88' lang='lat' dir='ltr'>qui,</span> <span class='ocrx_word' id='word_1_442' title='bbox 1400 4120 1486 4181; x_wconf 89' lang='lat' dir='ltr'>sicut</span> <span class='ocrx_word' id='word_1_443' title='bbox 1508 4119 1643 4191; x_wconf 90' lang='lat' dir='ltr'>asserit,</span> <span class='ocrx_word' id='word_1_444' title='bbox 1668 4121 1808 4197; x_wconf 90' lang='lat' dir='ltr'>propter</span> <span class='ocrx_word' id='word_1_445' title='bbox 1831 4120 1890 4181; x_wconf 93' lang='lat' dir='ltr'>hoc</span> 
     </span>
     <span class='ocr_line' id='line_1_40' title="bbox 238 4214 1890 4295; baseline 0 -18"><span class='ocrx_word' id='word_1_446' title='bbox 238 4217 331 4278; x_wconf 90' lang='lat' dir='ltr'>sione</span> <span class='ocrx_word' id='word_1_447' title='bbox 342 4217 535 4293; x_wconf 77' lang='lat' dir='ltr'>praescripta</span> <span class='ocrx_word' id='word_1_448' title='bbox 545 4216 761 4293; x_wconf 89' lang='lat' dir='ltr'>praesumeret</span> <span class='ocrx_word' id='word_1_449' title='bbox 771 4214 967 4290; x_wconf 81' lang='lat' dir='ltr'>malignari3</span> <span class='ocrx_word' id='word_1_450' title='bbox 983 4231 1037 4276; x_wconf 90' lang='lat' dir='ltr'>ou·</span> <span class='ocrx_word' id='word_1_451' title='bbox 1092 4222 1193 4283; x_wconf 90' lang='lat' dir='ltr'>etiam</span> <span class='ocrx_word' id='word_1_452' title='bbox 1213 4220 1253 4281; x_wconf 92' lang='lat' dir='ltr'>de</span> <span class='ocrx_word' id='word_1_453' title='bbox 1273 4217 1423 4295; x_wconf 89' lang='lat' dir='ltr'>partibus</span> <span class='ocrx_word' id='word_1_454' title='bbox 1443 4217 1679 4279; x_wconf 89' lang='lat' dir='ltr'>transmarinis</span> <span class='ocrx_word' id='word_1_455' title='bbox 1699 4218 1829 4280; x_wconf 90' lang='lat' dir='ltr'>rediret</span> <span class='ocrx_word' id='word_1_456' title='bbox 1851 4217 1890 4278; x_wconf 91' lang='lat' dir='ltr'>ad</span> 
     </span>
     <span class='ocr_line' id='line_1_41' title="bbox 235 4312 1890 4397; baseline 0.001 -23"><span class='ocrx_word' id='word_1_457' title='bbox 235 4317 292 4392; x_wconf 90' lang='lat' dir='ltr'>jus</span> <span class='ocrx_word' id='word_1_458' title='bbox 313 4330 374 4374; x_wconf 91' lang='lat' dir='ltr'>nos</span> <span class='ocrx_word' id='word_1_459' title='bbox 388 4314 541 4389; x_wconf 80' lang='lat' dir='ltr'>vestigiis</span> <span class='ocrx_word' id='word_1_460' title='bbox 556 4313 769 4384; x_wconf 88' lang='lat' dir='ltr'>inhaerentes,</span> <span class='ocrx_word' id='word_1_461' title='bbox 789 4328 831 4373; x_wconf 92' lang='lat' dir='ltr'>ne</span> <span class='ocrx_word' id='word_1_462' title='bbox 846 4312 1037 4390; x_wconf 90' lang='lat' dir='ltr'>hujusmodi</span> <span class='ocrx_word' id='word_1_463' title='bbox 1092 4318 1227 4397; x_wconf 91' lang='lat' dir='ltr'>propria</span> <span class='ocrx_word' id='word_1_464' title='bbox 1251 4315 1462 4388; x_wconf 82' lang='lat' dir='ltr'>festinanter,</span> <span class='ocrx_word' id='word_1_465' title='bbox 1486 4331 1561 4376; x_wconf 90' lang='lat' dir='ltr'>cum</span> <span class='ocrx_word' id='word_1_466' title='bbox 1583 4316 1654 4376; x_wconf 91' lang='lat' dir='ltr'>tum</span> <span class='ocrx_word' id='word_1_467' title='bbox 1677 4317 1810 4377; x_wconf 91' lang='lat' dir='ltr'>ratione</span> <span class='ocrx_word' id='word_1_468' title='bbox 1830 4316 1890 4377; x_wconf 91' lang='lat' dir='ltr'>ho-</span> 
     </span>
     <span class='ocr_line' id='line_1_42' title="bbox 239 4410 1891 4493; baseline 0.001 -20"><span class='ocrx_word' id='word_1_469' title='bbox 239 4412 414 4473; x_wconf 90' lang='lat' dir='ltr'>occasione</span> <span class='ocrx_word' id='word_1_470' title='bbox 429 4411 541 4488; x_wconf 88' lang='lat' dir='ltr'>posset</span> <span class='ocrx_word' id='word_1_471' title='bbox 551 4411 698 4489; x_wconf 88' lang='lat' dir='ltr'>ejusdem</span> <span class='ocrx_word' id='word_1_472' title='bbox 706 4414 819 4471; x_wconf 86' lang='lat' dir='ltr'>Terrae</span> <span class='ocrx_word' id='word_1_473' title='bbox 828 4410 957 4472; x_wconf 85' lang='lat' dir='ltr'>Sanctae</span> <span class='ocrx_word' id='word_1_474' title='bbox 973 4410 1038 4471; x_wconf 91' lang='lat' dir='ltr'>im·</span> <span class='ocrx_word' id='word_1_475' title='bbox 1092 4417 1270 4493; x_wconf 89' lang='lat' dir='ltr'>miniique</span> <span class='ocrx_word' id='word_1_476' title='bbox 1289 4414 1377 4475; x_wconf 91' lang='lat' dir='ltr'>idem</span> <span class='ocrx_word' id='word_1_477' title='bbox 1398 4428 1509 4474; x_wconf 82' lang='lat' dir='ltr'>comes</span> <span class='ocrx_word' id='word_1_478' title='bbox 1529 4412 1594 4474; x_wconf 89' lang='lat' dir='ltr'>sibi</span> <span class='ocrx_word' id='word_1_479' title='bbox 1614 4414 1748 4475; x_wconf 90' lang='lat' dir='ltr'>tenetur</span> <span class='ocrx_word' id='word_1_480' title='bbox 1771 4414 1891 4476; x_wconf 90' lang='lat' dir='ltr'>astric-</span> 
     </span>
     <span class='ocr_line' id='line_1_43' title="bbox 238 4508 1890 4590; baseline 0.001 -19"><span class='ocrx_word' id='word_1_481' title='bbox 238 4510 346 4588; x_wconf 91' lang='lat' dir='ltr'>pediri</span> <span class='ocrx_word' id='word_1_482' title='bbox 359 4525 549 4581; x_wconf 90' lang='lat' dir='ltr'>succursus,</span> <span class='ocrx_word' id='word_1_483' title='bbox 566 4509 682 4570; x_wconf 90' lang='lat' dir='ltr'>contra</span> <span class='ocrx_word' id='word_1_484' title='bbox 695 4508 818 4569; x_wconf 90' lang='lat' dir='ltr'>dictum</span> <span class='ocrx_word' id='word_1_485' title='bbox 831 4508 992 4569; x_wconf 86' lang='lat' dir='ltr'>Erardum</span> <span class='ocrx_word' id='word_1_486' title='bbox 1004 4508 1038 4570; x_wconf 87' lang='lat' dir='ltr'>et</span> <span class='ocrx_word' id='word_1_487' title='bbox 1090 4517 1155 4587; x_wconf 91' lang='lat' dir='ltr'>tus,</span> <span class='ocrx_word' id='word_1_488' title='bbox 1171 4514 1242 4576; x_wconf 94' lang='lat' dir='ltr'>tum</span> <span class='ocrx_word' id='word_1_489' title='bbox 1263 4513 1396 4590; x_wconf 92' lang='lat' dir='ltr'>propter</span> <span class='ocrx_word' id='word_1_490' title='bbox 1410 4512 1637 4589; x_wconf 80' lang='lat' dir='ltr'>Juramentum</span> <span class='ocrx_word' id='word_1_491' title='bbox 1652 4511 1739 4588; x_wconf 81' lang='lat' dir='ltr'>quod</span> <span class='ocrx_word' id='word_1_492' title='bbox 1760 4512 1834 4590; x_wconf 89' lang='lat' dir='ltr'>ipse</span> <span class='ocrx_word' id='word_1_493' title='bbox 1851 4512 1890 4572; x_wconf 91' lang='lat' dir='ltr'>de</span> 
     </span>
     <span class='ocr_line' id='line_1_44' title="bbox 239 4605 1889 4690; baseline -0.001 -20"><span class='ocrx_word' id='word_1_494' title='bbox 239 4608 387 4670; x_wconf 90' lang='lat' dir='ltr'>eamdem</span> <span class='ocrx_word' id='word_1_495' title='bbox 403 4608 591 4685; x_wconf 88' lang='lat' dir='ltr'>Philippam</span> <span class='ocrx_word' id='word_1_496' title='bbox 606 4605 754 4684; x_wconf 84' lang='lat' dir='ltr'>praelatis</span> <span class='ocrx_word' id='word_1_497' title='bbox 776 4606 1036 4683; x_wconf 88' lang='lat' dir='ltr'>archiepiscopis</span> <span class='ocrx_word' id='word_1_498' title='bbox 1091 4614 1149 4676; x_wconf 79' lang='lat' dir='ltr'>illo</span> <span class='ocrx_word' id='word_1_499' title='bbox 1156 4611 1305 4690; x_wconf 83' lang='lat' dir='ltr'>juvando</span> <span class='ocrx_word' id='word_1_500' title='bbox 1321 4608 1519 4688; x_wconf 83' lang='lat' dir='ltr'>proriribus</span> <span class='ocrx_word' id='word_1_501' title='bbox 1532 4609 1782 4684; x_wconf 75' lang='lat' dir='ltr'>praemittam</span> <span class='ocrx_word' id='word_1_502' title='bbox 1795 4626 1889 4687; x_wconf 91' lang='lat' dir='ltr'>prop·</span> 
     </span>
     <span class='ocr_line' id='line_1_45' title="bbox 238 4703 1889 4784; baseline -0.001 -16"><span class='ocrx_word' id='word_1_503' title='bbox 238 4706 449 4784; x_wconf 88' lang='lat' dir='ltr'>etepiscopis</span> <span class='ocrx_word' id='word_1_504' title='bbox 466 4721 572 4784; x_wconf 91' lang='lat' dir='ltr'>nuper</span> <span class='ocrx_word' id='word_1_505' title='bbox 591 4704 793 4782; x_wconf 71' lang='lat' dir='ltr'>preceptum</span> <span class='ocrx_word' id='word_1_506' title='bbox 813 4703 1035 4765; x_wconf 70' lang='grc'><strong>1111161100-</strong></span> <span class='ocrx_word' id='word_1_507' title='bbox 1090 4713 1142 4773; x_wconf 90' lang='lat' dir='ltr'>ter</span> <span class='ocrx_word' id='word_1_508' title='bbox 1165 4708 1444 4772; x_wconf 89' lang='lat' dir='ltr'>necessitudinem</span> <span class='ocrx_word' id='word_1_509' title='bbox 1471 4706 1646 4782; x_wconf 91' lang='lat' dir='ltr'>sanguinis</span> <span class='ocrx_word' id='word_1_510' title='bbox 1676 4705 1784 4767; x_wconf 90' lang='lat' dir='ltr'>eidem</span> <span class='ocrx_word' id='word_1_511' title='bbox 1808 4707 1889 4767; x_wconf 89' lang='lat' dir='ltr'>ulla·</span> 
     </span>
     <span class='ocr_line' id='line_1_46' title="bbox 238 4802 1888 4881; baseline 0.001 -16"><span class='ocrx_word' id='word_1_512' title='bbox 238 4804 337 4865; x_wconf 90' lang='lat' dir='ltr'>limus</span> <span class='ocrx_word' id='word_1_513' title='bbox 354 4805 528 4866; x_wconf 80' lang='lat' dir='ltr'>direxisse.</span> <span class='ocrx_word' id='word_1_514' title='bbox 546 4807 582 4864; x_wconf 93' lang='lat' dir='ltr'>ln</span> <span class='ocrx_word' id='word_1_515' title='bbox 602 4802 752 4879; x_wconf 88' lang='lat' dir='ltr'>generali</span> <span class='ocrx_word' id='word_1_516' title='bbox 767 4818 897 4880; x_wconf 90' lang='lat' dir='ltr'>quoque</span> <span class='ocrx_word' id='word_1_517' title='bbox 913 4803 1035 4863; x_wconf 86' lang='lat' dir='ltr'>Conci·</span> <span class='ocrx_word' id='word_1_518' title='bbox 1091 4811 1186 4872; x_wconf 76' lang='lat' dir='ltr'>tenus</span> <span class='ocrx_word' id='word_1_519' title='bbox 1208 4808 1323 4869; x_wconf 86' lang='lat' dir='ltr'>deesse</span> <span class='ocrx_word' id='word_1_520' title='bbox 1346 4821 1413 4866; x_wconf 92' lang='lat' dir='ltr'>non</span> <span class='ocrx_word' id='word_1_521' title='bbox 1439 4804 1559 4881; x_wconf 90' lang='lat' dir='ltr'>possit,</span> <span class='ocrx_word' id='word_1_522' title='bbox 1585 4804 1618 4865; x_wconf 88' lang='lat' dir='ltr'>et</span> <span class='ocrx_word' id='word_1_523' title='bbox 1643 4804 1753 4866; x_wconf 90' lang='lat' dir='ltr'>dictus</span> <span class='ocrx_word' id='word_1_524' title='bbox 1779 4819 1888 4866; x_wconf 85' lang='lat' dir='ltr'>comes</span> 
     </span>
     <span class='ocr_line' id='line_1_47' title="bbox 238 4900 1887 4980; baseline -0.008 -5"><span class='ocrx_word' id='word_1_525' title='bbox 238 4903 295 4975; x_wconf 68' lang='lat'>110,</span> <span class='ocrx_word' id='word_1_526' title='bbox 328 4903 483 4980; x_wconf 87' lang='lat' dir='ltr'>quoniam</span> <span class='ocrx_word' id='word_1_527' title='bbox 510 4902 550 4964; x_wconf 68' lang='lat' dir='ltr'>ad</span> <span class='ocrx_word' id='word_1_528' title='bbox 584 4901 694 4962; x_wconf 68' lang='grc'><strong>010018</strong></span> <span class='ocrx_word' id='word_1_529' title='bbox 730 4900 900 4976; x_wconf 69' lang='grc'><strong>0080111101</strong></span> <span class='ocrx_word' id='word_1_530' title='bbox 933 4916 1036 4961; x_wconf 69' lang='lat' dir='ltr'>exse·</span> <span class='ocrx_word' id='word_1_531' title='bbox 1090 4906 1316 4970; x_wconf 79' lang='lat' dir='ltr'>defensionem</span> <span class='ocrx_word' id='word_1_532' title='bbox 1332 4904 1364 4965; x_wconf 94' lang='lat' dir='ltr'>et</span> <span class='ocrx_word' id='word_1_533' title='bbox 1378 4902 1542 4963; x_wconf 82' lang='lat' dir='ltr'>auxilium</span> <span class='ocrx_word' id='word_1_534' title='bbox 1562 4901 1727 4963; x_wconf 88' lang='lat' dir='ltr'>instanter</span> <span class='ocrx_word' id='word_1_535' title='bbox 1744 4900 1887 4979; x_wconf 89' lang='lat' dir='ltr'>postulat</span> 
     </span>
     <span class='ocr_line' id='line_1_48' title="bbox 239 4999 1885 5078; baseline 0 -19"><span class='ocrx_word' id='word_1_536' title='bbox 239 5001 405 5077; x_wconf 84' lang='lat' dir='ltr'>quendum</span> <span class='ocrx_word' id='word_1_537' title='bbox 426 5002 477 5063; x_wconf 88' lang='lat' dir='ltr'>est</span> <span class='ocrx_word' id='word_1_538' title='bbox 498 4999 704 5078; x_wconf 80' lang='lat' dir='ltr'>permaxime</span> <span class='ocrx_word' id='word_1_539' title='bbox 731 4999 974 5069; x_wconf 79' lang='lat' dir='ltr'>necessarium,</span> <span class='ocrx_word' id='word_1_540' title='bbox 1000 5000 1036 5060; x_wconf 84' lang='lat' dir='ltr'>ut</span> <span class='ocrx_word' id='word_1_541' title='bbox 1090 5005 1132 5067; x_wconf 89' lang='lat' dir='ltr'>ab</span> <span class='ocrx_word' id='word_1_542' title='bbox 1152 5004 1280 5075; x_wconf 90' lang='lat' dir='ltr'>eodem,</span> <span class='ocrx_word' id='word_1_543' title='bbox 1300 5017 1366 5062; x_wconf 92' lang='lat' dir='ltr'>non</span> <span class='ocrx_word' id='word_1_544' title='bbox 1383 4999 1535 5062; x_wconf 81' lang='lat' dir='ltr'>executio</span> <span class='ocrx_word' id='word_1_545' title='bbox 1554 4999 1756 5072; x_wconf 88' lang='lat' dir='ltr'>retardatur,</span> <span class='ocrx_word' id='word_1_546' title='bbox 1773 5016 1885 5063; x_wconf 82' lang='lat' dir='ltr'>rerum</span> 
     </span>
     <span class='ocr_line' id='line_1_49' title="bbox 239 5095 1885 5176; baseline -0.002 -17"><span class='ocrx_word' id='word_1_547' title='bbox 239 5098 406 5175; x_wconf 90' lang='lat' dir='ltr'>principes</span> <span class='ocrx_word' id='word_1_548' title='bbox 431 5097 464 5159; x_wconf 89' lang='lat' dir='ltr'>et</span> <span class='ocrx_word' id='word_1_549' title='bbox 489 5097 602 5174; x_wconf 92' lang='lat' dir='ltr'>populi</span> <span class='ocrx_word' id='word_1_550' title='bbox 625 5095 798 5157; x_wconf 87' lang='lat' dir='ltr'>christiani</span> <span class='ocrx_word' id='word_1_551' title='bbox 825 5095 867 5155; x_wconf 88' lang='lat' dir='ltr'>ad</span> <span class='ocrx_word' id='word_1_552' title='bbox 892 5096 1035 5157; x_wconf 81' lang='lat' dir='ltr'>invicem</span> <span class='ocrx_word' id='word_1_553' title='bbox 1090 5104 1192 5165; x_wconf 74' lang='lat' dir='ltr'>etiam</span> <span class='ocrx_word' id='word_1_554' title='bbox 1208 5100 1355 5163; x_wconf 86' lang='lat' dir='ltr'>omnium</span> <span class='ocrx_word' id='word_1_555' title='bbox 1371 5099 1532 5160; x_wconf 88' lang='lat' dir='ltr'>baronum</span> <span class='ocrx_word' id='word_1_556' title='bbox 1547 5098 1642 5174; x_wconf 87' lang='lat' dir='ltr'>regni</span> <span class='ocrx_word' id='word_1_557' title='bbox 1662 5099 1816 5161; x_wconf 72' lang='lat' dir='ltr'>Francia</span> <span class='ocrx_word' id='word_1_558' title='bbox 1832 5097 1885 5176; x_wconf 87' lang='lat' dir='ltr'>qui</span> 
     </span>
     <span class='ocr_line' id='line_1_50' title="bbox 238 5193 1886 5276; baseline -0.001 -18"><span class='ocrx_word' id='word_1_559' title='bbox 238 5212 354 5276; x_wconf 86' lang='lat' dir='ltr'>pacem</span> <span class='ocrx_word' id='word_1_560' title='bbox 367 5195 553 5266; x_wconf 86' lang='lat' dir='ltr'>observent,</span> <span class='ocrx_word' id='word_1_561' title='bbox 569 5194 708 5271; x_wconf 75' lang='lat' dir='ltr'>provida</span> <span class='ocrx_word' id='word_1_562' title='bbox 721 5193 784 5255; x_wconf 86' lang='lat' dir='ltr'>luit</span> <span class='ocrx_word' id='word_1_563' title='bbox 796 5193 1036 5255; x_wconf 90' lang='lat' dir='ltr'>deliberatione</span> <span class='ocrx_word' id='word_1_564' title='bbox 1091 5200 1270 5265; x_wconf 72' lang='lat' dir='ltr'>affixerunt</span> <span class='ocrx_word' id='word_1_565' title='bbox 1293 5198 1363 5259; x_wconf 88' lang='lat' dir='ltr'>suis</span> <span class='ocrx_word' id='word_1_566' title='bbox 1389 5196 1537 5258; x_wconf 89' lang='lat' dir='ltr'>humeris</span> <span class='ocrx_word' id='word_1_567' title='bbox 1561 5197 1693 5272; x_wconf 85' lang='lat' dir='ltr'>signum</span> <span class='ocrx_word' id='word_1_568' title='bbox 1715 5198 1836 5269; x_wconf 91' lang='lat' dir='ltr'>crucis,</span> <span class='ocrx_word' id='word_1_569' title='bbox 1855 5195 1886 5256; x_wconf 86' lang='lat' dir='ltr'>et</span> 
     </span>
     <span class='ocr_line' id='line_1_51' title="bbox 239 5291 1884 5378; baseline -0.001 -22"><span class='ocrx_word' id='word_1_570' title='bbox 239 5295 412 5366; x_wconf 91' lang='lat' dir='ltr'>statutum,</span> <span class='ocrx_word' id='word_1_571' title='bbox 435 5294 472 5354; x_wconf 92' lang='lat' dir='ltr'>ut</span> <span class='ocrx_word' id='word_1_572' title='bbox 495 5292 613 5353; x_wconf 88' lang='lat' dir='ltr'>saltem</span> <span class='ocrx_word' id='word_1_573' title='bbox 637 5307 698 5368; x_wconf 90' lang='lat' dir='ltr'>per</span> <span class='ocrx_word' id='word_1_574' title='bbox 717 5291 971 5367; x_wconf 91' lang='lat' dir='ltr'>quadriennium</span> <span class='ocrx_word' id='word_1_575' title='bbox 1000 5292 1035 5351; x_wconf 91' lang='lat' dir='ltr'>in</span> <span class='ocrx_word' id='word_1_576' title='bbox 1090 5300 1148 5378; x_wconf 79' lang='lat' dir='ltr'>qui</span> <span class='ocrx_word' id='word_1_577' title='bbox 1178 5298 1287 5359; x_wconf 83' lang='lat' dir='ltr'>adhue</span> <span class='ocrx_word' id='word_1_578' title='bbox 1319 5296 1353 5357; x_wconf 92' lang='lat' dir='ltr'>id</span> <span class='ocrx_word' id='word_1_579' title='bbox 1380 5296 1488 5371; x_wconf 89' lang='lat' dir='ltr'>ipsum</span> <span class='ocrx_word' id='word_1_580' title='bbox 1512 5293 1635 5354; x_wconf 91' lang='lat' dir='ltr'>habent</span> <span class='ocrx_word' id='word_1_581' title='bbox 1659 5294 1695 5355; x_wconf 92' lang='lat' dir='ltr'>in</span> <span class='ocrx_word' id='word_1_582' title='bbox 1718 5294 1884 5372; x_wconf 89' lang='lat' dir='ltr'>proposito</span> 
     </span>
    </p>
   </div>
   <div class='ocr_carea' id='block_1_24' title="bbox 134 5388 1885 5472">
    <p class='ocr_par' dir='ltr' id='par_1_24' title="bbox 134 5388 1885 5472">
     <span class='ocr_line' id='line_1_52' title="bbox 134 5388 1885 5472; baseline -0.001 -17"><span class='ocrx_word' id='word_1_583' title='bbox 134 5462 138 5470; x_wconf 51' lang='grc'><strong>,</strong></span> <span class='ocrx_word' id='word_1_584' title='bbox 238 5394 307 5455; x_wconf 84' lang='grc'><strong>1111</strong></span> <span class='ocrx_word' id='word_1_585' title='bbox 323 5391 403 5453; x_wconf 86' lang='lat' dir='ltr'>orbe</span> <span class='ocrx_word' id='word_1_586' title='bbox 417 5388 601 5452; x_wconf 90' lang='lat' dir='ltr'>christiano</span> <span class='ocrx_word' id='word_1_587' title='bbox 621 5405 687 5466; x_wconf 84' lang='lat' dir='ltr'>pax</span> <span class='ocrx_word' id='word_1_588' title='bbox 701 5388 904 5464; x_wconf 90' lang='lat' dir='ltr'>generaliter</span> <span class='ocrx_word' id='word_1_589' title='bbox 921 5405 1036 5450; x_wconf 84' lang='lat' dir='ltr'>serva-</span> <span class='ocrx_word' id='word_1_590' title='bbox 1090 5393 1414 5472; x_wconf 67' lang='lat' dir='ltr'>faciendi‚qu0niam</span> <span class='ocrx_word' id='word_1_591' title='bbox 1433 5406 1556 5467; x_wconf 89' lang='lat' dir='ltr'>guerra</span> <span class='ocrx_word' id='word_1_592' title='bbox 1573 5391 1637 5451; x_wconf 90' lang='lat' dir='ltr'>ista</span> <span class='ocrx_word' id='word_1_593' title='bbox 1657 5391 1772 5468; x_wconf 90' lang='lat' dir='ltr'>plures</span> <span class='ocrx_word' id='word_1_594' title='bbox 1790 5406 1885 5470; x_wconf 83' lang='lat' dir='ltr'>quam</span> 
     </span>
    </p>
   </div>
   <div class='ocr_carea' id='block_1_25' title="bbox 238 5486 1884 5763">
    <p class='ocr_par' dir='ltr' id='par_1_25' title="bbox 238 5486 1884 5763">
     <span class='ocr_line' id='line_1_53' title="bbox 238 5486 1884 5566; baseline -0.009 -3"><span class='ocrx_word' id='word_1_595' title='bbox 238 5493 346 5563; x_wconf 66' lang='grc'><strong>10101,</strong></span> <span class='ocrx_word' id='word_1_596' title='bbox 372 5490 418 5552; x_wconf 70' lang='lat' dir='ltr'>ita</span> <span class='ocrx_word' id='word_1_597' title='bbox 441 5488 528 5566; x_wconf 72' lang='lat' dir='ltr'>quod</span> <span class='ocrx_word' id='word_1_598' title='bbox 552 5502 612 5564; x_wconf 71' lang='grc'><strong>1101·</strong></span> <span class='ocrx_word' id='word_1_599' title='bbox 632 5486 850 5547; x_wconf 60' lang='lat' dir='ltr'>ecclesiarum</span> <span class='ocrx_word' id='word_1_600' title='bbox 878 5486 1034 5563; x_wconf 69' lang='lat' dir='ltr'>ltraelatOS</span> <span class='ocrx_word' id='word_1_601' title='bbox 1090 5494 1261 5558; x_wconf 90' lang='lat' dir='ltr'>estimetur</span> <span class='ocrx_word' id='word_1_602' title='bbox 1283 5490 1439 5560; x_wconf 89' lang='lat' dir='ltr'>involvet,</span> <span class='ocrx_word' id='word_1_603' title='bbox 1448 5488 1481 5551; x_wconf 90' lang='lat' dir='ltr'>et</span> <span class='ocrx_word' id='word_1_604' title='bbox 1501 5488 1642 5566; x_wconf 90' lang='lat' dir='ltr'>pecunia</span> <span class='ocrx_word' id='word_1_605' title='bbox 1659 5505 1721 5565; x_wconf 91' lang='lat' dir='ltr'>pro</span> <span class='ocrx_word' id='word_1_606' title='bbox 1734 5491 1884 5551; x_wconf 79' lang='lat' dir='ltr'>votorum</span> 
     </span>
     <span class='ocr_line' id='line_1_54' title="bbox 239 5583 1881 5666; baseline 0.002 -23"><span class='ocrx_word' id='word_1_607' title='bbox 239 5585 465 5647; x_wconf 89' lang='lat' dir='ltr'>discordantes</span> <span class='ocrx_word' id='word_1_608' title='bbox 492 5584 730 5646; x_wconf 88' lang='lat' dir='ltr'>reducerentur</span> <span class='ocrx_word' id='word_1_609' title='bbox 755 5583 796 5643; x_wconf 92' lang='lat' dir='ltr'>ad</span> <span class='ocrx_word' id='word_1_610' title='bbox 821 5584 953 5660; x_wconf 90' lang='lat' dir='ltr'>plenam</span> <span class='ocrx_word' id='word_1_611' title='bbox 975 5599 1036 5660; x_wconf 89' lang='lat' dir='ltr'>pa·</span> <span class='ocrx_word' id='word_1_612' title='bbox 1089 5592 1285 5656; x_wconf 69' lang='lat' dir='ltr'>executione</span> <span class='ocrx_word' id='word_1_613' title='bbox 1300 5589 1416 5666; x_wconf 88' lang='lat' dir='ltr'>parata</span> <span class='ocrx_word' id='word_1_614' title='bbox 1430 5587 1466 5646; x_wconf 92' lang='lat' dir='ltr'>in</span> <span class='ocrx_word' id='word_1_615' title='bbox 1479 5585 1725 5663; x_wconf 85' lang='lat' dir='ltr'>expugnatione</span> <span class='ocrx_word' id='word_1_616' title='bbox 1738 5586 1881 5649; x_wconf 89' lang='lat' dir='ltr'>hostium</span> 
     </span>
     <span class='ocr_line' id='line_1_55' title="bbox 241 5678 1879 5763; baseline -0.002 -13"><span class='ocrx_word' id='word_1_617' title='bbox 241 5695 312 5739; x_wconf 71' lang='lat' dir='ltr'>cem</span> <span class='ocrx_word' id='word_1_618' title='bbox 345 5683 402 5743; x_wconf 72' lang='lat' dir='ltr'>aut</span> <span class='ocrx_word' id='word_1_619' title='bbox 434 5683 563 5743; x_wconf 77' lang='lat' dir='ltr'>firmam</span> <span class='ocrx_word' id='word_1_620' title='bbox 602 5682 752 5759; x_wconf 69' lang='lat' dir='ltr'>treugam</span> <span class='ocrx_word' id='word_1_621' title='bbox 795 5680 1034 5744; x_wconf 65' lang='lat' dir='ltr'>issViOItibiliter</span> <span class='ocrx_word' id='word_1_622' title='bbox 1091 5690 1200 5754; x_wconf 89' lang='lat' dir='ltr'>crucis</span> <span class='ocrx_word' id='word_1_623' title='bbox 1221 5686 1343 5750; x_wconf 81' lang='lat' dir='ltr'>Christi</span> <span class='ocrx_word' id='word_1_624' title='bbox 1365 5682 1579 5746; x_wconf 87' lang='lat' dir='ltr'>consumetur</span> <span class='ocrx_word' id='word_1_625' title='bbox 1597 5678 1643 5763; x_wconf 81' lang='lat' dir='ltr'>[in</span> <span class='ocrx_word' id='word_1_626' title='bbox 1658 5682 1879 5760; x_wconf 78' lang='lat' dir='ltr'>vituperatio·</span> 
     </span>
    </p>
   </div>
   <div class='ocr_carea' id='block_1_26' title="bbox 0 0 1954 6200">
    <p class='ocr_par' dir='ltr' id='par_1_26' title="bbox 0 0 1954 6200">
     <span class='ocr_line' id='line_1_56' title="bbox 0 0 1954 6200; baseline 0 0"><span class='ocrx_word' id='word_1_627' title='bbox 0 0 1954 6200; x_wconf 95' lang='lat' dir='ltr'> </span> 
     </span>
    </p>
   </div>
  </div>
 </body>
</html>
