3900 6202
205 332 267 397 aa
820 329 1001 397 HONORII
1018 333 1064 395 III
1086 335 1235 399 OPERA.

1793 342 1852 405 204

207 490 329 567 gratia,
354 489 443 559 odio,
467 488 522 552 331
547 503 661 552 amore
684 489 921 563 subtraxerint,
945 506 1006 569 per
1060 494 1095 557 Sl
1120 510 1204 573 quas
1229 494 1340 558 antem
1364 497 1501 575 propter
1530 495 1594 560 boc
1620 497 1853 565 tribulationes

208 603 384 650 censuram
406 588 567 660 eamdem,
588 587 810 665 appellatione
840 591 1002 664 cessante,
1059 595 1148 671 passi
1170 595 1312 667 inieritis,
1328 611 1395 657 non
1419 595 1525 656 solnm
1550 597 1782 674 aequianimiter
1795 615 1853 661 eas

208 686 338 761 cogatis
373 685 506 746 veritati
547 685 772 748 testimonium
816 687 1001 764 perhibere.
1061 693 1222 767 toleretis3
1250 693 1307 755 sed
1326 696 1360 755 31
1382 693 1572 769 gloriemini
1597 712 1671 757 rum
1692 698 1854 773 apostolis

209 784 301 856 Quod
323 783 351 843 si
378 799 444 843 333
460 782 614 844 omnibus
635 784 688 844 bis
713 785 934 861 exsequendis
950 801 1006 864 po·
1059 790 1183 852 eisdem
1204 791 1396 867 gaudentes
1422 792 1500 869 quia
1526 792 1618 869 digni
1640 793 1747 857 babiti
1773 796 1855 856 ostis

207 881 340 943 tueritis
387 880 560 953 interesse,
597 881 633 942 13
671 879 776 943 irater
799 882 1002 958 patriarcha,
1060 904 1119 964 pro
1134 889 1582 952 nomineJesucoutumelias
1592 891 1770 953 sustinere.
1783 895 1856 955 Hoc

208 994 284 1039 oum
311 992 425 1038 eorum
451 976 569 1050 altero,
590 992 631 1038 33
658 976 876 1038 nihilominus
902 993 1004 1040 ense·
1059 986 1148 1047 enim
1176 986 1249 1049 1333
1274 988 1308 1049 31
1334 990 1600 1050 momentaneum
1625 989 1855 1052 tribudationis

209 1074 335 1152 quaris.
351 1075 470 1136 Datum
490 1073 658 1146 Laterani,
685 1075 747 1134 Xli
772 1074 932 1135 kalendas
955 1073 1007 1136 ie-
1060 1084 1257 1145 immensum
1269 1085 1687 1165 gloriaepondusoperatur
1698 1088 1856 1165 adquam

208 1170 349 1245 brnarii,
364 1171 576 1251 pontificatus
591 1171 697 1234 nostri
713 1186 802 1234 anno
816 1172 935 1250 primo.

538 1392 671 1480 CLXV

210 1591 263 1651 Ad
275 1590 493 1651 Domtnicum
503 1591 663 1662 priorem
684 1588 717 1649 et
732 1587 914 1662 fratreas.
937 1589 1008 1651 Ro-

422 1689 520 1748 mani
531 1686 792 1760 praedicatores.

503 1851 536 1910 ar
554 1850 616 1924 jan.
637 1850 717 1909 rna

254 1973 365 2039 [Pereia
377 1974 540 2025 1133333313
553 1977 694 2025 convontus
710 1972 831 2024 Toloseni
841 1974 961 2026 Fratrum

421 2052 631 2114 Prmdicalomm,
643 2058 664 2104 1.
675 2053 699 2113 1,
711 2066 738 2118 p.
750 2052 803 2117 la]

211 2211 353 2273 Dominici
364 2213 468 2286 prioris
481 2220 511 2271 et
520 2213 651 2271 Fratrum
662 2212 692 2271 S.
701 2213 823 2271 Romani
833 2212 1005 2272 Praedicato-

248 2317 311 2360 rum
329 2304 357 2358 ln
380 2302 526 2374 provincia
548 2302 689 2359 tolosana
711 2301 841 2359 ordinem
857 2302 1008 2361 confirmat

173 2425 175 2429 -
247 2397 276 2448 et
288 2405 321 2447 se
334 2404 433 2447 eorum
448 2388 580 2463 precibus
595 2387 786 2447 commendat.

252 2534 421 2596 Honorius
432 2533 617 2611 episcopus,
627 2548 924 2596 serrasservorum
935 2534 1005 2607 Dei,

211 2631 342 2693 dilectis
366 2630 444 2692 111113
463 2631 568 2709 priori
581 2632 614 2693 et
627 2630 799 2692 Fratribus
819 2633 852 2692 s.
867 2631 1008 2693 Romani

212 2727 491 2790 Praedicatoribus
505 2729 541 2789 in
555 2728 704 2805 partibus
716 2727 901 2801 Tolosanis,
918 2728 1010 2789 salu-

212 2826 279 2888 tem
295 2827 327 2888 et
341 2826 559 2903 apostolicam
573 2824 848 2887 benedictionem.

254 2923 442 2984 Gratiarum
459 2922 607 2985 omnium
622 2922 773 2997 largitori
785 2922 903 2998 dignas
917 2922 1008 2984 rele-

213 3020 320 3081 rimus
332 3020 516 3096 gratiarum
531 3019 679 3080 actiones
691 3019 726 3080 in
736 3019 845 3095 gratia
855 3020 915 3081 Dei
934 3036 1007 3097 quae

214 3117 292 3179 data
307 3116 469 3187 estvobis,
480 3116 588 3193 inqua
604 3116 698 3177 statis
709 3116 742 3177 et
756 3115 885 3178 stabitis
897 3116 1010 3178 113311-

209 3216 312 3286 ter,nt
323 3228 513 3289 speramus:
525 3212 603 3290 qnia
613 3213 702 3274 13133
713 3212 861 3275 caritatis
872 3213 1008 3276 llamma

213 3311 407 3387 flagrantes,
429 3309 577 3371 exterius
596 3308 693 3371 lamae
721 3309 872 3387 flagratis
894 3312 1006 3385 odore,

214 3408 270 3486 qui
286 3411 318 3470 et
329 3423 428 3469 sanas
442 3407 583 3469 delectat
595 3407 627 3469 et
645 3406 753 3469 reiicit
766 3408 893 3470 mentes
908 3408 1008 3470 infir-

213 3520 298 3576 mas,
326 3504 445 3582 quibus
462 3504 561 3567 etiam
580 3520 622 3567 ne
647 3506 842 3568 remaneant
865 3506 1007 3577 steriles,

215 3602 405 3680 spirituales
431 3602 669 3678 mandragoras
692 3602 849 3680 tanquam
869 3603 1009 3664 studiosi

213 3700 335 3763 medici
351 3698 556 3773 exhibentes,
571 3714 628 3760 eas
644 3699 771 3761 semine
782 3699 876 3761 verbi
891 3700 1006 3774 divini,

213 3799 325 3861 vestra
338 3796 479 3860 salutari
495 3797 652 3859 facundia
673 3796 870 3859 fecundatis.
888 3799 1010 3861 51333-

212 3896 276 3958 1311
290 3897 380 3958 servi
398 3895 513 3956 fideles
528 3894 653 3957 talenta
676 3895 770 3956 vobis
791 3896 914 3958 tradita
928 3911 1007 3957 ero-

213 3997 340 4066 rantes,
364 3994 402 4055 31
423 3994 539 4055 eadem
555 3992 732 4070 reportetis
755 3993 894 4053 Domino
908 3993 1010 4068 gemi-

212 4092 303 4153 nata.
323 4090 378 4151 Sic
400 4090 436 4150 in
457 4089 513 4151 313
532 4089 655 4149 Christi
675 4088 808 4150 athletae
824 4093 918 4151 scuto
931 4090 1008 4151 fidei

212 4188 246 4250 31
270 4186 366 4264 galea
385 4184 503 4247 salutis
524 4185 655 4257 armati,
679 4200 746 4246 non
765 4186 920 4247 timentes
938 4204 1006 4260 eos,

212 4283 270 4361 qui
293 4298 414 4359 corpus
434 4283 574 4359 possunt
596 4281 758 4353 occidere,
782 4282 919 4344 verbnm
935 4285 1006 4358 Dei,

213 4379 300 4459 quod
313 4380 363 4441 est
374 4377 613 4457 penetrabilius
629 4379 719 4440 omni
730 4379 841 4455 gladio
856 4380 1005 4459 ancipiti,

211 4476 470 4556 magnanimiter
483 4464 598 4539 contra
613 4475 725 4539 hostes
740 4477 818 4538 11131
830 4477 1005 4541 exhibetis.

213 4575 268 4640 Sic
288 4576 325 4636 in
344 4575 407 4637 boc
422 4574 545 4635 mundo
559 4575 688 4637 3331333
703 4574 832 4636 animas
846 4574 1005 4650 odientes,

211 4675 249 4735 ut
266 4674 302 4735 in
324 4673 427 4735 vitam
451 4672 610 4733 aeternam
639 4672 834 4733 custodiatis
861 4672 1005 4734 easdem.

211 4772 374 4833 Caeterum
389 4769 468 4848 qnia
482 4768 570 4842 finis,
586 4784 654 4830 non
676 4785 788 4846 pugna
809 4771 957 4843 coronat,
975 4772 1009 4833 et

211 4868 423 4931 currentibus
444 4866 608 4930 13313113
630 4867 809 4929 3131311133
828 4868 1005 4941 universis,

212 4966 284 5029 sola
298 4966 547 5044 perseverantia
564 4965 717 5027 bravium
734 4964 855 5043 accipit
867 4965 1008 5027 destina·

212 5065 293 5138 tum,
311 5064 483 5126 caritatem
499 5064 646 5124 vestram
665 5078 822 5138 rogamus
843 5063 876 5124 et
899 5062 1009 5125 borta-

211 5178 287 5226 mur
301 5162 437 5233 attente,
453 5161 486 5222 et
499 5174 560 5236 per
575 5160 757 5237 apostolica
774 5160 897 5238 scripta
912 5176 1009 5221 man-

1059 1197 1126 1244 333
1141 1184 1218 1244 sunt
1233 1183 1406 1259 condignae
1420 1184 1592 1262 passiones
1606 1185 1706 1263 hujus
1728 1185 1857 1263 tempo-

1060 1280 1118 1340 ris.
1141 1281 1210 1342 Nos
1231 1296 1360 1358 quoque
1383 1282 1591 1345 intendentes
1612 1299 1671 1344 vos
1694 1285 1857 1360 tanquam

1060 1377 1222 1456 speciales
1235 1368 1322 1440 filios
1335 1379 1565 1444 favorabiliter
1573 1379 1762 1453 confovere,
1775 1382 1859 1457 peti·

1060 1494 1134 1540 mus
1146 1478 1183 1538 31
1196 1493 1255 1554 pro
1264 1476 1360 1539 nobis
1375 1477 1525 1540 offeratis
1537 1481 1606 1540 Deo
1618 1477 1741 1539 3113133
1753 1477 1860 1540 labio·

1060 1592 1146 1647 rum,
1161 1576 1190 1635 si
1203 1574 1287 1637 sorte
1302 1575 1388 1653 quod
1399 1576 1521 1637 nostris
1538 1575 1667 1636 meritis
1682 1591 1751 1637 non
1762 1574 1861 1637 3313-

1061 1689 1146 1745 mus,
1165 1672 1285 1734 vestris
1298 1671 1468 1747 suffragiis
1482 1688 1713 1749 assequamur.
1734 1673 1860 1734 Datum

1062 1770 1228 1841 Laterani,
1236 1767 1553 1848 1111131131133311,
1563 1770 1775 1846 pontificatus
1783 1785 1861 1831 333-

1060 1868 1105 1930 tri
1117 1883 1206 1930 anno
1219 1868 1343 1946 primo,
1366 1866 1422 1945 qui
1441 1882 1550 1929 annus
1561 1868 1613 1931 est
1626 1867 1750 1929 Christi
1766 1867 1860 1929 1217.

1380 2080 1533 2168 CLXVI

1171 2287 1224 2348 Ad
1244 2288 1439 2362 episcopum
1457 2287 1751 2347 cenomanensem.

1357 2461 1463 2535 11133.
1481 2461 1560 2518 llll.

1094 2613 1214 2679 pungar,
1226 2612 1270 2663 lu.
1281 2611 1302 2675 ι,
1314 2611 1388 2677 epar.
1403 2592 1457 2661 aas}
1470 2611 1527 2662 us.
1542 2609 1579 2661 na
1590 2610 1665 2662 rorte
1681 2609 1716 2660 aa
1729 2610 1835 2677 rnen]
1944 2658 1945 2661 ,

1098 2755 1296 2815 cameracensi
1311 2754 1445 2827 episeopo
1457 2752 1585 2823 mandat,
1602 2758 1634 2809 ut
1649 2752 1865 2825 promissiones

1063 2840 1153 2900 iactas
1167 2841 1203 2899 de
1221 2840 1369 2899 berefleiis
1379 2838 1613 2897 contacentibus
1630 2845 1729 2896 contra
1742 2838 1865 2897 decreta

1063 2932 1265 2989 lateranensis
1273 2929 1503 2999 corallitanus
1516 2934 1544 2985 et
1557 2928 1658 2985 inanes
1671 2924 1829 2986 decernat.

1102 3092 1281 3165 Honorius,
1304 3087 1586 3160 313.,3333331111
1615 3086 1710 3150 tratri
1735 3089 1865 3150 Came·

1063 3206 1174 3252 33333.
1190 3190 1356 3266 episcopo,
1369 3187 1508 3250 salutem
1522 3188 1554 3248 et
1568 3185 1789 3264 apostolicam
1806 3186 1868 3248 be-

1063 3287 1296 3349 nedictlonem.

1104 3411 1196 3473 Sicut
1209 3426 1249 3471 ea
1264 3424 1337 3487 quae
1352 3407 1489 3486 provide
1508 3407 1591 3469 11331
1611 3405 1653 3468 31
1673 3406 1728 3467 113
1752 3408 1816 3484 qui
1830 3407 1866 3469 in

1062 3509 1190 3588 partem
1218 3506 1451 3569 sollicitudinis
1471 3504 1677 3568 3331333311
1699 3519 1763 3581 per
1786 3521 1866 3566 enm

1064 3605 1218 3668 convenit
1231 3603 1420 3681 approbari,
1436 3603 1493 3680 qui
1507 3601 1750 3680 plenitudinem
1770 3602 1866 3664 obti-

1063 3705 1121 3766 net
1144 3702 1327 3780 potestatis,
1357 3701 1403 3763 113
1416 3771 1418 3774 ,
1431 3716 1491 3778 per
1518 3699 1670 3761 eamdem
1700 3693 1867 3761 33333331

1063 3801 1192 3877 oportet
1212 3798 1370 3877 quidquid
1384 3797 1550 3859 invenerit
1573 3798 1688 3859 contra
1707 3798 1866 3860 sanctio-

1063 3914 1122 3959 nes
1144 3897 1323 3960 canonicas
1347 3896 1554 3957 31133131333.
1576 3894 1627 3956 Ad
1652 3894 1867 3957 audientiam

1063 4010 1144 4057 3333
1165 3994 1370 4072 apostolatus
1394 3992 1500 4054 nostri
1521 3992 1684 4072 pervenit,
1710 3992 1805 4068 quod
1832 3993 1868 4053 in

1063 4096 1274 4155 cameracen.
1284 4090 1418 4152 dioecesi
1427 4089 1561 4167 quidam
1571 4088 1719 4161 abbates,
1732 4089 1869 4166 priores

1063 4191 1097 4252 et
1110 4189 1378 4253 conventualium
1392 4187 1609 4249 ecclesiarum
1623 4186 1771 4263 patroni,
1790 4203 1871 4249 nec·

1062 4303 1129 4349 non
1144 4288 1176 4349 31
1190 4302 1341 4364 personae
1356 4285 1431 4346 aliae
1447 4300 1521 4361 quae
1533 4287 1589 4362 jus
1600 4282 1726 4345 babent
1746 4285 1868 4345 eccle-

1063 4385 1196 4446 siastica
1209 4382 1371 4444 beneficia
1384 4381 1586 4453 conterendi,
1602 4380 1725 4441 multas
1738 4381 1781 4442 do
1797 4397 1871 4443 non

1061 4481 1256 4545 3333311133
1292 4478 1461 4542 beneficiis
1495 4477 1736 4555 promissiones
1772 4478 1873 4540 1333-

1061 4579 1149 4651 runt,
1180 4577 1266 4656 quod
1290 4576 1377 4639 sacri
1405 4575 1561 4637 Laterani
1580 4574 1720 4636 concilii
1750 4574 1873 4638 313131

1062 4675 1234 4738 institutis.
1251 4672 1871 4749 03331333111133313311313333333-

1061 4774 1145 4836 tium
1168 4772 1389 4849 indulgemus,
1412 4772 1450 4833 31
1467 4785 1692 4849 quascumque
1716 4772 1874 4847 promis-

1062 4871 1173 4933 siones
1188 4869 1222 4930 in
1244 4870 1301 4932 tna
1321 4867 1456 4930 dioecesi
1477 4868 1590 4930 taliter
1602 4868 1772 4944 repereris
1789 4884 1873 4930 esse

1062 4968 1178 5040 iactas,
1193 4966 1321 5029 sublato
1335 4965 1513 5044 cujuslibet
1531 4965 1811 5027 contradictionis
1837 4968 1873 5030 et

1062 5066 1294 5144 appellationis
1310 5063 1490 5136 obstaculo,
1507 5063 1667 5125 decernas
1689 5063 1809 5125 irritas
1837 5064 1874 5125 et

1062 5161 1192 5235 133333,
1207 5163 1260 5223 bis
1274 5161 1329 5240 qui
1338 5161 1421 5224 13113
1433 5161 1667 5240 promiserunt,
1682 5159 1737 5221 331
1751 5162 1872 5238 potius

212 5261 340 5332 dantes,
357 5260 391 5321 et
405 5256 678 5319 inremissionem
691 5259 901 5336 peccatorum
914 5256 1007 5319 robis
1062 5260 1355 5337 praesumpserunt,
1371 5274 1503 5336 poenam
1522 5256 1742 5320 nihilominus
1757 5274 1875 5320 cano-

211 5356 622 5439 injungentes,qnaten11s
645 5356 754 5431 magis
781 5371 821 5417 ac
845 5355 950 5432 magis
971 5357 1007 5417 in
1062 5358 1172 5419 nicam
1196 5356 1388 5433 infligendo.
1405 5355 1499 5417 Nulli
1517 5371 1607 5431 ergo,
1632 5355 1710 5428 313.,
1737 5356 1873 5418 nostrae

210 5457 352 5517 Domino
365 5454 540 5516 consorlali
555 5453 786 5530 evangelizare
798 5452 935 5515 verbum
948 5453 1007 5515 Dei
1062 5455 1298 5526 concessionis,
1313 5454 1375 5517 etc.
1392 5455 1427 5514 Si
1438 5454 1513 5531 quis
1523 5454 1643 5524 autem,
1660 5454 1726 5514 313.
1741 5454 1871 5515 Datum

212 5552 383 5624 studeatis,
391 5552 584 5627 opportune,
592 5551 779 5628 importune
793 5551 967 5624 instantes,
975 5551 1008 5614 et
1062 5553 1228 5624 Laterani,
1240 5554 1286 5613 XI
1297 5550 1457 5613 kalendas
1467 5550 1638 5623 februarii,
1645 5551 1872 5628 pontificatus

212 5659 294 5720 opus
311 5646 524 5722 evangelistae
543 5647 757 5711 laudabiliter
775 5648 1005 5728 adimplentes.
1061 5649 1166 5714 nostri
1179 5665 1267 5712 anno
1282 5650 1401 5727 primos
1519 5636 1523 5640 ”
