3900 6202
184 235 243 296 175
797 226 974 297 HONORII
995 236 1041 300 ΙΙΙ
1061 238 1210 300 OPERA.
1765 238 1819 309 itt

221 393 363 456 Multum
384 394 481 457 lamae
504 395 624 457 restrae
650 391 789 471 derogat
806 395 840 457 et
860 394 971 467 saluti,
1068 400 1148 459 Cum
1158 400 1237 476 jura
1254 396 1420 459 carissimi
1437 397 1472 459 in
1486 398 1617 463 Christo
1631 399 1694 461 iiiii
1714 403 1818 464 nostri

182 491 269 569 quod
296 507 317 553 a
341 491 500 555 fidelitate
528 491 632 554 vestrl
664 490 788 553 domiui
811 493 973 555 naturalis
1027 496 1068 557 ii.
1094 496 1183 573 regis
1208 496 1336 572 Angiiae
1361 495 1503 559 illustris
1526 496 1618 559 tauto
1636 498 1817 561 studiosius

182 590 216 651 et
238 606 258 651 a
284 589 459 652 devotione
487 591 645 652 Romanae
673 589 830 652 Ecclesiae
858 590 974 652 matris
1028 592 1204 655 defendere
1213 593 1403 667 debeamus,
1417 596 1540 672 quanto
1555 595 1735 672 specialius
1750 599 1820 674 ejus

180 688 311 759 restrae,
330 686 435 749 secuti
448 687 711 765 conspiratorum
725 688 908 766 perfidiam,
923 704 975 750 re
1027 705 1166 767 regnum
1189 691 1232 754 ad
1258 693 1440 754 Romanam
1466 691 1648 753 Ecclesiam
1671 694 1820 755 noscitur

181 784 338 857 cessistis,
359 800 426 847 non
441 784 672 848 erubescentes
686 785 785 849 simul
798 786 974 864 utrumque
1028 788 1205 866 pertinere,
1221 788 1381 851 incitante
1396 804 1457 850 nos
1467 790 1568 851 etiam
1579 789 1620 851 ad
1633 789 1699 852 boc
1711 790 1820 867 ipsum

179 881 379 959 relinquere,
400 881 456 959 qui
470 897 531 960 pro
554 897 669 945 eorum
683 883 839 946 utrolibet
859 882 974 945 obser-
1025 885 1094 948 tam
1110 886 1216 964 ipsius
1230 885 1319 963 regis
1338 887 1435 949 aetate
1449 902 1549 964 quam
1562 887 1650 965 quod
1666 888 1819 950 crucesi-

179 978 287 1041 vando
302 978 511 1052 debuissetis,
537 980 566 1042 si
590 981 757 1057 exegisset
779 980 971 1049 necessitas,
1026 984 1145 1059 gnatus
1169 983 1292 1057 existit,
1317 983 1517 1046 traternitati
1531 984 1597 1047 tuae
1611 999 1672 1061 per
1685 985 1821 1062 aposto-

180 1091 332 1139 carceres
344 1078 377 1140 et
386 1077 489 1139 exilia
500 1078 675 1141 sustinere.
690 1080 861 1141 Monemus
871 1078 973 1157 igitur
1026 1080 1092 1142 lica
1116 1080 1238 1157 scripta
1253 1080 1459 1154 mandamus,
1484 1081 1647 1158 quatenus
1664 1080 1776 1142 terras
1789 1082 1822 1144 et

179 1173 412 1237 discretionem
424 1175 580 1247 vestram,
597 1191 753 1252 rogamus
766 1174 799 1239 et
812 1175 972 1238 obsecra-
1026 1176 1141 1239 iideies
1164 1175 1268 1254 ipsius
1290 1178 1323 1241 et
1344 1178 1470 1254 reginae
1490 1175 1538 1256 (3)
1561 1176 1678 1239 matris
1702 1176 1819 1254 ipsius,

179 1288 253 1333 mus
264 1272 301 1334 in
310 1272 460 1345 Ilomiuo,
475 1288 535 1350 per
543 1273 733 1351 apostolica
744 1273 838 1336 uobis
848 1274 972 1351 scripta
1027 1275 1151 1352 positos
1172 1275 1255 1338 citra
1269 1290 1372 1349 mare,
1389 1273 1546 1352 quamdiu
1559 1274 1595 1334 in
1609 1273 1761 1352 partibus
1774 1274 1821 1335 il-

179 1369 319 1432 firmiter
334 1370 557 1447 praecipiendo
571 1370 778 1444 mandantes,
796 1372 970 1449 quatenus,
1026 1372 1068 1433 iis
1091 1371 1207 1445 tueris,
1235 1373 1451 1434 manutenere
1474 1371 1607 1435 studeas
1633 1372 1666 1433 et
1693 1370 1819 1444 lovere,

179 1466 344 1529 carissimi
369 1468 405 1529 in
427 1468 558 1530 Christo
573 1467 635 1530 iiiii
650 1468 756 1531 nostri
770 1471 810 1530 Η.
822 1466 871 1548 (1)
884 1469 972 1545 regis
1026 1468 1273 1547 perturbatores
1294 1468 1427 1530 iliorum
1446 1468 1620 1541 indebitos,
1636 1468 1820 1530 monitione

177 1563 306 1640 angiiae
320 1564 460 1627 illustris
473 1564 650 1627 innocuam
660 1564 876 1649 respicientes
889 1566 974 1627 aeta-
1026 1565 1209 1642 praemissa,
1222 1580 1466 1644 percensuram
1478 1565 1750 1638 ecclesiasticam,
1766 1580 1824 1641 ap·

176 1663 255 1734 tem,
280 1661 314 1723 et
335 1660 378 1724 ad
400 1661 507 1739 ipsam
529 1664 712 1724 Romanam
726 1662 918 1735 Ecclesiam,
936 1662 972 1723 iu
1025 1662 1205 1741 peliatioue
1224 1663 1417 1741 postposita,
1434 1661 1688 1740 compesceud03
1711 1663 1821 1739 siqua

178 1761 274 1836 cujus
300 1758 457 1836 injuriam
481 1759 531 1821 est
554 1758 746 1837 hujusmodi
769 1759 972 1837 conspiratio
1025 1775 1105 1824 vero
1120 1761 1160 1822 de
1182 1760 1278 1822 bonis
1304 1761 1438 1822 illorum
1460 1760 1535 1837 post
1558 1760 1696 1821 mortem
1719 1758 1822 1820 clarae

177 1855 349 1927 attentata,
370 1854 515 1917 debitum
537 1857 724 1933 respectum
743 1856 914 1931 babentes,
930 1856 971 1919 ad
1025 1857 1194 1919 memoriae
1214 1860 1244 1920 J.
1267 1855 1315 1938 (i)
1340 1856 1429 1933 regis
1450 1856 1578 1932 Augilas
1599 1856 1677 1916 sunt
1696 1856 1822 1934 injuste

177 1950 283 2029 ipsius
292 1951 382 2028 regis
396 1952 588 2015 fidelitatem
602 1954 635 2016 et
648 1953 856 2017 devotionem
865 1957 973 2033 Apos-
1026 1970 1085 2031 per
1103 1955 1233 2033 aliquos
1252 1955 1441 2031 occcupata,
1463 1954 1650 2015 detentores
1670 1952 1819 2023 iliorum,

177 2047 286 2110 toiicae
299 2049 405 2122 Sedis
420 2050 537 2111 relicto
551 2049 729 2127 impiorum
743 2050 894 2126 consilio,
915 2067 973 2113 re-
1026 2053 1061 2115 nt
1076 2052 1144 2113 uiia
1167 2052 1240 2114 siue
1266 2051 1459 2114 difficultate
1472 2050 1660 2122 restituant,
1676 2049 1823 2111 sollicite

177 2144 294 2217 deuiis,
321 2161 389 2207 non
412 2145 617 2209 obstantibus
632 2148 832 2225 juramentis
846 2148 971 2211 illicitis
1025 2165 1161 2212 moneas
1176 2149 1209 2212 et
1222 2149 1373 2221 inducas,
1386 2150 1430 2221 et,
1447 2147 1475 2209 si
1487 2163 1623 2210 necesse
1637 2146 1749 2219 tuerit,
1761 2161 1823 2223 per

178 2242 335 2318 praestitis
350 2243 508 2320 Lodoico;
526 2245 615 2322 quia,
627 2246 657 2307 si
670 2247 824 2307 conversi
838 2246 879 2307 ad
890 2245 972 2307 dex·
1025 2261 1200 2308 censuram
1216 2246 1376 2317 eamdem,
1397 2245 1536 2322 excepta
1558 2244 1721 2304 duntaxat
1736 2258 1822 2320 per·

177 2340 283 2400 teram
293 2341 529 2403 revocaveritis
539 2341 675 2420 provide
687 2342 774 2419 quod
788 2342 971 2420 improvide
1025 2358 1107 2404 sona
1127 2343 1220 2418 regis
1243 2345 1458 2414 Francorum,
1472 2341 1602 2403 sublato
1623 2340 1824 2418 appellatio-

178 2436 375 2510 attentastis‚
408 2436 504 2500 uobis
530 2440 677 2501 nostram
707 2440 741 2503 st
774 2439 971 2516 apostolica
1025 2440 1078 2500 nis
1094 2439 1340 2517 impedimento,
1352 2440 1479 2516 praevia
1488 2436 1821 2514 rationecompeilas.

179 2532 275 2594 Sedis
288 2533 430 2609 gratiam
451 2535 485 2598 et
497 2534 645 2598 latorem
665 2533 855 2612 specialiter
869 2536 970 2614 poili·
1024 2538 1143 2603 Datum
1158 2536 1326 2609 Laterani,
1350 2539 1426 2597 Xi'i
1449 2535 1516 2596 kal.
1543 2535 1717 2604 februarii,
1732 2550 1823 2596 anno

179 2645 302 2702 cemur,
323 2631 540 2694 nibilominus
564 2631 605 2694 ad
629 2632 770 2710 gratiam
790 2632 896 2711 ipsius
916 2649 973 2696 re-
1025 2633 1143 2712 primo.

178 2726 973 2807 gisintegrereiiabsndametjurarestrainsu-
1399 2796 1404 2803 ,

178 2839 239 2900 per
260 2825 492 2903 consequenda
515 2827 734 2904 apostolicum
751 2826 846 2889 vobis
873 2828 993 2909 auxi·⁴
1343 2836 1501 2924 CXLIII

179 2920 261 2985 lium
287 2921 527 2999 promittentes.
557 2918 675 2987 uatum
706 2923 872 2997 Laterani,
897 2926 972 2986 xvi

179 3017 430 3091 helicbruma,
445 3034 533 3082 anno
548 3019 665 3096 urimo·
1105 3034 1468 3108 auamuupueopum
1486 3032 1740 3093 belitrensem.

219 3144 263 3202 iu
276 3144 434 3204 ettmdem
453 3145 594 3204 modum
614 3142 727 3205 Nobili
740 3144 813 3206 viro
828 3144 971 3208 Roberto
1317 3145 1350 3204 li
1368 3142 1431 3216 ian.
1447 3144 1527 3202 iiii.

180 3237 221 3300 de
235 3239 303 3300 Ros
317 3237 351 3300 et
361 3237 576 3316 complicibus
591 3239 671 3301 suis.
1105 3266 1236 3334 [rutum
1254 3267 1424 3318 utinmotu
1436 3266 1575 3330 Hibernia,
1588 3281 1616 3333 p,
1628 3266 1653 3326 s,
1666 3279 1693 3317 n.
1705 3266 1746 3331 a]

219 3334 309 3396 lietu
322 3334 435 3397 Nobili
443 3335 517 3398 uiro
532 3336 691 3399 Leweiin.

218 3433 310 3494 [iem
336 3431 521 3495 Baronjpug
536 3432 680 3512 quinque
699 3436 869 3499 Portum
1025 3409 1248 3483 archiepiscopo
1273 3407 1450 3478 Dubllnensi,
1476 3414 1507 3466 ut
1529 3406 1650 3465 rebelles
1679 3406 1823 3465 Hibernos

219 3529 310 3592 ptem
323 3530 440 3592 compti
456 3531 644 3594 Guamniae·
1051 3497 1087 3558 ad
1101 3497 1293 3557 obedientiam
1312 3498 1391 3571 regis
1399 3496 1513 3571 anglie
1524 3495 1617 3555 redire
1630 3496 1796 3569 compellat.

219 3627 309 3690 Item
322 3629 440 3692 0οΠῑὶῒὶ
454 3630 495 3692 (10
507 3629 613 3692 Clam·
935 3658 940 3667 ’
1065 3641 1233 3704 Honorius
1267 3640 1460 3718 episcopus,
1491 3638 1676 3702 venerabili
1710 3637 1820 3711 fratri,

220 3726 309 3788 Item
324 3727 442 3791 COmiti
456 3727 663 3790 dOAiundel·
1027 3738 1276 3816 archiepiscopo
1297 3736 1502 3810 Dubiineusi,
1525 3736 1678 3798 salutem.

220 3824 311 3887 Item
325 3824 443 3888 GOmsti
458 3825 604 3903 Ru801⁰10
617 3826 723 3903 3180&
1065 3837 1140 3899 Non
1150 3837 1221 3913 jam
1230 3834 1336 3911 magis
1345 3834 1476 3909 militia,
1496 3850 1595 3912 quam
1609 3832 1738 3895 malitia
1755 3832 1823 3894 dici

1027 3934 1133 4012 potest
1157 3932 1227 3994 vita
1247 3932 1428 3993 bominum'
1444 3946 1544 4008 super
1573 3930 1710 4003 terram,
1746 3946 1822 3991 cum

512 4038 648 4125 CXLI]
1027 4030 1224 4107 frigescente
1243 4027 1380 4091 caritate
1404 4028 1453 4089 sie
1476 4026 1621 4089 abundet
1640 4027 1820 4104 iniquitas,

1026 4127 1062 4189 ut
1082 4143 1149 4189 non
1175 4125 1282 4187 solum
1303 4124 1461 4187 desaeviat
1474 4140 1536 4202 par
1556 4124 1740 4201 inparem,
1762 4123 1822 4186 sed

253 4217 306 4274 Ad
337 4216 569 4286 Gttwelmum,
605 4215 895 4288 Burdcgulcusem
1026 4224 1127 4286 etiam
1146 4223 1260 4285 contra
1275 4222 1450 4283 Dominum
1464 4220 1615 4283 subditus
1629 4220 1762 4296 erigere
1784 4236 1821 4282 se

426 4312 727 4385 afflhl'elisswlmm·
1027 4317 1821 4399 praesumnt,sicntinregnoiingiorumevenisse

471 4421 505 4480 ii
521 4420 582 4495 jau.
604 4421 683 4480 iiii.
1027 4418 1192 4479 cernimus
1214 4416 1247 4478 et
1269 4415 1428 4488 dolemus,
1455 4413 1523 4475 iilis
1548 4413 1761 4475 carissimum
1784 4413 1821 4474 in

222 4526 388 4595 [flegmatis.
401 4529 421 4585 1,
434 4527 767 4592 epist.i73..-Bouquet‚
780 4525 935 4580 neutuna
1026 4514 1156 4576 Christo
1179 4512 1285 4575 fliium
1313 4512 1463 4574 nostrum
1487 4513 1528 4571 H.
1552 4510 1683 4588 Angiiae
1706 4526 1821 4588 regem

401 4615 776 4682 hutortsns‚t.x1ii,p.6stt].
1026 4612 1188 4673 illustrem
1212 4609 1397 4672 naturalem
1420 4625 1531 4680 suum,
1558 4608 1691 4670 vinculo
1709 4608 1822 4670 fideii-

180 4733 247 4794 Vuit
260 4733 403 4791 Honorius
419 4746 485 4790 eum
499 4731 686 4791 incolumitati
699 4738 839 4790 tumtum
857 4737 887 4790 et
899 4730 968 4790 iide-
1025 4708 1102 4772 tatis
1118 4708 1269 4787 ahiUPtQ
1292 4706 1443 4785 neiiffltffl'
1463 4705 1746 4783 impugnantibus>
1763 4722 1820 4784 <1¹1¹

215 4823 285 4879 liunt
299 4823 414 4879 ilenriei
428 4821 540 4895 anglise
552 4822 631 4895 regis
645 4828 674 4878 et
690 4820 799 4894 regina
810 4821 910 4878 matris
926 4820 969 4893 ip·
1025 4822 1084 4886 pro
1104 4809 1176 4885 ejus
1199 4805 1326 4867 bonore
1346 4803 1468 4867 tuendo
1491 4819 1596 4881 usque
1616 4802 1657 4864 ad
1679 4804 1821 4865 mortem

214 4910 574 4983 siussoiiiciteprovitlere,
590 4907 800 4983 compescendo
813 4924 864 4982 per
877 4909 968 4966 eccie-
1026 4903 1183 4966 deberent
1214 4902 1328 4979 utique
1371 4900 1559 4975 decertare;
1598 4916 1703 4977 usque
1737 4900 1821 4961 adeo

214 4998 360 5056 siasticam
381 5012 532 5055 censuram
554 4998 774 5070 perturbatores,
800 4997 825 5055 si
853 5012 971 5056 neccsse
1025 5003 1135 5063 autem
1158 5000 1299 5062 invaluit
1312 4999 1440 5061 malitia
1454 4998 1666 5076 perfidorum,
1685 4996 1822 5059 utnon-

215 5087 393 5158 sit,excepto
406 5100 476 5160 ¹080
489 5089 672 5144 mimium·
1026 5099 1110 5161 nulii
1138 5099 1239 5161 etiam
1266 5097 1307 5159 de
1328 5112 1431 5173 regno
1458 5095 1627 5156 Hiberniae
1648 5095 1683 5155 iu
1707 5094 1822 5156 consi·

218 5211 386 5275 Honorius
400 5211 573 5289 episcopus
578 5256 663 5285 .......
678 5211 861 5274 venarabili
875 5211 971 5275 fratri
1025 5199 1107 5258 lium
1121 5196 1265 5258 abierint
1286 5193 1488 5265 eorumdem,
1505 5193 1538 5254 et
1548 5196 1708 5270 ponentes
1724 5209 1820 5253 suam

182 5308 432 5387 archiepiscopo
445 5307 694 5384 Burdegaiensi,
714 5310 776 5372 etc.
791 5307 838 5391 (2)
1026 5293 1228 5371 cumimpiis
1250 5291 1283 5355 et
1304 5290 1494 5354 infidelibus
1522 5289 1719 5369 portionem,
1752 5305 1820 5352 nou

215 5467 240 5536 ii
276 5466 400 5548 ilenriei.
1061 5466 1101 5541 (3)
1122 5467 1258 5527 isabella.

213 5537 247 5608 ii
279 5537 427 5595 Gmiieimo
442 5537 591 5595 emanavi.
1061 5540 1101 5617 (i)
1121 5538 1249 5596 ioannis,
