3958 6204
94 264 146 329 313
405 260 551 321 XXVIII.
569 286 610 306 ·-
625 258 669 322 IN
691 257 821 321 FESTO
844 259 1130 325 PLURIMORUM
1151 257 1408 324 MARTYRUM.
1672 266 1732 329 314

95 426 137 488 at
150 419 330 485 communis
341 414 438 480 bonis
450 417 483 481 et
494 418 604 480 malls.
621 419 698 481 Filii
714 418 792 480 sunt
805 417 881 480 falsi
935 418 999 481 hoc
1024 420 1097 482 loco
1116 437 1238 498 :quum
1259 419 1434 484 audieritis
1459 420 1586 499 pratia.
1611 425 1733 488 Praelia

95 518 266 589 christiani,
289 517 349 595 qui
372 519 521 595 puguant
536 519 652 578 contra
674 517 878 590 innocentes,
935 517 1012 580 sunt
1048 518 1136 580 inter
1172 522 1366 591 extraneos,
1403 518 1500 593 idest,
1532 520 1621 584 inter
1652 540 1732 600 reg-

96 618 212 699 quando
226 616 377 677 inierunt
393 615 441 676 eis
454 616 574 676 damna
588 616 621 676 et
632 614 821 692 opprobria.
834 617 880 675 De
935 631 1013 675 num
1036 617 1068 677 et
1091 632 1241 692 regnum,
1259 617 1292 679 et
1309 617 1477 678 civitatem
1496 619 1529 680 et
1551 619 1731 695 civitatem,
1836 682 1841 693 ,

94 716 180 780 tertia
191 712 352 774 meretrix
366 712 401 772 in
417 712 585 789 parabolis
600 733 608 771 :
624 712 769 773 luterum
786 714 882 786 titid-
935 713 1020 774 sicut
1044 714 1166 775 veritas
1194 715 1334 776 testatur
1360 737 1367 774 :
1390 717 1517 792 Sarpet
1543 732 1627 793 peris
1647 734 1733 781 cou-

94 817 146 875 bus
154 812 310 874 actutum
321 825 451 881 meum
469 811 583 871 stravi
595 810 765 883 tapetibus
778 809 882 884 pictis
936 810 993 872 tro
1010 813 1148 887 pentem
1173 813 1206 873 et
1229 828 1377 889 repndm
1396 818 1565 875 aduersus
1586 831 1734 893 raparum

95 911 284 985 mAEpppto
300 906 415 986 (Pror.
435 923 492 978 vn,
516 904 580 986 16).
597 906 758 967 Meretrix
779 907 878 978 enim,
936 907 1067 987 (Matth.
1081 922 1179 981 xxiv,
1196 908 1241 987 7).
1253 913 1289 971 In
1301 926 1365 987 qua
1380 927 1417 971 re
1431 914 1571 988 possunt
1582 912 1734 977 homines

95 1007 183 1079 idest,
214 1005 375 1068 haeretica
404 1005 551 1082 pravitas
578 1003 701 1066 intexit
723 1004 880 1065 lectulum
935 1005 1117 1067 deteriores
1131 1007 1261 1068 caeteris
1272 1008 1497 1069 animantibus
1509 1011 1734 1087 comprobari;

94 1120 187 1176 suum,
202 1102 290 1164 idest
308 1102 469 1178 confingit
483 1101 669 1163 doctrinam
684 1117 778 1162 suam
792 1101 883 1162 suni-

93 1203 154 1273 bus,
170 1201 262 1273 idest,
279 1200 531 1277 deceptionibus
546 1198 721 1260 subtilibus
736 1199 880 1277 quidem,

95 1300 142 1361 sed
155 1299 245 1360 tortis
260 1299 298 1360 ut
310 1301 386 1375 ejus
399 1296 568 1374 colligatio
581 1296 625 1359 sit
638 1296 734 1375 quasi
746 1296 881 1358 iunicu-

94 1399 138 1458 lus
148 1395 278 1472 triplex,
292 1396 351 1473 qui
365 1395 502 1457 difficile
514 1394 691 1471 rumpitur,
709 1394 882 1456 contextus

95 1495 129 1555 de
146 1493 340 1570 theologicis
359 1493 625 1564 auctoritatibus,
647 1492 688 1554 de
706 1488 883 1554 rethoricis

96 1591 228 1664 duribus,
238 1592 325 1654 etde
336 1591 522 1655 dialecticis
532 1591 747 1668 argumentis.
764 1593 883 1651 Sacras

95 1691 190 1751 111111
204 1690 422 1752 auctoritates
434 1689 604 1767 pervertit,
619 1688 819 1766 sophisticas
832 1703 884 1749 ar·

96 1788 346 1864 gumentationes
358 1788 498 1855 inducit,
514 1785 700 1848 rethoricos
714 1801 884 1847 sermones

97 1887 231 1956 cremat,
248 1886 287 1947 ut
307 1885 478 1963 simplices
502 1884 607 1957 fallat,
634 1885 671 1945 ut
684 1898 787 1957 vagos
803 1882 884 1943 alli·

98 1983 162 2054 ciat,
186 1985 222 2046 ut
241 1983 396 2044 incautos
418 1982 566 2044 seducat.
589 1984 636 2043 De
656 1980 781 2043 talibus
796 1980 884 2042 enim

42 2120 59 2141 .
99 2080 247 2158 Propheta
281 2080 363 2143 dicit
389 2080 426 2141 in
447 2080 576 2157 psalmo
597 2100 605 2139 :
623 2081 790 2146 omnium
809 2093 886 2151 cuce

97 2180 257 2252 perfecisti
266 2179 521 2240 destrucemmt
531 2175 600 2256 (Ps.
613 2179 662 2249 10,
671 2173 716 2256 4).
728 2175 886 2237 Testimo-

100 2275 276 2353 niaquippe
303 2277 415 2337 Sacrae
441 2275 622 2352 Scripturae
651 2290 725 2351 quae
742 2274 884 2350 Spiritus

104 2374 226 2435 Sanctus
250 2373 400 2451 perfecit,
426 2372 576 2434 haeretici
596 2372 781 2444 destruunt,
808 2371 885 2431 dum

105 2470 151 2531 illa
176 2473 374 2548 pervertunt.
406 2473 529 2544 Porro,
558 2471 730 2547 Scriptura
747 2469 886 2530 docente

108 2568 261 2630 didicimus
296 2569 383 2647 quod
415 2569 472 2647 qui
503 2568 684 2645 sophistice
717 2567 883 2644 loquitur,

109 2665 218 2726 odibilis
244 2668 295 2728 est
321 2670 399 2727 Deo.
422 2667 498 2728 Non
523 2669 574 2728 est
593 2666 681 2727 enim
701 2665 752 2725 illi
767 2664 843 2725 data
866 2679 886 2725 a

109 2763 226 2824 bornino
239 2764 359 2840 gratia,
374 2763 432 2824 sed
457 2763 547 2824 omni
562 2762 725 2839 sapientia
745 2759 884 2822 (111111-

19 2936 21 2967 ι
110 2858 189 2921 datus
199 2861 260 2923 est.
275 2862 440 2953 Scriptum
457 2861 507 2922 est
521 2861 610 2921 enim
627 2882 635 2920 ε
650 2863 806 2920 Perdam
823 2873 886 2919 sc-

19 2990 20 3017 ;
108 2958 254 3029 mentium
274 2960 473 3033 supieatum
498 2960 533 3020 et
557 2957 782 3034 parcentum
795 2971 885 3029 pru-

19 3088 20 3091 =
111 3056 228 3116 mutum
242 3058 431 3132 reprobabo
447 3053 475 3135 (1
489 3057 561 3116 Ger.
578 3070 602 3123 1,
619 3056 683 3130 19),
702 3052 887 3131 praesertim

19 3182 21 3229 2
112 3166 215 3225 eorum,
230 3154 286 3230 qui
300 3153 475 3215 veritatem
495 3152 555 3215 liei
570 3151 719 3213 detinent
739 3152 775 3211 in
788 3165 887 3211 men-

19 3274 20 3299 (
112 3248 199 3311 dacio.
215 3253 360 3323 Quorum
374 3250 568 3327 praedicatio
583 3266 650 3311 non
665 3248 763 3311 estin
776 3248 889 3310 osten·

935 1104 1014 1180 quia
1042 1121 1116 1165 cum
1138 1105 1237 1166 etiam
1267 1109 1437 1182 serpentes
1462 1109 1641 1169 concordes
1668 1110 1736 1171 sint

936 1216 1010 1262 cum
1019 1201 1239 1278 serpentibus
1250 1202 1402 1264 homines
1413 1220 1479 1265 non
1493 1205 1627 1267 servant
1637 1206 1735 1269 fldem

937 1302 970 1361 et
983 1299 1194 1361 concordiam
1209 1301 1297 1362 inter
1309 1317 1355 1362 se.
1372 1300 1466 1363 Unde
1485 1302 1623 1364 Daniel:
1640 1308 1735 1371 Qum-

937 1397 1017 1458 tuor
1030 1397 1126 1459 uenti
1152 1400 1228 1460 coeii
1256 1399 1414 1475 preparant
1441 1402 1479 1460 iu
1500 1403 1595 1461 uiuri
1609 1412 1736 1478 mdpue

937 1490 1034 1570 (Dan.
1050 1508 1109 1564 vn,
1118 1490 1164 1572 2),
1187 1493 1284 1566 idest,
1302 1494 1336 1555 in
1352 1495 1474 1556 mundo
1489 1496 1552 1558 isto
1567 1516 1574 1557 :
1591 1497 1636 1558 at
1651 1513 1738 1571 quu-

938 1588 1018 1650 tuor
1038 1591 1154 1651 bestioe
1167 1593 1377 1666 consummi
1391 1595 1432 1654 de
1446 1593 1544 1654 terra
1558 1591 1684 1673 (ibid.).

976 1687 1075 1749 Venti
1099 1688 1176 1749 coeli
1197 1688 1273 1749 sunt
1287 1689 1399 1764 angeli
1420 1689 1499 1750 boni
1519 1692 1552 1752 et
1570 1691 1662 1760 mali,
1679 1687 1736 1769 qui

937 1782 1093 1845 dicuntur
1124 1784 1215 1847 renti
1244 1774 1330 1857 coeli,
1361 1786 1438 1863 quia
1467 1788 1607 1850 suntin
1635 1789 1736 1861 coelo,

938 1879 1033 1953 idest,
1047 1880 1082 1940 in
1093 1897 1173 1943 aere
1185 1881 1259 1942 isto.
1270 1882 1328 1943 isti
1339 1884 1487 1958 pugnant
1500 1883 1588 1944 inter
1598 1900 1644 1956 se,
1660 1884 1739 1961 quia

937 1976 1015 2039 boni
1031 1994 1105 2039 cum
1122 1979 1218 2039 malis
1233 1979 1267 2041 at
1277 1979 1410 2055 reprobi
1423 1996 1498 2041 curn
1513 1981 1637 2043 electis.
1655 1978 1739 2042 Boni

939 2076 1086 2152 pugnant
1105 2092 1165 2153 pro
1183 2077 1398 2139 excusatione
1413 2079 1537 2149 nostra,
1560 2078 1639 2139 mali
1654 2095 1740 2155 pug-

939 2175 1088 2251 1111111
1104 2174 1288 2250 perditione
1303 2174 1427 2235 nostra.
1454 2176 1602 2246 Quatuor
1622 2175 1738 2237 bestiae

939 2274 1015 2333 sunt
1043 2273 1185 2348 quatuor
1208 2287 1310 2347 regna
1338 2272 1448 2343 terrae,
1481 2289 1554 2349 quae
1583 2272 1741 2335 dicuntur

939 2369 1054 2431 bestiae
1081 2385 1140 2447 pro
1167 2369 1374 2431 crudelitate.
1399 2370 1493 2430 Unde
1517 2370 1741 2448 Hieronymus

940 2483 1039 2544 super
1059 2467 1230 2529 Danielem
1245 2466 1483 2528 :adorandum
1503 2468 1589 2545 quod
1612 2483 1739 2544 regno-

939 2581 1013 2626 rum
1026 2563 1140 2626 feritas
1152 2566 1252 2642 atque
1266 2564 1457 2635 crudelitas,
1473 2565 1656 2627 bestiarum
1678 2581 1742 2627 no-

940 2661 1028 2723 mine
1058 2661 1297 2737 designatur.»
1324 2664 1455 2737 Pugnat
1488 2664 1599 2723 autem
1633 2663 1740 2725 bestia

940 2760 1055 2821 contra
1076 2758 1226 2832 bestiam,
1238 2758 1317 2836 quia
1336 2759 1508 2834 consurgit
1522 2775 1663 2835 regnum
1677 2760 1740 2821 ad-

940 2872 1056 2920 versus
1074 2873 1224 2933 regnum.
1245 2857 1319 2917 Alia
1342 2857 1488 2934 patimur
1502 2873 1522 2917 a
1538 2856 1670 2931 ricinis,
1687 2859 1742 2920 vi-

941 2956 1070 3027 delicet,
1109 2955 1309 3027 seditiones,
1342 2955 1420 3032 quia
1453 2955 1631 3018 seditiones
1664 2956 1742 3018 sunt

941 3054 1056 3131 praelia
1071 3053 1160 3115 inter
1178 3053 1278 3114 cives.
1296 3053 1390 3115 Unde
1414 3052 1554 3114 audistis
1575 3053 1611 3114 in
1630 3055 1743 3114 Evan-

941 3152 1028 3228 gelio
1044 3155 1150 3213 :Cum
1161 3152 1344 3213 audieritis
1356 3155 1483 3225 praetia
1496 3153 1532 3214 et
1542 3152 1741 3213 seditiones.

943 3249 1130 3312 seditiones
1158 3250 1235 3309 sunt
1259 3247 1348 3310 inter
1367 3249 1457 3310 ciues
1482 3265 1542 3325 pro
1557 3248 1741 3311 honoribus

112 3345 187 3409 sione
205 3349 340 3425 spiritus
361 3349 395 3410 et
418 3348 563 3420 vlrtutis,
582 3347 640 3408 sed
665 3347 701 3407 in
717 3346 890 3424 persuasi·
942 3347 976 3409 et
999 3346 1226 3423 dignitatibus,
1244 3346 1277 3408 et
1300 3360 1359 3423 pro
1384 3345 1620 3423 cupiditatibus
1643 3346 1743 3422 hujus

19 3448 21 3453 ’
111 3440 212 3506 bilibus
231 3447 386 3508 humanae
401 3446 574 3522 sapientiae
593 3445 715 3507 uerbis.
738 3443 797 3505 Isti
813 3443 890 3505 sunt
943 3444 1068 3506 saeculi.
1094 3446 1174 3505 Haec
1193 3445 1304 3504 autem
1329 3444 1530 3520 proveniunt
1548 3459 1591 3504 ex
1615 3458 1743 3504 concu-

19 3618 21 3635 ‚
113 3556 266 3619 caupones,
281 3544 339 3621 qui
358 3544 540 3604 secundum
555 3542 750 3621 prophetam
768 3557 889 3619 aquam
942 3542 1106 3620 piscentIa
1118 3542 1258 3613 carnali,
1272 3541 1351 3618 quia
1362 3541 1391 3602 si
1406 3557 1472 3603 non
1484 3542 1657 3619 tantopere
1668 3556 1745 3602 con·

111 3638 174 3701 rinc
209 3641 437 3714 commiscent,
472 3641 528 3719 qui
564 3640 609 3701 iel
640 3639 820 3701 draconum
854 3639 889 3700 in
943 3641 1191 3718 cupisceremus
1218 3639 1365 3711 terrena,
1396 3639 1585 3700 nullatenus
1613 3654 1673 3715 pro
1695 3638 1745 3700 eis

19 3778 20 3783 1
112 3751 195 3799 aureo
215 3740 317 3801 calice
331 3739 512 3816 Babylonis
530 3739 718 3816 propinant,
745 3738 801 3815 qui
823 3737 891 3798 cir·
944 3738 1063 3800 1111111
1082 3737 1170 3798 inter
1188 3753 1249 3798 nos
1265 3736 1444 3797 seditiones
1459 3738 1491 3797 et
1505 3737 1633 3814 praelia.
1650 3736 1745 3798 Unde

19 3892 20 3899 ,
112 3836 890 3912 (111111111111111111111111111111-
942 3837 1060 3898 beatus
1085 3834 1188 3897 Jacob
1220 3834 1254 3894 in
1283 3832 1452 3909 epistola:
1484 3836 1575 3893 Unde
1603 3836 1685 3894 bella
1710 3833 1746 3893 et

943 3935 1021 3998 lites
1044 3937 1083 3994 id
1098 3935 1192 3994 uobis
1211 3933 1224 3990 t
1245 3934 1368 3993 Nouae
1394 3944 1440 3991 ecc
1461 3929 1746 4003 coaumpisccutiis

944 4031 1082 4099 uestris,
1106 4042 1183 4102 quoe
1209 4026 1362 4087 miiitum
1384 4027 1421 4085 in
1435 4026 1601 4085 membris
1617 4024 1746 4085 vestris

946 4125 1029 4206 (bac.
1046 4141 1091 4199 rr,
1107 4123 1163 4203 1)i

111 3930 339 4007 lptumiaciant.

19 4288 20 4299 ,
397 4132 566 4219 XXVIII
984 4224 1060 4287 Alia
1075 4222 1221 4304 patimur
1235 4237 1254 4282 a
1269 4220 1475 4297 propinquis,
1491 4219 1657 4292 uidelicet,
1672 4221 1743 4281 tra-

19 4356 20 4393 l
121 4326 158 4387 Ν
176 4329 301 4390 FESTO
325 4328 611 4389 PLURIMORUM
636 4325 889 4388 MARTYRUM.
946 4322 1089 4384 ditiones
1102 4321 1172 4381 sive
1188 4319 1402 4397 proditiones.
1423 4317 1516 4380 Unde
1536 4318 1694 4379 Dominus
1709 4319 1744 4379 in

19 4436 20 4451 ¹
947 4420 1011 4482 hoc
1025 4418 1207 4495 Evangelio
1224 4438 1232 4476 ε
1250 4420 1447 4479 trademini
1462 4418 1699 4491 aparentibus
1713 4417 1747 4477 ct

142 4524 219 4585 tum
231 4524 416 4587 audieritis
433 4526 557 4597 pruzia
571 4523 605 4585 et
617 4521 814 4593 seditiones,
830 4534 893 4582 do-
946 4519 1116 4592 srutribus
1135 4516 1169 4578 et
1188 4515 1343 4590 capuciis
1366 4515 1400 4576 et
1419 4517 1540 4575 criticis
1559 4510 1652 4591 (Luc.
1671 4529 1744 4584 111,

19 4624 20 4703 l
110 4619 158 4680 itte
170 4622 305 4684 terreri.
321 4621 463 4695 opertet
474 4624 632 4696 primum
652 4624 713 4681 boc
726 4620 818 4692 liert,
834 4620 894 4679 sed
948 4614 1169 4695 ib).Maxima
1182 4612 1324 4689 proditio
1338 4612 1387 4673 est
1400 4610 1531 4688 quando
1542 4611 1747 4686 propinquus

112 4721 379 4781 indomitorum
399 4720 481 4791 timis
496 4717 589 4797 (Luc.
605 4733 676 4788 111,
693 4715 739 4796 9).
948 4713 1039 4775 laedit
1063 4711 1296 4789 propinquum,
1323 4709 1377 4770 cui
1401 4707 1497 4768 debet
1523 4705 1638 4767 contra
1662 4705 1747 4766 alios

143 4817 213 4877 Cum
233 4818 324 4878 dicat
340 4817 459 4878 beatus
473 4816 535 4879 iob
552 4836 559 4875 :
575 4818 669 4878 Nibii
683 4818 721 4875 in
746 4814 843 4875 terra
855 4813 894 4885 m
948 4810 1140 4871 ministrare
1152 4806 1327 4868 auxilium.

113 4915 174 4974 sirie
192 4930 297 4977 corma
322 4912 409 4993 (lob.
426 4931 458 4987 v,
485 4912 531 4993 b),
558 4912 810 4989 intelligendum
832 4912 893 4980 est,
989 4910 1168 4969 Possumus
1181 4904 1293 4964 tamen
1315 4901 1512 4962 haecomnia
1533 4900 1671 4977 mystice
1693 4900 1749 4961 in-

114 5012 184 5086 quod
197 5013 308 5074 omnia
323 5012 414 5075 mala
432 5011 604 5090 quaenunt
622 5012 658 5072 in
674 5011 736 5072 hoc
759 5008 893 5080 mundo,
949 5004 1137 5082 terpretari.
1154 5002 1194 5063 Et
1213 5000 1273 5062 illa
1288 4999 1420 5077 quidem
1443 5014 1516 5077 quaa
1539 4998 1686 5076 patimur
1706 4999 1756 5060 ab

113 5110 215 5182 111111
233 5112 417 5188 peccatum,
441 5112 509 5172 Deo
528 5108 743 5186 dispensante
763 5108 795 5169 et
814 5122 896 5184 per·
950 5101 1131 5171 extraneis,
1144 5098 1746 5176 significanttentationesdaemonum.

19 5274 20 5279 ἵ
113 5206 245 5271 mittente
270 5208 466 5286 procedunt,
486 5207 540 5270 vel
555 5207 591 5269 ut
609 5205 690 5268 mali
703 5204 896 5283 puniantur,
951 5201 1011 5264 Illa
1027 5215 1100 5278 quae
1114 5198 1259 5276 patimur
1273 5213 1293 5258 a
1307 5195 1435 5258 vicinis·
1450 5196 1673 5258 correctiones
1692 5209 1750 5255 an·

19 5284 21 5313 '
113 5304 155 5363 rel
176 5308 210 5367 ut
234 5306 315 5368 boni
339 5322 400 5383 per
424 5321 557 5384 poenam
580 5304 772 5382 probentur·
803 5302 898 5364 Unde
951 5299 1112 5376 galerum,
1133 5296 1166 5358 et
1184 5296 1244 5357 illa
1267 5310 1341 5373 quae
1363 5294 1508 5372 patimur
1522 5309 1541 5354 a
1556 5292 1749 5370 propinquis

115 5402 266 5465 siendum
282 5403 432 5481 estquod
445 5401 701 5466 aliasuntmala
716 5416 789 5478 quae
803 5399 898 5461 nohis
952 5395 1162 5473 deceptiones
1192 5392 1461 5455 christianorum.
1491 5394 1518 5451 Α
1546 5388 1750 5450 damonibus

115 5497 287 5563 inseruntur
310 5500 353 5562 ab
372 5501 553 5573 extraneis,
570 5500 639 5562 alia
652 5517 672 5560 a
687 5498 818 5570 vicinis
831 5498 899 5559 alia
952 5493 1097 5572 patimur
1112 5486 1229 5571 praelia
1243 5490 1473 5559 tentationum,
1486 5486 1564 5565 quia
1575 5485 1752 5550 sicutdicit

115 5599 340 5678 apropinquis
366 5598 408 5662 ab
429 5600 598 5665 extraneis
613 5597 742 5676 praelia,
758 5595 845 5660 unde
865 5595 899 5656 in
953 5593 1069 5655 beatus
1084 5590 1264 5667 Gregorius
1284 5606 1291 5650 :
1309 5586 1451 5652 «Nullus
1467 5586 1501 5646 in
1516 5583 1749 5661 1111111111-
