3968 6204
177 298 234 360 111
637 302 813 364 aonoan
830 278 881 362 ἰιι
903 299 1052 363 ornan.
1068 330 1107 349 -
1124 300 1356 366 sennonns.
1766 306 1826 370 ιιι

177 461 288 524 autem
299 460 442 538 pessima
456 463 517 538 est,
534 463 611 543 qnia
624 465 753 527 mortuo
766 462 974 526 homineim-
1026 463 1143 539 tractu
1155 479 1323 528 macerem
1339 481 1486 529 aarum
1508 464 1621 548 (Prov.
1643 483 1739 541 xxm,
1754 468 1823 551 31),

177 559 244 637 plo,
260 559 353 622 nulla
369 577 445 638 spes
464 562 528 623 erit
542 561 582 624 de
601 577 652 625 eo.
680 562 757 624 Ideo
771 577 851 625 vero
866 562 970 636 nulla,
1027 560 1124 634 idest,
1137 565 1347 626 remunerate
1360 580 1434 626 eum
1456 580 1516 643 pro
1536 566 1691 643 operibus
1713 567 1823 629 bonis,

177 658 256 736 qula
270 658 305 719 in
320 658 452 721 inferno
466 660 559 722 nulla
574 661 624 723 est
637 661 831 740 redemptio.
1068 662 1150 724 Item
1173 683 1181 721 ε
1204 660 1321 723 beatus
1344 664 1467 725 Paulus
1491 663 1553 727 fuit
1571 665 1659 727 oliva
1679 666 1826 744 pretiosa

216 757 295 817 'l'ria
308 760 385 820 sunt
404 774 477 835 qum
496 757 634 819 multam
649 759 905 821 amaritudinem
920 759 975 819 in·
1027 758 1245 831 infractibus,
1260 761 1338 838 qnia
1349 762 1384 823 in
1397 762 1488 824 omni
1502 763 1641 826 scientia
1656 766 1690 826 et
1702 780 1827 842 opera-

178 854 307 918 cutiunt
333 856 488 917 morienti
511 878 520 916 :
542 860 645 919 hmor
665 856 791 930 saeculi,
819 858 973 921 anxietas
1027 857 1118 945 tione
1136 857 1199 921 fuit
1216 859 1392 937 perfectus.
1415 863 1455 923 Et
1469 861 1554 939 quod
1574 860 1701 924 huchue
1723 876 1827 940 opera

179 953 337 1018 exeundi.
361 953 462 1015 timor
484 953 588 1016 futuri
619 955 784 1034 supplicii.
800 958 879 1018 Haec
905 956 972 1017 mi·
1028 957 1212 1033 designent,
1234 959 1375 1021 testatur
1391 960 1551 1021 Dominus
1570 960 1605 1021 in
1625 960 1825 1038 Evangelio:

177 1051 285 1111 nuunt
302 1050 378 1112 dno.
395 1051 583 1114 assiduitas
595 1053 798 1131 poenitentiae
808 1052 850 1115 ab
860 1069 973 1115 amore
1028 1059 1102 1133 Epo
1114 1059 1215 1131 posui
1228 1071 1289 1119 coa
1304 1058 1344 1119 ut
1360 1058 1458 1130 cotts,
1480 1059 1514 1121 ct
1526 1058 1682 1133 fectum
1694 1059 1830 1135 affera-

176 1147 290 1210 saeculi
312 1148 481 1210 hominem
501 1152 646 1223 revocat,
663 1151 704 1212 ad
720 1151 846 1214 exitum
869 1151 973 1214 robo-
1029 1154 1074 1215 tte
1088 1154 1122 1216 ct
1134 1155 1270 1229 mactata
1281 1154 1399 1217 vester
1409 1157 1551 1219 creancet
1563 1154 1673 1236 (loen.
1684 1170 1742 1228 xv,
1759 1154 1826 1237 16).

176 1245 240 1318 rat,
257 1244 298 1307 de
312 1245 419 1324 poenis
433 1246 606 1310 confortat.
624 1248 774 1321 Qualiter
782 1249 871 1311 enirn
886 1264 975 1311 ama·
1029 1252 1169 1314 Fructus
1183 1254 1332 1333 Apostoli
1347 1270 1408 1316 nos
1423 1271 1547 1327 eumne,
1565 1270 1648 1334 qnos
1664 1254 1735 1332 ipse
1749 1270 1830 1332 spe-

175 1342 228 1404 ret
242 1342 400 1404 saeculurn
416 1342 473 1420 qni
493 1343 527 1405 in
547 1344 681 1414 saeculo,
698 1346 856 1423 quamdiu
876 1345 972 1419 vixit,
1029 1349 1159 1412 cialiter
1187 1349 1315 1413 fructus
1348 1368 1427 1413 snos
1457 1352 1616 1426 nominat,
1647 1352 1761 1414 dicens
1789 1351 1827 1414 in

176 1438 294 1503 habuit
318 1440 501 1515 cruciatus,
531 1443 568 1504 nt
591 1444 775 1505 mereretur
799 1443 835 1505 in
863 1443 974 1507 iuhrro
1028 1447 1174 1525 Epistola
1190 1447 1230 1510 ad
1247 1438 1433 1513 Romanos:
1454 1452 1655 1526 n'tonpuam
1669 1451 1824 1526 smectum

177 1536 337 1600 delectari
361 1539 395 1600 in
418 1540 602 1601 aeternuml
622 1540 828 1602 Desiderium
853 1540 974 1603 divinae
1027 1548 1212 1609 babeamus
1225 1550 1264 1609 iu
1277 1550 1382 1621 coho,
1403 1550 1493 1611 sinet
1509 1553 1547 1611 ln
1564 1550 1701 1612 caetcrts
1714 1552 1831 1628 penti-

176 1635 364 1714 praesentiae
379 1636 420 1699 ab
436 1653 549 1700 amore
564 1638 680 1700 saecnli
693 1638 802 1702 reddit
814 1638 971 1713 alienum,
1029 1648 1090 1706 bros
1105 1642 1213 1724 (Rom.
1229 1646 1254 1719 I,
1272 1645 1336 1726 13).
1351 1646 1467 1709 Videte
1478 1663 1577 1727 quam
1591 1648 1728 1725 pretiosi
1748 1651 1827 1711 sunt

177 1733 219 1795 ad
235 1735 360 1796 exitum
373 1736 541 1812 cupidum,
558 1753 731 1814 poenarum
746 1736 895 1799 oblitum.
911 1740 976 1798 hs-
1028 1740 1154 1805 fructus
1171 1745 1255 1820 ejus,
1277 1744 1366 1821 quia,
1384 1744 1438 1822 qui
1458 1745 1623 1823 quondam
1645 1762 1828 1825 perseque-

176 1831 316 1893 siduitas
331 1833 535 1910 poenitentiae
550 1835 601 1896 est
621 1834 656 1895 in
677 1835 870 1912 operatione
883 1838 974 1899 recta
1027 1835 1126 1898 batur
1148 1836 1330 1898 Ecclesiam
1352 1838 1486 1911 Christi,
1511 1837 1649 1900 trahens
1674 1839 1766 1899 viros
1793 1840 1827 1900 et

176 1929 327 2004 intentio,
345 1931 380 1991 in
391 1931 592 2007 cogitatione
604 1934 726 1995 munda
742 1933 923 2006 meditatio,
939 1935 975 1996 ut
1028 1934 1186 1996 mulieres
1201 1950 1259 2012 per
1271 1935 1397 2007 domos,
1414 1937 1450 1998 ut
1464 1937 1593 1998 vinctos
1608 1936 1827 2014 perducerent

177 2028 231 2089 his
246 2029 374 2090 duobus
400 2029 506 2091 oculls
533 2030 705 2093 videamus
730 2030 878 2094 salutare
901 2033 972 2094 Dei.
1029 2048 1086 2094 eos
1101 2032 1142 2094 ad
1157 2032 1384 2106 occidendum,
1408 2036 1522 2110 postea
1544 2035 1675 2097 rinctus
1697 2036 1826 2097 catenis

177 2127 377 2188 Oculoenim
389 2128 585 2190 intentionis
597 2129 863 2211 ridetUeumqui
876 2131 975 2214 qnid·
1028 2130 1163 2209 propter
1181 2146 1302 2193 nomen
1318 2131 1441 2193 Christi
1459 2130 1522 2195 luit
1540 2132 1694 2206 afflictus,
1716 2135 1749 2196 et
1763 2136 1828 2195 Ec-

178 2224 255 2304 quid
284 2225 373 2298 facit,
402 2225 482 2288 facit
501 2227 636 2305 propter
656 2230 771 2289 Deum.
788 2228 890 2290 Oculo
903 2246 975 2291 me-
1028 2229 1165 2292 clesianr
1186 2245 1247 2307 per
1263 2230 1456 2291 universum
1471 2230 1629 2292 mundum
1649 2231 1828 2294 aediflcarit

178 2324 349 2387 dilationis
364 2324 455 2387 ridet
472 2328 588 2397 Deum,
605 2325 662 2404 qui
685 2326 874 2389 meditando
892 2343 975 2390 con·
1028 2320 1088 2405 pro
1098 2324 1167 2389 vita
1188 2327 1378 2390 multorum.
1396 2328 1490 2391 Unde
1518 2329 1600 2406 ipse,
1622 2330 1826 2393 enumeratis

176 2424 332 2485 versatur
345 2422 380 2483 in
395 2422 490 2483 coelo.
508 2422 600 2495 Quod
624 2423 653 2484 si
675 2423 711 2484 hi
732 2424 796 2486 diro
821 2426 909 2487 oculi
924 2427 973 2488 tui
1028 2423 1198 2487 laboribus
1222 2426 1303 2498 suis,
1328 2427 1398 2489 ait:
1420 2429 1563 2489 Praeter
1582 2432 1639 2491 itta
1662 2443 1740 2504 quoe
1762 2444 1829 2491 cx-

178 2520 314 2582 rideant
333 2520 480 2582 salutare
495 2521 565 2595 bei,
587 2521 656 2583 noli
682 2521 799 2585 timere
820 2525 971 2597 mortem,
1029 2525 1200 2587 trtnsecus
1215 2525 1307 2597 sunt,
1328 2526 1497 2587 dimicatio
1518 2539 1596 2588 mea
1614 2528 1825 2601 quotidiano,

178 2618 256 2695 quia
271 2617 447 2681 dimitteris
467 2620 502 2680 in
526 2636 608 2697 pace
627 2619 838 2683 obdormiens
852 2622 887 2684 in
902 2625 972 2684 Do·
1027 2622 1215 2684 sollicitudo
1233 2624 1390 2684 omnium
1402 2625 1637 2685 Ecclestamcm
1652 2621 1682 2702 (1
1690 2624 1764 2684 Cor.
1776 2638 1825 2695 ιι,

175 2714 277 2779 mino.
294 2716 419 2777 Horum
441 2718 552 2779 autem
574 2717 631 2797 qui
648 2718 738 2780 videt
762 2721 877 2793 Deum,
894 2721 973 2798 qui·
1027 2715 1093 2797 28).
1110 2716 1204 2779 Unde
1225 2716 1261 2777 in
1272 2716 1409 2779 actibus
1423 2716 1676 2795 Apostolorum:
1698 2723 1830 2782 Paulus

176 2813 315 2875 busdam
330 2815 461 2878 ridetur
475 2817 510 2877 in
526 2815 729 2891 infirmitate,
751 2817 917 2881 tribulatis
939 2818 974 2879 in
1027 2816 1254 2888 contimucbat
1268 2830 1387 2878 emices
1406 2820 1565 2879 eocoemus
1589 2816 1624 2878 et
1641 2818 1825 2892 copulans

177 2912 311 2986 virtuts,
325 2913 479 2991 perfectis
496 2915 531 2975 in
557 2916 741 2993 majestate.
768 2917 829 2978 llis
843 2917 975 2979 ridetur
1027 2912 1226 2974 efrondens
1244 2914 1285 2973 dc
1301 2927 1409 2989 repub
1427 2916 1491 2975 Del
1509 2910 1594 2992 (hct.
1611 2928 1669 2985 xv,
1688 2912 1752 2993 41).
1776 2915 1827 2973 Ex

178 3011 215 3073 in
230 3011 332 3085 terra,
349 3011 417 3072 illle
432 3012 467 3073 ln
481 3014 577 3085 mari,
590 3012 657 3074 ilhs
672 3013 707 3074 in
720 3016 842 3077 monte.
856 3016 975 3077 Trans·
1028 3007 1163 3070 hctihus
1173 3009 1523 3088 autemhpostolorum
1533 3011 1565 3071 et
1575 3009 1824 3088 Epistolisejus

177 3108 382 3185 figuraturos
408 3111 554 3188 seipsum
576 3110 671 3174 duxit
695 3112 730 3174 in
757 3115 902 3176 montem
915 3117 975 3178 Ja-
1028 3106 1827 3185 fluctusipsiuspoteruntinveniri.BeatoPanlo

179 3205 309 3277 cabum,
330 3208 464 3270 Petrum
498 3211 532 3272 et
555 3211 729 3273 loannem.
757 3214 856 3275 Dives
871 3216 974 3276 Deum
1028 3205 1176 3283 loquitur
1196 3204 1373 3269 Psalmista
1395 3206 1534 3268 dicens:
1560 3208 1641 3269 Filii
1663 3207 1715 3267 ttct
1737 3208 1830 3269 sicut

177 3304 269 3366 videt
296 3304 332 3367 in
356 3308 541 3384 majestate.
565 3306 645 3372 Esto
669 3309 813 3373 Jacobns
831 3310 867 3372 in
893 3328 974 3391 pace
1028 3309 1169 3366 rtooetloe
1189 3306 1361 3369 alvarum
1381 3308 1420 3367 tn
1438 3305 1588 3368 circuitu
1605 3320 1736 3368 ancora
1755 3304 1827 3366 trae

179 3402 333 3480 plantans
347 3404 489 3466 virtutes
501 3405 535 3467 et
555 3406 773 3484 supplantans
787 3409 880 3472 vitia.
897 3412 974 3472 Esto
1030 3398 1100 3481 (PE
1115 3400 1183 3475 127,
1199 3400 1246 3482 3)·

179 3500 299 3562 Petrus
311 3500 346 3561 in
360 3501 554 3575 tentatione,
572 3506 605 3565 et
616 3504 651 3565 in
665 3505 805 3583 utroque
814 3509 972 3581 loannes,
1069 3502 1184 3562 Mensa
1205 3499 1353 3579 Apostoli
1368 3502 1464 3564 Pauli
1481 3503 1532 3565 est
1545 3502 1695 3566 doctrina
1711 3505 1824 3565 Evan-

179 3592 361 3675 perfectum
376 3601 469 3661 tuum
484 3601 517 3662 et
531 3600 793 3665 immobilitatem
807 3604 899 3666 tuam
912 3605 977 3666 im·
1029 3598 1228 3676 geliifquam
1242 3599 1277 3660 in
1289 3599 1532 3677 epistolissuis
1547 3600 1642 3663 nobis
1658 3600 1827 3663 mirabili·

180 3699 311 3774 plitans,
330 3713 396 3759 non
410 3697 471 3761 tibi
486 3698 542 3760 sed
558 3698 676 3776 gratiae
690 3701 761 3763 Del.
1030 3697 1083 3758 ter
1109 3697 1438 3775 praepararitulbus
1467 3699 1567 3777 napus
1593 3716 1718 3762 meree
1750 3700 1830 3761 sunt

220 3796 301 3858 Item
316 3818 325 3858 ε
340 3795 456 3859 beatus
485 3798 610 3859 Paulus
637 3798 700 3861 fuit
720 3800 809 3862 oliva
828 3801 975 3877 spatiosa
1031 3793 1220 3857 difficiliora
1239 3796 1273 3858 et
1291 3795 1486 3859 obscuriora
1505 3797 1578 3859 loca
1593 3796 1828 3875 Epistolarum.

179 3894 215 3955 in
241 3892 425 3969 frondibus,
448 3896 545 3969 idest,
575 3896 610 3958 ln
636 3897 856 3973 sermonibus,
885 3901 973 3978 quia,
1031 3892 1126 3954 Unde
1139 3893 1186 3955 ait
1201 3894 1318 3955 Petrus
1331 3914 1339 3954 :
1353 3897 1396 3954 In
1407 3898 1529 3969 qulbus
1539 3896 1623 3955 scant
1633 3896 1831 3969 difficiliora

180 3991 266 4054 sicut
276 3991 357 4055 dicit
371 3993 475 4055 David
492 4011 500 4049 ε
516 3997 560 4055 ln
574 4009 710 4058 ornem
722 3998 858 4060 terram
871 4012 977 4062 sortus
1030 3992 1202 4054 intellectu
1217 3988 1262 4072 (ll
1277 3991 1348 4054 Pet.
1364 4005 1415 4064 ιιι,
1432 3988 1496 4070 fd).
1518 3990 1612 4053 Unde
1626 3991 1698 4067 ipse
1712 3993 1748 4053 in
1761 3992 1832 4054 eis·

175 4092 437 4165 praedicationis
451 4092 486 4154 et
499 4096 605 4154 uerba
619 4095 694 4166 aas
704 4097 741 4156 ln
751 4111 870 4158 omncs
889 4099 977 4170 flurs
1031 4090 1105 4151 dem
1118 4112 1126 4149 ι
1140 4089 1296 4166 Epistola
1307 4104 1427 4166 graves
1442 4089 1519 4151 sunt
1532 4089 1565 4150 et
1578 4086 1735 4163 fortes,et
1748 4107 1831 4169 per-

181 4188 291 4250 tcrroc
305 4186 375 4268 (Ps.
391 4189 444 4260 28,
471 4187 517 4269 5).
546 4190 585 4252 Et
605 4191 692 4269 quod
711 4190 790 4254 folia
803 4193 904 4255 verba
919 4195 979 4256 de-
1031 4188 1193 4250 lectorum
1207 4187 1258 4249 est
1271 4186 1396 4248 solidus
1411 4186 1515 4248 cibus.
1533 4189 1634 4249 Potus
1648 4190 1726 4250 sunt
1741 4187 1830 4251 iaci-

182 4285 329 4362 anghant,
356 4285 500 4349 testatur
524 4287 629 4350 David
654 4310 663 4351 τ
687 4290 734 4352 ut
757 4293 877 4367 satum
902 4295 978 4366 ejus
1032 4283 1829 4363 lioraetplanioralocaearumdernepistolarnm.

180 4397 250 4445 reon
267 4383 395 4457 defluet
418 4381 489 4465 (Ps.
513 4384 542 4457 l,
569 4382 616 4465 3),
640 4386 741 4462 idest,
767 4404 853 4452 rana
877 4389 978 4452 verba
1033 4383 1148 4445 Unde:
1165 4384 1232 4445 Lac
1259 4384 1371 4462 potum
1398 4382 1475 4445 dedi
1502 4382 1688 4457 vobis,non
1707 4400 1830 4447 escam.

181 4497 249 4543 non
264 4481 427 4560 loquetur.
445 4482 539 4545 Unde
559 4483 686 4562 ipsein
711 4487 857 4564 Epistola
880 4488 921 4550 de
942 4505 979 4551 se
1033 4483 1172 4546 Diversa
1182 4480 1307 4544 fercula
1322 4483 1401 4545 sunt
1413 4481 1553 4544 diversae
1567 4481 1829 4555 exhortationes,

182 4576 293 4644 dicit:
320 4584 587 4645 delassatam
619 4585 656 4645 tn
692 4586 839 4646 coralite
871 4601 979 4661 caprae
1034 4580 1265 4661 quibusquam
1284 4579 1480 4658 quibusdam
1499 4578 1759 4643 ferculisanima
1774 4596 1833 4641 re-

181 4682 226 4741 ad
253 4682 422 4744 [Utrfmon
445 4684 576 4757 reptavi
600 4684 829 4758 Evnnpettum
851 4685 980 4747 Christi
1034 4678 1146 4741 ficitur
1165 4696 1206 4741 ac
1229 4679 1380 4741 satiatur.
1405 4678 1520 4740 (libum
1545 4676 1698 4756 proponit
1718 4694 1832 4739 coram

184 4775 294 4856 (Rom.
311 4794 368 4852 xv,
385 4776 449 4860 19).
466 4778 515 4840 hb
533 4779 667 4841 Oriente
686 4779 774 4841 enim
790 4796 907 4842 cursor
920 4797 981 4843 re-
1034 4775 1141 4850 nobis‚
1163 4792 1237 4838 cum
1258 4777 1335 4838 fidei
1354 4776 1480 4854 praebet
1502 4776 1698 4849 doctrinam,
1718 4776 1832 4853 potum

183 4875 294 4937 rltatis
309 4875 485 4954 incipiens,
503 4877 538 4938 in
558 4877 728 4940 occidente
741 4878 877 4958 quievit.
890 4872 979 4942 Bea-
1035 4890 1110 4936 cum
1122 4874 1258 4936 instruit
1269 4874 1302 4936 et
1317 4873 1473 4938 informat
1486 4890 1607 4936 mores.
1621 4873 1756 4952 Dapifer
1767 4873 1834 4934 hu-

183 4977 238 5034 tus
252 4973 375 5035 Paulus
397 4974 460 5037 fnit
476 4975 566 5037 oliva
589 4976 736 5053 pretiosa
754 4976 977 5053 infractibus
1030 4974 1087 5049 JUS
1110 4986 1233 5033 1110ssssae
1257 4970 1319 5033 suit
1337 4970 1500 5043 Christus,
1519 4972 1575 5049 (1¹1i
1594 4971 1625 5033 θῑ
1641 4971 1752 5033 Omnia
1767 4969 1834 5030 mi·

185 5071 264 5149 quia
287 5071 373 5133 sicut
396 5071 523 5134 fructus
556 5073 711 5137 reficiunt
740 5074 982 5139 delectabiliter
1035 5068 1208 5133 nistrabat·
1227 5067 1321 5132 Unde
1341 5070 1412 5132 aii:
1433 5070 1724 5144 Eoelleft‘melillfm
1738 5085 1835 5143 dilw-

184 5169 402 5238 rentrem,ita
418 5170 980 5249 scientiaetsapienlia,etvirtutes
1035 5168 1117 5230 titis
1148 5171 1224 5243 ejus
1252 5170 1312 5243 dui
1342 5170 1379 5228 ill
1407 5182 1464 5229 me
1497 5168 1648 5242 locatim·
1675 5167 1835 5230 coreno

190 5269 219 5331 ·t
243 5267 338 5329 bonae
360 5267 570 5344 operationes
594 5268 682 5332 beati
711 5270 807 5332 Pauli
831 5272 982 5335 illustra·
1037 5265 1082 5342 (ll
1096 5267 1171 5328 Cor.
1186 5281 1262 5334 xnr,
1277 5263 1323 5345 3).

186 5366 264 5428 runt
274 5366 307 5427 et
320 5364 571 5428 sanctificarunt
594 5382 708 5429 omnes
725 5368 888 5443 homines,
903 5371 981 5448 quia
1076 5363 1153 5426 Filii
1167 5363 1316 5441 Apostoli
1340 5378 1455 5425 omnes
1476 5379 1538 5425 nos
1559 5380 1673 5424 sumus
1695 5362 1751 5441 qui
1773 5376 1835 5440 per

186 5463 272 5524 sicut
287 5463 366 5523 luna
382 5461 550 5526 illuminat
564 5467 704 5538 noctem,
725 5466 773 5527 ita
788 5468 980 5544 praedicatio
1035 5461 1265 5539 magisterium
1287 5462 1359 5539 ejus
1382 5462 1415 5522 et
1438 5462 1593 5524 ducatum
1607 5461 1642 5522 ln
1666 5460 1834 5522 Christum

187 5559 294 5623 sancti
309 5559 406 5622 Pauli
420 5560 982 5629 illuminarittotumorbemUrle
1037 5559 1212 5634 credimus,
1239 5558 1359 5638 quibus
1382 5558 1456 5638 ipse
1479 5559 1591 5621 dixit:
1616 5562 1728 5621 Etliott'
1750 5561 1832 5630 mci,

187 5658 342 5723 Salomon
376 5658 410 5721 in
442 5659 633 5724 Proverbiis
662 5659 742 5723 ait:
771 5664 860 5726 flate
888 5667 921 5727 ci
941 5669 982 5731 cle
1037 5673 1121 5736 cacos
1151 5659 1281 5722 iterum
1308 5658 1494 5734 perferto,
1528 5657 1638 5719 dorrec‘
1659 5656 1837 5733 foraretur
