3982 6196
216 297 284 359 ‚511
844 288 1021 354 HONORH
1042 285 1087 352 111
1109 286 1257 354 OPERA·
1817 286 1874 356 5⁴12

227 451 581 518 excommunicationis
607 450 791 514 districtius
819 449 1018 524 inhibemus,
1074 450 1165 515 tione
1176 448 1385 528 incoepimus‚
1399 449 1549 513 nolentes
1559 446 1753 531 relinquere
1761 453 1877 530 imper·

227 554 360 632 nequis
386 569 460 614 cum
482 548 688 613 Fanensibus
715 548 901 621 antedictis,
916 548 1020 610 donec
1075 549 1207 621 fectum,
1232 547 1442 624 praebendam
1466 565 1565 625 quam
1587 549 1685 611 bonae
1708 551 1877 613 memoriae

227 667 328 728 super
339 649 520 729 praemissis
532 648 638 709 eidem
654 648 820 725 episcopo,
834 646 1021 710 etFanensi
1075 646 1234 723 magister
1246 644 1437 723 Raynaldus
1453 644 1675 709 subdiaconus
1691 649 1725 710 et
1736 649 1879 726 capella⁴

227 749 378 812 ecclesiae
419 761 565 826 congrue
606 745 845 816 satisfecerint,
886 744 1021 822 aliquod
1076 761 1138 806 nus
1152 745 1266 806 noster
1287 743 1602 806 inecclesiavestra
1617 745 1773 819 obtinuit,
1791 763 1879 824 prae-

225 845 406 924 praesumat
432 843 666 907 commercium
689 858 858 905 exercere.
879 841 1021 918 Ideoque
1076 842 1319 905 dictoJohanni
1342 840 1384 903 de
1403 858 1505 903 manu
1521 844 1635 905 nostra
1660 844 1876 917 contulimus,

227 944 437 1006 universitati
457 945 577 1005 vestrae
604 957 663 1019 per
686 940 875 1019 Apostolica
897 940 1021 1015 scripta
1076 940 1162 1017 quod
1176 954 1357 1016 aeramen
1368 940 1519 1003 ecclesiae
1528 942 1649 1002 vestrae
1661 958 1728 1003 non
1738 942 1879 1018 potestis

226 1042 262 1102 in
272 1040 395 1103 virtute
409 1039 604 1102 obedientiae
620 1038 778 1100 districtae
797 1036 1021 1114 praecipiendo
1075 1037 1199 1110 dicere,
1215 1036 1272 1098 sed
1287 1037 1449 1111 levamen,
1464 1054 1539 1100 cum
1554 1054 1776 1116 personarum
1788 1042 1879 1116 eius-

227 1139 434 1211 mandamus,
456 1139 618 1215 quatenus
644 1136 767 1212 singuli
790 1149 849 1213 per
870 1134 1021 1196 civitates
1076 1136 1150 1197 dem
1162 1135 1498 1197 ecclesiaenumerum
1511 1137 1805 1211 nonauxerimus3
1823 1137 1878 1197 sed

227 1238 260 1299 et
274 1237 433 1298 dioeceses
445 1240 574 1298 vestras
589 1234 729 1310 singulis
749 1233 865 1294 diebus
877 1231 1022 1294 domini·
1075 1235 1221 1295 restrum
1234 1248 1295 1310 pro
1309 1234 1480 1305 extraneo,
1497 1234 1530 1295 et
1543 1234 1658 1295 notum
1672 1232 1770 1295 vobis
1785 1234 1879 1295 dede-

227 1336 275 1396 cis
299 1324 335 1396 et
359 1333 487 1395 festivis
512 1348 571 1410 per
591 1347 650 1394 vos
672 1332 705 1393 et
724 1331 872 1393 subditos
891 1330 1020 1392 vestros
1075 1330 1180 1392 rimus
1209 1346 1269 1408 pro
1299 1331 1424 1407 ignoto.
1451 1331 1593 1408 Ideoque
1610 1348 1670 1408 per
1688 1331 1879 1409 apostolica

227 1431 298 1492 haec
312 1430 504 1494 solemniter
517 1429 735 1507 publicantes,
747 1445 788 1490 ea
804 1427 1018 1505 praecipiatis,
1075 1427 1169 1490 robis
1192 1428 1315 1506 scripta
1330 1428 1553 1507 precipiendo
1568 1429 1779 1502 mandamus,
1797 1446 1880 1507 qua-

227 1529 416 1599 etfaciatis,
433 1528 592 1605 quantum
614 1526 756 1588 invobis
778 1525 889 1598 luerit,
910 1524 1019 1585 tirmi-
1074 1528 1171 1588 tenus
1195 1526 1394 1603 recipientes
1419 1526 1570 1588 eumdem
1583 1526 1637 1587 vel
1652 1530 1726 1603 ejus
1744 1528 1877 1588 nomine

226 1628 280 1688 ter
308 1625 490 1702 observari.
519 1623 728 1686 Denuntietis
759 1623 859 1684 etiam
895 1622 1020 1684 eisdem
1076 1624 1324 1701 procuratorem
1345 1625 1381 1687 in
1402 1624 1599 1686 canonicum
1618 1625 1650 1686 et
1670 1625 1705 1684 in
1725 1622 1874 1697 fratrem,

227 1722 436 1785 Fanensibus
452 1721 538 1799 quod
551 1721 581 1782 si
593 1721 651 1782 diu
669 1720 705 1781 in
727 1735 787 1781 sua
812 1720 1021 1781 contumacia
1076 1722 1171 1799 eique
1183 1720 1317 1783 stallum
1330 1722 1367 1783 in
1379 1721 1491 1795 choro,
1508 1722 1541 1783 et
1555 1722 1665 1782 locum
1679 1720 1715 1781 in
1727 1721 1877 1799 capitulo

227 1819 492 1897 perduraverint,
509 1818 664 1895 poterunt
678 1833 744 1879 non
763 1816 928 1878 immerito
947 1815 1020 1877 sor·
1072 1820 1169 1895 juxta
1196 1819 1350 1881 ecclesiae
1370 1820 1492 1881 vestra
1520 1818 1797 1880 consuetudinem
1817 1835 1876 1880 as·

227 1917 355 1978 midare
386 1931 428 1977 ne
456 1915 623 1977 civitatem
656 1915 806 1992 ipsorum
840 1912 1020 1991 episcopali
1076 1914 1256 1992 signantes,
1274 1915 1381 1994 ipsum
1402 1914 1550 1977 fraterna
1568 1915 1719 1977 tractetis
1740 1914 1778 1976 in
1806 1918 1877 1976 boe

228 2014 389 2090 dignitate
404 2012 583 2091 privemus,
611 2011 699 2074 utin
723 2026 789 2088 quo
810 2009 1022 2088 deliquerunt
1076 2011 1166 2074 mino
1181 2013 1331 2085 caritate,
1359 2011 1503 2074 scientes
1526 2028 1587 2074 nos
1606 2011 1737 2074 dilectis
1759 2011 1876 2073 filiis...

223 2109 452 2186 justojudlcio
465 2109 656 2186 puniantur,
678 2124 717 2169 ac
740 2123 856 2169 eorum
871 2107 1021 2169 insolen-
1076 2110 1297 2183 canoellario‚
1327 2110 1362 2172 et
1395 2110 1565 2187 magistris
1598 2111 1817 2182 bonoamico,
1846 2111 1880 2172 et

225 2207 308 2268 tiam
319 2206 576 2284 comprimemus
599 2191 895 2283 polentia'bracbii
913 2220 1022 2267 saecu-
1076 2202 1216 2269 eirardo
1224 2201 1266 2268 de
1275 2207 1434 2270 Gentiaco
1445 2207 1615 2269 canonicis
1625 2207 1808 2269 Bituricen.
1822 2217 1879 2284 per

228 2304 321 2365 laris
1076 2305 1207 2366 nostros
1242 2305 1373 2366 dedisse
1398 2305 1526 2366 litteras
1552 2305 1589 2365 in
1612 2304 1800 2382 praeceptis,
1831 2305 1876 2376 ut,

267 2401 385 2463 Datum
398 2398 580 2472 Ferentini,
604 2399 744 2477 septimo
757 2399 919 2461 kalendas
930 2400 1025 2463 octo-
1076 2402 1170 2463 vohis
1184 2402 1220 2463 in
1239 2402 1385 2465 mandati
1401 2402 1506 2464 nostri
1528 2402 1725 2464 executione
1740 2417 1880 2464 cessan-

228 2498 310 2569 bris,
322 2497 533 2575 pontificatus
543 2496 649 2558 nostri
663 2512 752 2559 anno
766 2497 923 2559 secundo.
1075 2499 1174 2568 tibus,
1190 2494 1254 2576 ipsi
1269 2515 1329 2561 ros
1344 2494 1384 2561 ad
1396 2499 1429 2560 id
1440 2509 1685 2576 percensuram
1699 2500 1879 2560 ecclesias·

268 2594 340 2655 Dat.
348 2592 749 2671 die25septembris1217‚
758 2593 874 2671 pontii,
882 2608 969 2654 anno
979 2594 1020 2653 ΙΙ,
1075 2596 1176 2659 ticam
1202 2594 1331 2658 sublato
1353 2595 1532 2674 cujuslibet
1553 2590 1829 2657 contradictionis
1848 2592 1880 2656 el

1077 2693 1309 2771 appellationis
1333 2692 1567 2769 impedimento
1582 2692 1794 2770 compellant
1814 2694 1880 2754 Da-v

533 2768 717 2859 XXXVII
1077 2792 1146 2853 tum
1162 2789 1331 2852 Ferentini
1345 2793 1440 2851 sexto
1453 2789 1612 2852 kalendas
1628 2789 1776 2852 octobris
1790 2802 1878 2851 anno

265 2923 318 2984 Ad
336 2925 543 2997 episcopum,
565 2926 734 2983 damnum
749 2917 784 2983 el
797 2914 985 2996 capitulum
1077 2887 1234 2950 ⁸00U11d0·

483 3021 750 3081 Lem-ommes,
1117 2988 1155 3047 In
1169 2984 1320 3047 eumdem
1335 2984 1404 3046 sere
1428 2984 1562 3046 modum
1577 2978 1738 3063 scriptum
1754 2978 1806 3045 est
1825 2994 1881 3044 su-

1078 3096 1137 3159 per
1146 3082 1209 3144 hoc
1218 3081 1354 3155 eisdem,
1368 3082 1481 3144 verbis
1494 3083 1719 3159 competenter
1730 3082 1877 3144 mutatis.

513 3139 548 3196 ²⁶
560 3146 632 3212 ⁸²1³·
650 3132 730 3197 Μ·
1078 3179 1169 3252 Quod
1185 3180 1214 3240 si
1237 3195 1303 3241 non
1318 3190 1444 3252 omnes,
1462 3180 1536 3252 etc,
1554 3179 1619 3241 duo
1639 3182 1801 3250 restrum,
1816 3180 1876 3240 etc.

272 3244 382 3308 [liegest
394 3243 441 3294 lib.
454 3240 485 3303 11,
498 3243 573 3310 epist.
583 3243 639 3294 osb.
652 3244 710 3294 lias.
721 3244 759 3295 La
769 3244 845 3294 Porta
854 3243 888 3294 du
898 3244 991 3310 Thali]

256 3348 373 3409 Mandat
384 3358 415 3407 ul
425 3350 559 3408 clericum
569 3353 594 3408 J.
611 3350 640 3407 in
655 3350 826 3409 canonicum
836 3351 986 3423 rccipiunt.
1161 3357 1165 3364 ’
1375 3365 1579 3454 XXXVIII

264 3476 443 3546 Honorius,
457 3479 532 3550 etc,
548 3476 733 3539 venerabili
754 3476 851 3539 fratri
868 3478 1023 3555 episcopo

224 3574 258 3635 et
291 3573 420 3636 dilectis
454 3573 590 3647 decano,
627 3575 661 3637 et
685 3574 830 3650 capitulo
870 3575 1025 3636 Lemovi-
1220 3616 1387 3675 decanum
1402 3613 1436 3674 et
1449 3616 1742 3676 archidiaconum.

224 3685 314 3731 cens.

265 3767 350 3828 Olim
364 3766 459 3829 robis
473 3766 604 3829 dedisse
624 3767 803 3830 recolimus
827 3767 862 3830 in
884 3763 1025 3830 manda·
1361 3734 1483 3807 ΜΝ·
1500 3736 1580 3793 ¹²¹⁷·

224 3864 279 3937 tis,
304 3865 340 3926 ut
365 3864 520 3926 dilectum
542 3864 647 3927 illium
674 3866 859 3929 iohannem
888 3864 1023 3927 fratrem
1125 3844 1843 3915 [3111513111νονῆ638·Μ”·ΜΡο110111ΤΜΙ·1

224 3961 337 4023 dilecti
355 3962 417 4023 illil
443 3962 595 4039 magistri
618 3965 672 4024 W.
699 3962 823 4025 notarii
838 3963 942 4024 nostri
963 3978 1023 4040 pro
1078 3967 1170 4024 Lirem
1185 3965 1303 4022 remittit
1316 3963 1507 4022 dirimendam
1522 3964 1596 4023 iuter
1608 3965 1768 4023 canonicos
1781 3967 1809 4024 S.
1823 3966 1879 4024 Ve-

224 4059 413 4120 rererentia
438 4061 564 4128 nostra,
592 4058 625 4121 et
643 4057 759 4121 obtutu
782 4058 930 4136 ejusdem
952 4074 1025 4119 ma·
1113 4053 1186 4112 desti
1199 4062 1230 4112 et
1239 4052 1414 4111 abbatissam
1429 4053 1597 4111 monialium
1609 4053 1741 4112 ecclesiae
1758 4055 1881 4113 S.Bene-

223 4155 320 4230 gistri
342 4156 538 4231 reciperetis
551 4155 587 4215 in
602 4157 799 4217 canonicum
815 4157 974 4224 vestrum,
991 4154 1025 4217 et
1114 4141 1192 4200 (¹5⁰⁰-

224 4250 570 4318 fratremnonobesse
582 4251 714 4328 quidem
722 4254 842 4314 restrae
851 4252 1023 4314 credentes
1119 4247 1297 4321 Honorius,
1317 4249 1394 4323 eto„
1409 4250 1539 4313 dilectis
1558 4250 1637 4311 filiis
1657 4248 1772 4313 abbati
1788 4254 1880 4314 Lon·

225 4347 386 4419 ecclesiae,
401 4347 458 4408 sed
473 4347 640 4425 prodesse,
655 4362 755 4425 quum
775 4349 881 4410 eidem
896 4350 1025 4412 lohan-
1077 4348 1223 4425 gipontis
1253 4348 1467 4410 suessionen.
1497 4348 1661 4421 dioecesis,
1683 4348 1825 4421 decano,
1849 4350 1881 4411 et

224 4445 278 4506 nis
307 4443 466 4506 honestas
494 4445 527 4506 et
553 4445 694 4507 scientia
722 4445 963 4522 suflragcntur,
991 4448 1024 4508 et
1077 4444 1107 4508 J.
1124 4444 1361 4507 archidiacono
1377 4446 1591 4506 Suessionen.

225 4541 382 4620 praefatus
391 4543 560 4618 magister,
570 4543 626 4620 qui
642 4559 711 4605 suae
721 4544 839 4605 merito
849 4543 1022 4621 probitatis
1118 4542 1311 4605 constitutis
1337 4540 1373 4603 in
1402 4543 1579 4619 praeseutia
1606 4543 1721 4605 nostra
1747 4542 1879 4605 dilectis

224 4640 331 4714 nobis,
355 4641 387 4702 et
406 4639 564 4702 iratribus
579 4640 704 4703 nostris
720 4642 835 4717 gratus
849 4642 900 4703 est
919 4644 952 4704 et
966 4657 1025 4704 ac·
1078 4638 1157 4701 filiis
1171 4643 1201 4703 J.
1218 4639 1379 4702 canonico
1398 4640 1549 4702 ecclesiae
1564 4640 1671 4702 sancti
1684 4638 1837 4711 Vadasti,
1850 4643 1881 4701 et

224 4739 350 4816 ceptus,
376 4737 471 4799 robis
490 4739 523 4800 et
541 4738 606 4816 ipsi
631 4738 782 4800 ecclesiae
802 4738 898 4815 grata
920 4739 1025 4816 possit
1078 4740 1122 4800 M.
1146 4737 1339 4815 presbytero
1366 4738 1624 4815 procuratori...
1647 4734 1830 4799 abbatissa
1844 4752 1882 4798 ao

225 4836 382 4913 obsequia
416 4835 586 4898 exhibere.
621 4838 688 4898 Vos
723 4836 834 4898 autem
868 4837 1023 4899 mandato
1078 4835 1272 4898 monialium
1297 4835 1449 4898 ecclesia
1469 4834 1575 4898 sancti
1595 4835 1768 4897 Benedicti
1784 4835 1884 4897 Auri·

225 4935 339 4995 nostro
365 4934 399 4995 et
425 4933 663 4997 monitionibus
691 4950 821 5007 eorum,
849 4951 932 5012 quos
959 4934 1023 4996 sibi
1078 4932 1599 5005 macen,Lauduncn.dioecesis,
1609 4933 1770 4995 dilectum
1779 4932 1883 4995 illium

224 5031 407 5092 monitores
433 5032 661 5105 concedimus,
690 5074 849 5093 ........
874 5033 1024 5110 recipere
1078 5032 1117 5092 R.
1134 5030 1343 5108 capellanum
1369 5030 1518 5093 nostrum
1537 5030 1767 5091 concessimus
1782 5030 1882 5091 audi-

155 5114 161 5120 ’
223 5144 292 5191 non
328 5128 472 5189 curastis
506 5130 675 5202 eumdem,
716 5129 840 5192 habere
874 5129 1023 5192 volentes
1077 5130 1195 5200 torem,
1221 5143 1333 5190 coram
1357 5143 1423 5205 quo
1445 5128 1532 5189 idem
1546 5129 1576 5190 l.
1592 5128 1780 5204 proposuit,
1797 5127 1882 5206 quod

223 5228 344 5289 vestrae
357 5224 589 5288 inobedientiae
604 5228 825 5290 velamentum
841 5228 926 5307 quod
936 5228 1022 5289 idem
1078 5226 1157 5287 olim
1183 5225 1274 5302 ipso,
1309 5226 1343 5286 et
1375 5224 1572 5302 quibusdam
1605 5223 1683 5285 aliis
1711 5224 1883 5286 canonicis

222 5323 385 5386 beneficia
408 5323 559 5401 quaedam
580 5324 729 5387 noscitur
749 5324 911 5398 obtinere,
927 5327 1023 5403 quasi
1078 5323 1185 5385 eidem
1200 5323 1306 5385 sancti
1317 5322 1452 5385 vedasti
1466 5322 1628 5395 ecolesiae,
1640 5320 1750 5383 felicis
1763 5337 1885 5384 memo-

1117 3519 1171 3579 Ad
1190 3517 1347 3579 abbatem
1369 3517 1593 3592 Lorzpwontls
1614 3518 1793 3602 Seressrjou.
1809 3517 1842 3578 el

225 5421 362 5483 cuilibet
373 5420 525 5483 assecuto
540 5421 652 5499 aliqua
664 5421 826 5483 beneficia
842 5423 1023 5500 praeclusus
1078 5423 1138 5483 riae
1164 5421 1357 5482 innocentio
1381 5435 1474 5498 papae
1503 5419 1742 5498 praedecessori
1768 5419 1883 5482 nostro
1973 5456 1974 5467 κ

225 5519 269 5580 sit
294 5519 402 5579 aditus
429 5518 471 5579 ad
492 5522 632 5595 majora.
656 5521 726 5581 Nos
748 5522 859 5583 autem
881 5521 968 5598 quod
982 5521 1024 5582 de
1078 5517 1320 5590 intimantibus,
1337 5517 1424 5595 quod
1439 5533 1540 5594 quum
1554 5515 1671 5579 eadem
1684 5516 1833 5578 ecclesia
1849 5517 1883 5576 in

224 5613 283 5672 illo
299 5615 487 5688 specialiter
501 5617 651 5692 praedicti
671 5618 821 5694 magistri
837 5619 1024 5682 considera·
1078 5633 1143 5696 qua
1159 5617 1210 5679 est
1224 5615 1449 5680 duodenarius
1465 5614 1705 5679 canonicorum
1722 5620 1883 5675 numerus
