3900 6202
724 286 955 351 EPISTOLAE.
978 286 1056 348 LIB.
1080 286 1106 347 1.
1681 290 1739 352 iso

107 296 163 359 145

104 451 160 517 bis
181 450 213 511 et
225 443 491 525 possessionibus
515 443 640 509 habitis
661 445 696 507 et
715 443 889 516 habendis
945 444 1448 524 indignationemomnlpotentis
1461 444 1739 510 Deietbeatorunr

10 576 12 623 j
105 551 135 611 et
152 547 259 624 ipsum
276 543 426 607 ordinem
445 547 584 621 ejusque
610 540 837 621 possessiones
858 542 892 603 et
945 543 1035 606 Petri
1053 544 1086 605 et
1107 543 1203 604 Pauli
1220 544 1445 621 apostolorum
1460 547 1532 622 eius
1550 559 1588 605 se
1609 544 1740 607 nouerit

101 648 181 723 jura,
193 641 255 704 sub
264 642 378 704 nostra
387 640 629 726 gubernatione
640 641 674 702 et
686 640 890 717 protectione
944 639 1168 703 incursurum.
1185 642 1304 703 Datum
1330 645 1443 705 Rornae
1466 642 1554 721 apud
1581 642 1739 707 Sanctum

103 738 304 817 suscipimus.
331 740 451 801 Datum
477 739 591 800 Romae
619 737 707 816 apud
738 739 771 799 S.
789 736 889 799 Sabi-

10 910 11 915 ,
103 851 182 909 nam,
203 837 251 897 xi
273 833 342 897 lsai.
365 834 529 913 januarii,
551 833 764 914 pontificatus
784 833 890 898 nostri

102 946 315 1010 mnoprimo.

427 1108 554 1197 CXIII

102 1315 146 1375 Ad
165 1312 375 1388 potestatem
406 1313 441 1375 et
461 1315 627 1388 poputum
660 1312 886 1374 Mutinences.

388 1425 424 1484 23
438 1423 501 1485 doc.
518 1426 599 1484 iiio.

168 1545 341 1611 [lirsboscbb
355 1546 440 1600 storia
449 1546 634 1608 dillonantols,
647 1556 666 1600 t.
677 1549 698 1609 1,
710 1562 737 1614 p.
750 1548 819 1616 trop

101 1689 217 1747 mrum
230 1688 319 1761 carpi
330 1694 360 1747 ct
373 1695 498 1747 ossuum
508 1690 613 1750 Montis
627 1693 810 1765 Bormonis,
826 1711 890 1770 qun

129 1774 236 1834 luerent
255 1777 297 1835 cl.
316 1792 357 1835 m.
380 1778 534 1836 comitisse
554 1779 714 1850 Metbildis,
734 1797 798 1844 cunr
823 1799 887 1843 cur·

9 1936 13 1945 Ι
129 1863 328 1923 sinmetriis
351 1866 530 1937 pertinentiis
557 1874 685 1940 tempore
712 1885 765 1927 suo
790 1881 887 1931 custo·

129 1950 405 2011 dieudacommiitit.

9 2160 10 2175 ἶ
132 2095 301 2158 Honorius
313 2095 805 2175 episcopusservusservorum
814 2104 887 2180 Dei,

101 2191 219 2255 dilectis
238 2192 326 2254 liliis
342 2193 496 2272 potestati
515 2197 549 2258 et
569 2197 887 2277 populobdutinensi,

101 2288 891 2475 'ffldmstolicoeproridentiaprovidepen-

101 2498 168 2545 ssns
182 2499 310 2547 causas
330 2484 479 2549 locorum
491 2488 525 2550 et
537 2489 734 2568 temporum,
750 2494 784 2556 et
807 2493 888 2556 dili-

101 2582 203 2658 genter
229 2582 412 2646 attendens
438 2586 557 2648 merita
585 2588 809 2665 singulorum,
836 2590 890 2653 bis

99 2679 149 2756 cui
160 2678 294 2743 firmius
309 2685 556 2747 consueverunt
570 2685 607 2746 iu
621 2688 694 2763 ejus
715 2686 890 2752 devotione

9 2832 14 2861 ι
101 2777 286 2853 persistere,
301 2778 436 2841 ebenus
451 2783 625 2844 consuevit
634 2784 777 2859 gratiam
792 2786 891 2847 exhi-

100 2871 188 2949 bere;
211 2876 249 2938 ut
276 2876 309 2939 et
329 2876 465 2940 devotos
486 2877 551 2939 sibi
572 2878 746 2943 beneflciis
772 2883 891 2946 reddat

10 2960 14 3055 J
99 2972 193 3047 magis
207 2971 388 3046 obnoxios,
405 2973 438 3037 et
450 2974 585 3038 illorum
600 2977 752 3055 exemplo
766 2980 808 3041 ad
830 2980 891 3043 de-

10 3128 11 3141 ,
100 3068 257 3131 sotionem
283 3084 379 3131 suam
407 3074 564 3148 provocet
590 3073 773 3138 indevotos.
804 3078 890 3140 Hinc

10 3148 11 3225 ἶ
100 3165 151 3235 est,
162 3167 247 3244 quod
258 3167 405 3230 sinceres
415 3167 601 3232 devotionis
611 3171 777 3247 affectum,
791 3190 889 3251 quern

10 3260 11 3345 l
100 3260 205 3324 ciritae
227 3263 435 3326 Mutinensis
458 3266 622 3329 hacteuus
646 3269 687 3330 ad
704 3271 889 3332 Romanam

9 3360 11 3397 5
100 3357 276 3421 Ecclesiam
288 3358 406 3423 babuit
419 3363 617 3435 recolentes,
634 3365 667 3427 et
681 3366 889 3430 attendentes

944 737 1092 811 Petrum,
1107 740 1139 798 li
1155 737 1316 801 kalendas
1337 739 1498 818 januarii,
1525 740 1738 820 pontificatus

944 835 1051 898 nostri
1065 851 1155 898 anno
1169 837 1287 914 primo.

1278 1085 1401 1173 CXIV

998 1289 1051 1350 Ad
1074 1291 1329 1366 Berenportom
1356 1293 1528 1366 quondam
1549 1296 1682 1372 Aeolios

1112 1420 1119 1431 ·
1255 1391 1426 1466 recinam.

1236 1492 1271 1550 23
1285 1491 1349 1550 dec.
1366 1493 1446 1552 lili.

991 1612 1101 1679 [liegest.
1113 1614 1159 1665 lib.
1171 1615 1190 1675 l,
1200 1614 1273 1679 epist.
1285 1615 1688 1685 loi.llsc.ba1³orrsduiheil.]

944 1755 1096 1814 Pectiones
1114 1753 1151 1812 ab
1170 1756 1216 1816 ills
1235 1771 1301 1815 curn
1324 1756 1455 1816 Johenne
1477 1773 1548 1833 rege
1577 1759 1673 1831 irritas,
1701 1758 1738 1817 dc

962 1845 1027 1906 dote
1036 1851 1138 1922 ipsius,
1152 1851 1490 1925 auctoritslellpostolion
1507 1848 1719 1920 munitilnnns.

983 1994 1163 2065 Honorius,
1178 1997 1253 2070 etc,
1270 1995 1453 2059 carissimae
1467 1994 1503 2055 in
1516 1993 1646 2055 Christo
1658 1992 1737 2054 dliae

944 2092 1067 2156 nostrae
1081 2094 1292 2170 Berengariae
1314 2092 1479 2171 quondam
1492 2090 1674 2167 anglorum
1684 2105 1741 2152 ro-

942 2190 1031 2266 ginae
1046 2189 1180 2265 illustri,
1194 2190 1346 2263 salutem,
1362 2190 1426 2253 ete.

984 2288 1064 2349 Gurn
1074 2287 1200 2366 judicis
1215 2288 1261 2351 sit
1273 2287 1420 2349 officium
1434 2286 1510 2348 lites
1520 2286 1682 2356 minnere,
1699 2298 1739 2347 ac

944 2384 1066 2463 sopire,
1080 2385 1210 2464 oportet
1223 2401 1296 2458 nos,
1312 2384 1370 2463 qui
1382 2383 1530 2462 supremi
1544 2382 1668 2461 iudicis
1682 2381 1737 2444 lo·

944 2499 1019 2547 curn
1034 2484 1184 2548 tenemus
1202 2485 1239 2546 in
1254 2483 1366 2556 terris,
1389 2482 1454 2556 his,
1479 2495 1553 2561 quae
1570 2477 1739 2542 amicabili

944 2581 1123 2644 concordia
1142 2582 1317 2660 sopiuntur
1336 2580 1507 2643 munimen
1521 2576 1740 2656 apostolicum

943 2678 1114 2752 adbibere,
1130 2678 1293 2758 quatenus
1307 2678 1419 2741 ablata
1431 2677 1571 2740 materia
1586 2674 1740 2751 litigandi

943 2774 1064 2848 abhis,
1079 2775 1136 2855 qui
1151 2791 1187 2838 se
1201 2776 1323 2838 debent
1335 2775 1449 2839 mutua
1461 2773 1601 2836 caritas
1613 2770 1736 2843 lovere,

943 2888 1065 2935 rancor
1078 2873 1217 2952 quilibet
1227 2872 1269 2935 ab
1282 2889 1397 2936 eorum
1411 2870 1577 2943 mentibus
1590 2868 1740 2946 expella-

943 2971 1009 3044 tur,
1023 2971 1080 3050 qui
1094 2970 1212 3033 abesse
1228 2970 1286 3033 vix
1299 2970 1407 3048 potest
1424 2968 1564 3031 durante
1577 2967 1666 3028 inter
1679 2980 1740 3028 eos

943 3068 1099 3147 scrupulo
1123 3068 1352 3148 quaestionum.
1376 3066 1456 3130 Inde
1470 3066 1531 3138 est,
1555 3063 1739 3142 quodcum

944 3166 1044 3229 clarae
1063 3166 1233 3229 memorias
1248 3168 1395 3230 ioannes
1415 3181 1479 3227 rex
1495 3162 1624 3239 Angliae
1642 3160 1739 3223 bonae

943 3264 1113 3327 memorias
1147 3264 1341 3327 Innocentio
1373 3265 1473 3340 Papae
1500 3257 1739 3340 praedecessori

943 3362 1058 3424 nostro
1077 3360 1146 3423 suis
1160 3361 1281 3424 litteris
1295 3360 1501 3439 supplicarit,
1518 3358 1554 3422 ut
1572 3355 1740 3434 composi-

9 3500 13 3535 ,
100 3452 246 3533 obsequia
265 3472 341 3535 quae
356 3457 578 3522 illiexlribere
601 3462 722 3538 poterit
742 3464 779 3524 in
799 3463 890 3526 iutu-

8 3558 13 3633 ζ
101 3564 175 3625 rum,
194 3556 346 3616 castrum
370 3555 468 3633 Carpi
482 3557 674 3619 oleastrum
687 3561 809 3623 montis
824 3564 890 3624 Ba-

942 3458 1068 3521 tionem
1081 3458 1169 3520 inter
1181 3458 1215 3520 te
1228 3474 1268 3520 ac
1286 3459 1395 3535 ipsum
1413 3472 1514 3534 super
1531 3456 1608 3518 dote
1621 3454 1689 3525 tua,
1706 3452 1741 3515 et

943 3570 1043 3633 super
1052 3555 1235 3632 arreragiis
1246 3555 1338 3618 mille
1351 3569 1539 3617 marcarum
1552 3551 1657 3614 annui
1666 3549 1740 3612 red·

6 3696 13 3735 3,
101 3651 255 3723 sansonis,
274 3666 352 3728 quae
366 3650 501 3715 luerunt
519 3652 621 3715 clarae
642 3657 811 3719 memoriae
826 3674 887 3720 co·
943 3653 1031 3717 ditus
1051 3652 1112 3715 tibi
1132 3667 1176 3715 ex
1202 3651 1344 3730 quadam
1371 3650 1611 3729 compositione
1639 3662 1739 3726 quam

5 3756 6 3769 ¹
101 3745 226 3809 mitissae
238 3747 415 3809 Matbildis
428 3765 503 3810 cum
515 3750 663 3813 curtibus
680 3753 714 3831 et
727 3753 804 3815 aliis
818 3770 890 3833 per·
942 3751 1023 3813 olim
1039 3751 1167 3812 inieras
1188 3765 1263 3812 curn
1284 3749 1400 3812 eodem
1425 3747 1554 3819 debitis,
1578 3743 1741 3808 amicabi-

100 3841 239 3906 tineutiis
256 3843 330 3905 suis
350 3844 445 3907 vobis
469 3848 618 3925 ternpore
639 3850 752 3912 nostro
776 3853 890 3914 custo-
942 3847 1020 3910 liter
1035 3847 1153 3909 initam
1170 3846 1273 3909 robur
1285 3846 1409 3908 habere
1423 3844 1549 3907 iaceret
1569 3841 1738 3920 perpetuae

101 3935 208 4001 dienda
230 3941 481 4004 committimus,
507 3944 556 4005 lta
574 3944 731 4010 uidelicet
745 3947 831 4024 quod
846 3965 890 4011 ex
943 3944 1122 4017 firmitatis,
1143 3943 1302 4020 appositis
1324 3957 1407 4020 quas
1420 3940 1548 4004 videret
1569 3938 1738 4001 securita-

101 4032 160 4095 illis
171 4037 211 4098 ad
221 4036 418 4100 mandatum
428 4040 578 4102 nostrum
588 4057 744 4118 guerram
759 4043 889 4107 facietis
942 4040 1031 4103 tibus
1047 4040 1220 4118 expedire,
1236 4055 1276 4102 no
1297 4056 1341 4104 ex
1354 4040 1448 4117 parte
1466 4039 1523 4100 tua
1543 4036 1578 4099 id
1595 4036 1703 4113 ipsum
1719 4049 1739 4096 a

101 4132 263 4209 etpacem,
279 4136 314 4198 et
327 4136 525 4213 Apostolicae
540 4139 635 4200 sedis
648 4139 786 4216 legatos,
797 4142 891 4204 sire-
944 4137 1039 4200 uobis
1060 4138 1162 4200 inerit
1175 4137 1395 4215 postulatum
1417 4152 1478 4198 nos
1495 4135 1562 4198 tuis
1583 4130 1738 4240 precibus

101 4230 205 4305 quisiti
219 4232 364 4306 ttreritis,
382 4233 551 4312 recipietis
572 4234 757 4299 honorilice
771 4239 888 4300 acho·
944 4236 1148 4309 annuentes,
1173 4235 1444 4312 compositionem
1471 4232 1578 4311 ipsam
1602 4229 1739 4309 provide

101 4328 184 4389 ueste
203 4329 391 4392 tractabitis
414 4330 450 4392 in
472 4330 608 4404 eisdem,
634 4333 668 4394 et
682 4334 835 4413 antiquas
850 4351 889 4398 ac
943 4330 1065 4394 iscam
1087 4332 1121 4394 et
1145 4333 1187 4394 ab
1208 4331 1349 4411 utraque
1371 4332 1466 4409 parte
1486 4329 1603 4408 sponte
1622 4344 1741 4405 recep-

100 4423 309 4487 rationabiles
332 4425 504 4489 libertates
524 4428 558 4489 et
576 4430 832 4494 consuetudines
852 4433 889 4495 in
942 4429 1022 4503 tam,
1057 4430 1144 4492 sicut
1174 4430 1211 4491 in
1245 4430 1394 4508 ejusdem
1428 4429 1518 4506 regis
1548 4425 1741 4489 authentico

102 4519 185 4582 nullo
204 4522 284 4585 Sodi
307 4524 507 4601 spostolicae
531 4525 742 4602 derogantes,
770 4529 889 4607 quibus
944 4526 1147 4599 continetur,
1174 4526 1373 4590 auctoritate
1395 4524 1587 4602 Apostolica
1615 4522 1740 4585 coudr-

101 4613 244 4681 lromines
272 4620 421 4697 ipsorum
454 4621 602 4685 locorum
625 4639 730 4702 usque
751 4625 794 4687 ad
817 4625 889 4688 haec
943 4640 1083 4695 mamus,
1097 4626 1131 4687 et
1141 4623 1315 4702 praesentis
1329 4622 1445 4699 scripti
1456 4620 1639 4699 patrocinio
1652 4634 1739 4680 corn·

101 4710 241 4792 tempora
267 4719 347 4780 sunt
369 4718 495 4795 gavisi,
520 4720 697 4783 servabitis
724 4722 886 4797 illibatas,
943 4722 1122 4794 munimus,
1150 4724 1246 4798 cujus
1268 4721 1419 4783 tenorem
1442 4718 1484 4779 ad
1507 4720 1667 4793 majorem
1687 4714 1751 4775 rei-

103 4808 231 4891 ipsaoue
250 4816 361 4878 castra
377 4816 432 4878 uel
451 4816 670 4880 meliorabitis
684 4819 819 4881 iuterim
835 4821 889 4884 vel
943 4816 1306 4882 evidentiamdererbo
1320 4815 1511 4877 adverbum
1522 4813 1601 4875 huic
1612 4812 1737 4874 nostrae

102 4905 209 4970 saltem
225 4911 262 4972 in
275 4927 315 4973 eo
330 4912 419 4974 statu
434 4913 622 4984 servabitis,
636 4914 671 4976 in
686 4932 751 4994 quo
768 4918 889 4980 vestrae
943 4915 1124 4995 paginssad
1140 4914 1312 4990 exemplar
1323 4910 1473 4990 eJusdem
1482 4909 1738 4988 praedecessoris

102 5006 171 5067 sunt
187 5009 347 5071 custodia
369 5011 613 5088 commendata3
633 5013 667 5075 et
680 5014 819 5092 insuper
832 5031 890 5078 ca·
943 5014 1049 5076 nostri
1063 5013 1219 5074 duximus
1233 5009 1468 5072 inserendum:

102 5115 194 5165 mesae
217 5107 341 5167 nostrae
362 5106 498 5183 propter
512 5106 575 5170 hoc
591 5109 768 5185 sexaginta
786 5110 890 5174 libras
983 5114 1174 5182 «loannes,
1190 5110 1250 5170 Dei
1265 5108 1384 5184 gratia,
1401 5122 1463 5169 rex
1476 5105 1615 5183 Angliae,
1636 5104 1740 5168 dorni·

103 5202 364 5273 proveniensium
383 5205 519 5265 senatus
537 5206 637 5266 annis
652 5205 794 5283 singulis
809 5224 888 5286 per-
943 5224 1039 5270 ‹nus
1053 5207 1233 5280 Hiberniae,
1250 5207 1318 5268 dux
1330 5205 1533 5277 Normaniee,
1549 5202 1738 5280 Aquitaniae

102 5295 243 5359 solvetis.
257 5299 349 5361 Nulli
363 5315 443 5376 ergo
455 5302 592 5363 omnino
606 5302 777 5366 hominum
788 5302 890 5369 liceat
943 5307 1009 5368 ‹et
1036 5320 1146 5368 comes
1171 5305 1396 5381 andegaven,
1422 5301 1575 5365 omnibus
1591 5299 1633 5361 ad
1655 5314 1739 5376 quos

103 5389 182 5455 hanc
203 5396 359 5472 paginam
381 5398 502 5460 nostrae
517 5400 814 5465 commendationis
834 5404 890 5464 in·
942 5419 961 5462 s
976 5416 1123 5478 praesens
1138 5400 1297 5478 scriptum
1312 5397 1512 5477 pervenerit,
1528 5393 1680 5456 salutem.

103 5484 254 5566 fringens,
276 5492 332 5555 uel
351 5493 383 5555 ei
403 5510 487 5556 ausu
504 5496 682 5560 temerario
708 5499 886 5562 contraire.
982 5498 1137 5560 «sciatis
1151 5499 1199 5560 ita
1216 5497 1416 5560 'convenisse
1434 5496 1607 5564 internos,
1625 5491 1657 5553 et
1678 5491 1739 5553 do-

106 5585 136 5645 Si
149 5588 222 5665 quis
242 5591 352 5652 autem
371 5590 434 5655 hoc
452 5593 614 5657 attentare
627 5598 886 5677 presumpserit,
942 5597 1101 5659 ‹miunm
1126 5596 1277 5673 reginam
1307 5591 1544 5670 Bereurariam
1572 5588 1737 5668 quondam
