3946 6196
257 272 316 361 sor
878 268 1054 332 nononu
1077 269 1121 331 111
1142 271 1289 337 oraha.
1532 264 1537 271 '
1848 284 1909 343 raa
1970 324 1971 369 ,

258 429 293 493 in
309 429 358 494 els
373 431 460 505 sunt,
476 430 529 492 rel
542 429 783 492 abbatissarum
797 429 950 503 discutio,
964 429 1054 493 elec-
1148 432 1216 508 Ego
1228 430 1432 494 Octavianus
1440 432 1498 494 SS.
1508 433 1629 510 Sergii,
1640 434 1674 497 et
1683 436 1809 498 Bacchi
1820 438 1906 502 diac.
1970 514 1971 517 Ἴ

257 528 317 596 tio,
342 530 375 590 et
397 528 604 591 consecratio
626 529 738 591 vestro
763 543 894 608 semper
914 528 1053 590 arbitrio
1107 527 1197 590 rard.
1214 544 1260 590 ss.

257 626 506 687 conserventur.
532 629 637 688 Porro
663 625 884 704 praesbyteros
912 626 1054 704 praedic-
1147 628 1215 703 Ego
1238 626 1422 704 Gregorius
1446 629 1479 689 S.
1495 629 1672 703 Theodori,
1701 630 1789 693 diac.
1817 633 1907 695 card.

257 724 367 784 torum
401 724 678 785 monasteriorum
707 726 805 801 prout
827 724 1053 786 ecclesiastica
1107 722 1233 785 subscr.

256 819 439 882 necessitas
460 821 620 897 exegerit,
643 821 766 900 absque
790 821 932 900 alicujus
945 823 1054 883 teme·
1148 822 1216 897 Ego
1241 820 1429 897 Raynerius
1465 824 1499 884 S.
1526 824 1643 887 Mariae
1667 824 1702 886 in
1731 826 1908 889 cosmedin
1970 868 1971 881 .

257 916 349 978 raria
372 917 560 981 conditione
584 919 625 980 ad
648 919 742 980 tuum
763 920 916 981 volumus
938 920 1053 983 uenire
1107 917 1194 980 diac.
1208 917 1300 980 card.
1316 918 1405 980 subs.

256 1014 433 1077 consilium
450 1037 458 1075 ε
475 1016 709 1078 confirmamus
723 1017 823 1079 otiam
837 1017 1055 1080 vobiseccle-
1148 1017 1216 1092 Ego
1240 1018 1415 1079 Romanus¹
1429 1018 1468 1080 S.
1485 1017 1604 1094 angeli
1630 1018 1795 1082 diaconus
1818 1021 1908 1082 card.

256 1112 342 1173 siam
358 1114 489 1175 Sanctae
502 1114 618 1176 Mariae
631 1115 671 1176 de
685 1114 866 1188 Bethleem,
887 1115 921 1177 et
938 1115 1055 1192 hospi-
1108 1111 1236 1174 subscr.

256 1210 325 1271 tale
347 1210 388 1271 de
409 1212 587 1289 GrupelliS,
603 1212 768 1290 hospitale
780 1213 821 1275 de
837 1214 957 1275 Sancta
971 1214 1052 1275 Jus-
1147 1212 1219 1286 Ego
1242 1210 1429 1289 Stephanus
1456 1213 1489 1274 S.
1514 1211 1678 1275 Hadriani
1703 1213 1792 1276 diac.
1817 1215 1910 1277 card.

255 1307 338 1380 tina,
355 1308 519 1386 hospitale
534 1310 575 1372 de
588 1310 811 1384 Thossicaria,
835 1310 1002 1388 hospitale
1013 1312 1054 1372 de
1108 1307 1238 1370 subscr.

257 1404 423 1479 daiberte,
444 1407 608 1484 hospitale
631 1408 792 1470 (luidonis
818 1408 914 1481 fabri,
939 1409 1055 1486 hospi·
1148 1408 1217 1481 Ego
1230 1404 1474 1468 Alehrandinus
1487 1409 1521 1469 S.
1532 1407 1705 1470 Eustachii
1716 1408 1805 1470 diac.
1819 1410 1910 1471 card.

255 1502 323 1565 tale
345 1503 493 1580 (lidonis,
519 1504 686 1583 hospitale
704 1507 748 1570 de
760 1507 921 1569 Pontiano
943 1506 980 1568 in»
998 1522 1055 1567 er-
1107 1503 1235 1565 subscr.

259 1592 508 1679 chlepiscopatu
533 1604 790 1678 Mediolanensi,
816 1604 1053 1667 monasterium
1147 1600 1590 1678 EgoAEgidiusSS.cosmae
1604 1603 1808 1665 etDamiau'a
1818 1603 1917 1669 card.

258 1700 372 1762 Sancti
386 1702 507 1763 Donati
525 1702 566 1762 ah
579 1703 789 1764 antecessore
812 1704 869 1764 tuo
881 1702 1053 1766 fundatum
1107 1697 1236 1760 subscr.

256 1796 292 1856 in
313 1796 386 1859 loco
399 1798 456 1875 qui
471 1799 629 1861 Scorobia
644 1799 775 1873 dicitur,
800 1816 876 1861 cum
902 1800 1051 1878 capellis,
1148 1799 1216 1873 Ego
1231 1795 1389 1861 Nicolaus
1404 1796 1611 1858 Tusculanus
1625 1797 1803 1875 episcopus
1828 1796 1915 1859 sub=

257 1895 290 1955 et
304 1894 473 1971 parochiis
487 1897 574 1970 suis,
587 1898 828 1963 monasterium
842 1899 971 1961 Sanctae
986 1901 1055 1960 Ma·
1108 1909 1172 1956 scr.

256 1992 317 2053 riae
332 1992 381 2053 de
400 1995 550 2071 Cayrate,
578 2010 657 2056 cum
672 1995 831 2071 parochia
853 2013 924 2070 sua,
950 1999 983 2059 et
997 2013 1055 2059 ca-
1148 1992 1217 2067 ugo
1229 1989 1335 2052 suido
1353 1990 1580 2053 Praenestinus
1592 1990 1770 2068 episcopus
1779 1990 1907 2053 subscr.

257 2088 398 2166 pellanis
408 2092 442 2153 et
457 2092 625 2168 parochiis
638 2093 719 2166 sui-s,
731 2093 769 2154 in
781 2094 947 2156 Laudensi
962 2096 1054 2173 epis·
1147 2090 1216 2165 Ego
1229 2086 1562 2164 Pelass'iUSAlbflssffl·
1580 2089 1757 2166 episcopus
1779 2089 1908 2150 Subscr-

257 2188 376 2265 oopetu
391 2188 519 2266 plebem
539 2189 579 2251 de
600 2191 744 2252 Postino
760 2207 838 2253 cum·
850 2192 999 2271 capellis,
1021 2194 1055 2255 et
1147 2185 1267 2247 Datum
1296 2186 1456 2247 Laterani
1483 2201 1543 2262 1³01·
1572 2201 1707 2247 manum
1731 2186 1906 2263 Raysseffi2

256 2286 426 2363 parochiis
444 2287 525 2360 suis,
552 2288 588 2349 in
612 2289 806 2366 episcopatu
825 2291 1051 2364 Cremonensi,
1109 2285 1141 2344 S.
1159 2285 1198 2345 R.
1215 2282 1560 2348 vicecancellarii'dFe
1564 2326 1624 2345 .....
1644 2282 1728 2344 Maii
1748 2283 1909 2346 indicth

256 2382 385 2460 plebem
402 2383 443 2446 de
458 2386 646 2462 Pagaciauo
661 2388 910 2465 cuneparochia
931 2405 1003 2461 sua,
1019 2389 1053 2450 in
1108 2383 1237 2442 lncarn·
1260 2382 1353 2442 llom·
1377 2395 1465 2442 anno
1488 2382 1576 2453 1217,
1597 2379 1815 2457 pontificatus
1830 2395 1908 2442 l0¹¹0

257 2481 451 2558 episcopatu
474 2482 667 2545 Placentino
687 2484 814 2561 plebem
836 2485 877 2546 de
904 2489 1053 2549 Pontana
1107 2479 1200 2538 Doni·
1217 2476 1469 2555 H01101‘i'iPapae
1482 2479 1528 2539 Ill
1542 2493 1630 2539 anno
1646 2480 1670 2538 I·

256 2594 332 2638 cum
356 2580 494 2656 capellis
509 2582 541 2643 et
562 2581 729 2658 parochiis
755 2583 836 2656 suis,
864 2583 992 2662 plebem
1013 2585 1054 2646 de

256 2674 435 2752 Vinepaao,
462 2693 539 2738 cum
562 2679 699 2755 capellis
727 2682 760 2740 et
778 2681 947 2757 parochiis
970 2682 1052 2756 suis,
1398 2671 1622 2758 GCGXXIII

256 2772 345 2835 inter
356 2775 582 2853 episcopatum
596 2779 781 2851 astensem,
808 2780 842 2839 et
854 2782 1052 2857 Aquensem‚

256 2872 291 2931 et
301 2870 488 2946 Albensem,
503 2873 630 2951 plebem
641 2875 686 2936 de
695 2878 799 2938 Ponte
814 2893 891 2938 curn
904 2877 1052 2955 capellis,

257 2968 292 3029 et
306 2970 474 3046 parochiis
489 2971 569 3044 suis,
583 2971 618 3031 in
631 2973 825 3050 episcopatu
836 2974 1052 3049 vercellensi,

258 3064 387 3142 plebem
415 3066 456 3129 de
479 3070 655 3144 Pernungo
683 3086 760 3131 cum
785 3071 943 3148 parochia
968 3089 1052 3135 sua:
1403 3049 1435 3106 Η
1451 3049 1614 3107 ΜΗἏῚ·

257 3178 376 3224 versus
388 3164 635 3238 Alexandriam,
652 3165 781 3243 plebem
796 3168 837 3230 de
850 3170 962 3232 Sancti
979 3171 1054 3248 Syri
1156 3164 1263 3230 [lm
1274 3160 1757 3228 lib.1,apist.tcs.lns.1.nr0rtsdu
1767 3163 1866 3227 rheu]

257 3259 299 3321 de
314 3260 405 3321 Sella
419 3276 493 3322 cum
509 3263 645 3341 capellis
660 3266 694 3326 et
706 3265 885 3342 parochiis,
902 3267 935 3328 et
947 3267 1055 3344 perti-
1109 3270 1226 3331 llsudet
1247 3272 1290 3329 eis
1310 3276 1343 3327 ut
1363 3268 1491 3328 debiturn
1514 3278 1629 3328 centum
1650 3276 1680 3328 et
1699 3271 1913 3345 quinquaginta

258 3356 381 3417 nentiis
403 3359 485 3431 suis,
512 3360 640 3437 plebem
662 3361 702 3423 de
725 3363 868 3425 Plonora
897 3380 972 3425 cum
998 3381 1057 3427 ca.
1144 3357 1367 3432 librammquod
1384 3358 1485 3431 Philip.
1501 3359 1672 3416 Noviomeu.
1689 3357 1913 3416 archidiaconus
1970 3392 1971 3397 κ

257 3452 357 3530 pellis
370 3455 402 3517 et
414 3457 592 3532 parochiis,
614 3460 647 3521 et
661 3459 869 3536 pertinentiis
884 3462 967 3535 guis,
983 3463 1057 3540 ple.
1144 3456 1174 3506 et
1185 3447 1326 3506 llobertus
1337 3446 1374 3504 de
1385 3446 1528 3506 vermelle
1542 3446 1699 3504 canonieus
1709 3447 1738 3504 S.
1755 3446 1914 3520 Gangerici

258 3550 681 3631 bemdeBassignauaoum
691 3558 1055 3636 capellis,etperochiis
1145 3535 1371 3604 ⁰⁸m⁰f⁸⁰⁰⁰⁸¹⁸›
1385 3533 1911 3635 ῙΡθθΝξωΡφθΰηῑθΜΙὶθωθᾶθ·

1143 3630 1249 3697 gemes
1258 3629 1527 3695 comraxerantrpsr
1542 3637 1605 3679 siue
1617 3636 1696 3679 mora
1712 3621 1841 3681 solvent.

1108 2823 1161 2887 ad
1183 2823 1358 2897 episcopos
1377 2836 1444 2895 per
1467 2824 1673 2913 lismensem
1688 2823 1914 2896 provisoriam

1396 2918 1611 2980 constitutos.

258 3650 292 3711 et
303 3650 512 3726 pertinentiis
525 3653 606 3725 suis,
621 3653 749 3732 plebem
759 3655 800 3717 de
814 3657 1055 3719 valentianum

258 3747 396 3824 capellis
422 3750 455 3811 et
477 3751 656 3827 parochiis,
682 3754 715 3814 et
737 3753 949 3831 pertinentiis
972 3756 1053 3828 suis,
1149 3755 1332 3829 Honorius,
1363 3756 1443 3828 etc.,
1472 3753 1720 3817 uenerabilibus
1748 3754 1912 3816 iratribus

259 3844 387 3922 plebem
411 3846 452 3908 de
465 3848 627 3912 AEtiliauo
648 3866 722 3911 cum
738 3851 886 3929 capellis,
903 3854 936 3914 et
956 3869 1057 3930 paro-
1110 3852 1274 3931 episcopis
1284 3868 1344 3931 per
1357 3856 1555 3915 Remensem
1567 3851 1776 3929 provinciam
1788 3852 1914 3913 consti-

259 3941 345 4004 chiis
370 3945 404 4005 et
431 3947 640 4021 pertinentiis
673 3948 755 4017 suis,
784 3948 913 4025 plebem
942 3950 1055 4011 Sancti
1109 3950 1201 4013 tutis.

261 4040 443 4103 salvatoris
466 4058 541 4103 curn
565 4044 713 4120 capellis,
738 4045 907 4122 parochiis
924 4048 957 4109 et
976 4063 1056 4124 per-
1151 4050 1258 4120 Quum
1277 4046 1431 4109 teneatur
1446 4045 1658 4122 negouorum
1675 4042 1839 4106 domiuus
1853 4059 1914 4106 ne-

259 4136 409 4199 tinentiis
436 4140 522 4212 suis,
550 4141 583 4202 et
609 4140 737 4216 plebem
770 4142 810 4203 de
836 4144 952 4216 Petra,
981 4159 1056 4205 cum
1110 4146 1235 4223 gotium
1246 4142 1518 4205 utiliter-nomine
1530 4158 1590 4203 suo
1597 4141 1727 4218 gestum
1738 4143 1773 4203 et
1784 4141 1914 4203 babere

260 4234 397 4310 capellis
436 4238 469 4296 et
507 4236 675 4313 parochiis
715 4239 797 4300 suis.
841 4240 1056 4303 Deceruimus
1110 4244 1218 4304 ratum
1234 4242 1267 4302 et
1281 4240 1487 4301 necessarias
1506 4254 1671 4316 expensas
1691 4253 1751 4315 pro
1773 4239 1913 4314 negotio

261 4345 352 4405 ergo,
369 4332 484 4392 etc.....
499 4335 614 4406 Amen,
629 4338 746 4397 Amen.
1110 4339 1183 4417 ipso
1195 4337 1305 4399 iactas·
1318 4333 1471 4418 [soluere]
1488 4335 1741 4398 universitatem
1762 4337 1913 4397 vestram

300 4430 368 4503 Ego
394 4430 563 4492 Honorius
586 4431 764 4495 Catholicae
789 4432 946 4496 Ecclesiae
966 4434 1058 4513 epis·
1110 4433 1500 4510 rogandemduximnset
1513 4430 1712 4494 monendam
1726 4446 1791 4508 per
1803 4434 1917 4509 Apos-

260 4541 373 4603 copus.
1110 4532 1211 4594 tolica
1225 4530 1347 4608 scripta
1362 4527 1585 4608 precipiendo
1597 4527 1812 4601 mandantes,
1830 4545 1916 4607 qua-

299 4628 367 4701 Ego
389 4626 507 4688 Petrus
529 4628 562 4689 S.
591 4627 806 4692 Pudentianae
832 4628 883 4692 tit.
909 4630 1056 4692 Pastoris
1110 4625 1801 4704 teuusdebiturncentumetquinquaginta
1814 4625 1917 4687 libra·

259 4722 369 4800 presb.
386 4723 476 4785 card.
493 4741 537 4786 ss.
1110 4741 1185 4787 rum
1203 4725 1248 4786 de·
1262 4724 1420 4795 Prurino,
1435 4722 1521 4800 quod
1543 4721 1655 4783 dilecti
1670 4721 1731 4782 lilii
1748 4723 1914 4798 magistro

300 4821 368 4895 Ego
378 4820 543 4883 Robertus
559 4823 592 4883 S.
610 4824 768 4900 Stephani
783 4824 820 4885 in
831 4824 933 4887 Goelio
946 4826 1057 4886 moute
1111 4822 1377 4886 Ph0Noriomen.
1387 4818 1915 4883 archidiaconusotlt.v0rme11a

260 4917 368 4993 presb.
380 4919 562 4981 cardinalis
577 4919 703 4982 subscr.
1111 4920 1292 4983 canonicus
1304 4919 1412 4980 sancti
1422 4917 1916 4994 Gangerioicameracenpro-

300 5014 369 5090 Ego
384 5016 570 5093 Stephanus
591 5018 744 5080 Basilicas
762 5020 823 5080 XII
837 5020 950 5097 Apost.
967 5037 1059 5099 pres·
1111 5019 1283 5081 curatores
1296 5016 1400 5078 vestri
1427 5014 1512 5093 apud
1541 5013 1659 5076 Sedem
1681 5013 1915 5090 Apostolicam

259 5110 328 5190 byt.
344 5112 436 5174 card.
451 5130 496 5176 ss.
1111 5114 1292 5186 constituti,
1308 5129 1368 5191 pro
1384 5111 1604 5191 procurandis
1614 5110 1736 5173 restris
1752 5111 1915 5187 negotiis,

301 5211 368 5287 Ego
383 5211 561 5288 Gregorius
573 5213 622 5275 tit.
649 5216 682 5274 S.
701 5215 888 5277 anastasiae
909 5215 1055 5293 presbit.
1111 5215 1198 5277 sicut
1211 5212 1376 5283 asserunt,
1393 5209 1642 5277 contraxerunt,
1659 5223 1764 5284 quum
1777 5208 1918 5285 propter

260 5308 351 5370 card.
368 5307 495 5370 subscr.
878 5342 881 5347 >
1111 5313 1184 5389 ipsa
1194 5325 1322 5372 moram
1335 5324 1392 5370 eos
1404 5306 1588 5385 oportuerit
1600 5304 1711 5366 iacere
1725 5304 1917 5382 longiorem

301 5407 368 5482 Ego
380 5406 523 5468 Thomas
535 5406 584 5468 tit.
600 5408 633 5467 S.
647 5406 779 5469 Sabinae
792 5408 936 5486 presbyt.
1111 5408 1254 5471 termino
1269 5407 1403 5478 statuto,
1420 5405 1569 5475 solvatis,
1580 5420 1633 5473 ne,
1648 5402 1734 5480 quod
1752 5402 1854 5474 absit,
1872 5416 1918 5462 ex

300 5504 369 5579 Ego
395 5504 501 5566 Guido
521 5506 554 5565 S.
570 5505 700 5566 Nicasii
717 5505 751 5567 in
766 5505 1056 5569 carcereTullian.
1113 5522 1152 5567 eo
1166 5520 1297 5583 poenam
1312 5501 1523 5579 obligationis
1542 5499 1727 5572 incurrant,
1743 5497 1919 5561 undesisi
1970 5506 1971 5509 ’

261 5597 346 5661 diac.
363 5600 547 5662 cardinalis
559 5601 686 5663 subscr.
1113 5601 1367 5680 suntpraemium
1375 5596 1753 5671 menrisse,msudetum
1762 5598 1917 5660 nostrum
