3946 6196
70 382 118 444 ati
706 378 934 443 EPISTOLAE.
957 381 1035 441 LIB.
1060 381 1085 441 1.
1650 378 1712 441 342

71 545 133 606 loco
144 538 186 601 ad
204 536 434 601 molendinum
454 539 714 601 construendum
733 539 858 603 turico
912 541 1023 615 terris,
1040 540 1140 603 simul
1155 556 1229 602 curn
1252 539 1329 601 lacu
1349 540 1461 601 Turno
1476 537 1536 620 (8).
1552 538 1710 601 Vineales

71 637 259 703 castaniolae
288 636 349 717 (1).
380 637 563 699 Ecclesiam
591 640 624 699 S.
650 637 758 711 Pacis,
784 653 858 700 curn
914 656 987 703 cum
1002 638 1176 702 arboribus
1187 639 1220 700 et
1232 638 1332 701 terris
1351 638 1386 698 in
1398 637 1526 699 Albano
1542 637 1576 700 et
1590 637 1626 699 in
1639 636 1712 699 Ari·

71 744 148 803 terra
162 738 253 798 circa
266 752 303 797 se
321 750 426 814 usque
442 736 484 797 ad
505 736 623 798 vineas
645 738 856 800 castaniolae.
914 739 976 801 cia.
988 741 1125 800 Terram
1148 738 1184 797 in
1207 737 1385 798 valerano.
1408 736 1598 808 Castellum,
1622 734 1710 813 quod

70 840 191 899 Terram
217 835 254 895 in
281 837 393 897 monte
417 834 457 895 de
481 837 633 897 Dracone
655 835 716 916 (2).
734 837 858 898 Vincas
913 837 1036 900 dicitur
1052 839 1200 913 Verposa
1229 835 1282 896 vel
1306 837 1410 907 Nare,
1441 851 1516 896 curn
1545 834 1708 906 ecclesiis,

71 933 255 997 camburtis
277 934 312 994 et
330 932 506 993 arboribus
526 933 564 993 iu
585 933 757 995 Praefectis
778 934 858 997 etin
914 935 1076 1007 domibus,
1092 934 1295 1005 homiuibus,
1314 933 1425 1005 terris,
1448 933 1568 1004 vineis,
1590 932 1708 1006 hortis,

70 1032 189 1094 lirario
203 1031 303 1092 extra
316 1032 445 1107 portam
458 1030 610 1107 Appiam.
624 1032 764 1092 Turrem
778 1047 856 1094 cum
914 1033 1097 1111 campanis,
1114 1032 1217 1110 sylvis
1241 1030 1326 1093 cesis
1341 1031 1375 1092 et
1397 1030 1606 1108 pertinentiis
1624 1030 1707 1090 suis.

72 1128 220 1201 domibus,
236 1128 358 1199 uineis,
386 1127 503 1200 bortis,
524 1128 701 1206 canapinis
718 1129 753 1191 in
768 1129 854 1203 loco,
913 1134 1064 1194 Castrum
1080 1130 1194 1193 Pontis
1211 1130 1348 1201 Decimi,
1371 1144 1447 1191 cum
1466 1128 1619 1190 omuibus
1639 1128 1710 1189 suis

73 1228 269 1305 quirocatur
278 1225 434 1287 Ciminuli
445 1224 506 1306 (3).
520 1228 601 1288 Tres
611 1226 746 1305 pedicas
758 1227 858 1290 terrae
914 1229 1123 1308 pertiuentiis
1162 1227 1195 1292 et
1237 1227 1440 1289 tenimentis.
1479 1226 1710 1302 Campilanum

73 1326 101 1386 iu
121 1324 342 1402 Squizanello.
366 1325 455 1386 Duas
475 1324 611 1402 pedicas
624 1325 724 1388 terrae
743 1326 778 1386 in
795 1326 858 1388 Pi·
913 1328 1090 1390 Miccinam
1105 1327 1139 1390 et
1157 1328 1268 1389 Cornu
1281 1325 1470 1398 Cerrinum,
1492 1325 1526 1387 et
1546 1324 1654 1386 terras
1675 1323 1709 1385 et

73 1422 144 1484 liotti
157 1422 211 1484 rel
225 1422 395 1483 Cicomola
421 1419 469 1502 (4)
491 1422 588 1502 juxta
600 1422 690 1484 riam
703 1423 859 1485 Ardeati-

74 1537 148 1593 uam,
163 1519 207 1581 ab
220 1520 298 1581 aliis
319 1519 481 1582 lateribus
499 1521 588 1583 rivis
598 1521 857 1593 circumdantur,

75 1618 256 1680 ubidicitur
270 1618 370 1679 Curia
387 1618 428 1679 do
441 1618 625 1681 Calvisaris
644 1617 705 1699 (5).
726 1621 858 1681 Turrim

75 1733 136 1779 cum
148 1716 271 1788 riueis,
285 1716 404 1789 hortis,
415 1714 602 1794 canapinis,
620 1717 723 1795 sylvis
735 1718 769 1779 in
781 1719 860 1780 Fal-

75 1812 858 1897 commnoxo).EcclesiamS.iluphemiae(7)cum

74 1915 161 1984 turre,
190 1911 357 1984 domibus,
378 1912 495 1986 hortis,
524 1914 644 1987 uineis,
672 1916 856 1993 canapinis,

113 2032 137 2105 lt
157 2034 325 2092 Guuuuiclc
345 2034 426 2092 locus
452 2043 495 2093 est
519 2037 682 2110 Campaniae
709 2040 857 2110 Romanae,

74 2105 148 2163 uilia
171 2120 310 2178 passuum
339 2107 444 2180 uiginti
472 2106 508 2165 ab
544 2109 614 2166 urbe
635 2110 762 2179 dissitus,
785 2112 859 2168 iuter

74 2176 184 2234 Ardeam
195 2184 225 2233 et
237 2177 399 2247 Lavinium,
413 2180 545 2251 antiquas
560 2181 632 2238 Latii
646 2181 741 2239 urbes.
758 2182 856 2241 Casta·

74 2248 137 2305 uiola
153 2256 247 2304 autem
261 2248 401 2306 vocabulo
413 2249 470 2306 duo
486 2265 562 2307 nuuc
577 2252 615 2308 ibi
630 2260 696 2309 sunt
709 2253 855 2328 perampla

74 2317 223 2387 biiuudia;
239 2318 365 2402 ⁸alterurn
386 2321 490 2391 ruetis,
516 2328 548 2379 ut
565 2330 679 2391 uocant,
693 2325 859 2408 quingentis

75 2397 97 2447 et
118 2397 298 2464 septuaginta
323 2398 449 2461 constat,
477 2392 554 2464 quod
585 2394 761 2452 nobilissima
785 2410 860 2468 gens

75 2460 212 2519 Stortiade
231 2462 383 2520 cesariuis
404 2464 546 2536 possidet3
568 2466 688 2523 alterum
710 2467 860 2524 rutdorrrm

74 2531 125 2601 am,
138 2538 165 2589 et
178 2530 311 2589 dominos
325 2531 422 2603 habet,
439 2535 568 2607 quisunt
586 2551 621 2594 ex
643 2536 758 2609 antiqua
775 2536 856 2595 iami-

73 2601 361 2686 liaucamarelliorum,
383 2612 413 2688 ut
435 2620 472 2662 ex
495 2608 556 2678 agri
575 2608 697 2665 Romani
721 2615 789 2692 topo
826 2623 857 2665 a·

74 2672 140 2745 piru,
152 2681 329 2746 geometrrce
345 2690 361 2732 a
379 2677 538 2749 Crngoleuo
552 2679 669 2752 vulgata
684 2679 778 2751 quiris
790 2623 857 2753 ἥξε-

73 2745 860 2892 aucturetatemTurullium

464 2860 471 2887 ‚
846 2853 857 2864 .

74 2888 128 2943 terii
139 2887 238 2955 nostri,
251 2902 375 2959 qumque
389 2891 531 2947 lionorlus
548 2890 678 2949 Pontifex
692 2890 749 2949 boc
764 2891 856 2965 diplo-

74 2965 139 3014 uate
149 2957 351 3029 corroboravit,
364 2957 512 3034 deperdita
526 2970 602 3021 sunt.

17 3068 18 3079 ,
103 3026 139 3101 (i)
165 3028 283 3085 Terram
307 3030 338 3087 iu
358 3036 449 3101 moute
472 3033 505 3088 dc
527 3034 658 3104 Drupouc
681 3032 758 3090 illurn
778 3041 858 3106 puto,

17 3128 19 3161 r
74 3098 241 3182 que'dicitur
259 3101 392 3172 Drusum
407 3102 541 3160 dattiert'
562 3104 635 3161 rubi.
659 3103 721 3173 ata,
738 3120 859 3178 quaeque

75 3170 149 3254 utiba
173 3185 310 3253 passum
333 3172 467 3232 undecim
495 3173 531 3232 nb
558 3175 629 3233 urbe
650 3174 736 3233 distat
758 3177 789 3233 iu
812 3177 858 3234 riu

17 3254 18 3259 ¹
76 3240 215 3299 bostrensi.
238 3243 378 3301 Caeterum
402 3245 432 3301 in
447 3244 550 3302 eadem
571 3247 615 3303 via
636 3246 673 3303 ad
693 3248 746 3304 tria
769 3247 858 3306 millia

75 3324 195 3384 passuum
218 3313 290 3370 alter
310 3314 391 3372 locus
410 3322 464 3383 est,
485 3316 533 3388 qui
553 3315 655 3374 dicitur
675 3317 700 3374 tc
718 3319 857 3389 Drcqare,

74 3381 139 3464 quod
151 3384 245 3455 pisces
255 3384 296 3441 ibi
307 3386 456 3512 saginetur
471 3401 506 3442 ex
523 3386 629 3455 Tiberi,
644 3386 777 3445 draconis
792 3403 857 3462 spe·

74 3466 138 3509 crem
165 3453 339 3525 quodammo
360 3470 377 3512 o
401 3455 579 3516 exhibentes.
602 3461 674 3516 ltem
698 3458 734 3515 ad
758 3458 858 3518 decern

74 3523 149 3581 millia
164 3539 300 3596 passuum
315 3525 494 3584 latifundium
514 3530 637 3586 occurrit
652 3536 857 3602 nuncupatum,

75 3594 434 3678 lubrupoucettediltluri;
454 3605 539 3682 atque
558 3600 675 3673 insuper
693 3600 751 3658 illic
763 3603 858 3672 proxi·

74 3678 114 3720 ma
127 3673 190 3722 suut
204 3665 310 3738 praedia
331 3668 404 3739 ruris
424 3670 616 3740 Cassruatum,
638 3684 703 3742 quse
720 3681 861 3730 vocantur

76 3733 290 3816 loDrupoucellc
303 3738 337 3795 ds
350 3740 461 3796 Mouuct'
475 3740 506 3796 di
524 3742 551 3798 8.
567 3741 664 3810 Puoto,
680 3748 711 3799 ut
725 3756 761 3799 ex
781 3742 860 3800 tabu·

74 3804 327 3932 lumtopograptricis
343 3810 438 3867 Arueti
453 3818 482 3869 et
495 3811 645 3886 Cingulani
660 3811 743 3870 iacile
753 3813 857 3871 inteli-

130 3893 142 3930 Γ

94 3893 101 3931 ι
144 3920 150 3934 .

105 3946 131 4030 (b
159 3949 295 4008 praediola
316 3950 422 4022 aliquot
442 3951 472 4009 iu
492 3951 580 4011 iundo
600 3954 738 4012 diminuti
753 3970 769 4013 a
784 3962 857 4012 tern-

75 4031 177 4101 portus
191 4036 281 4093 usque
299 4022 411 4080 ottonis
429 4026 480 4092 lll,
499 4025 704 4083 monasterium
721 4026 750 4084 S.
767 4027 859 4084 blaxii

75 4089 234 4159 pumicum,
250 4098 282 4150 ut
297 4108 334 4150 ex
354 4093 485 4166 ejusdem
500 4096 681 4167 imperatoris
704 4095 860 4169 diplomate

74 4167 182 4218 mostat.
199 4165 410 4222 Totumeuteur
425 4172 504 4223 etex
523 4167 636 4240 integro
654 4168 792 4225 diminuti
810 4164 856 4226 ab·

74 4231 280 4316 tcicdoiuccps
305 4236 465 4307 acquisivit,
491 4246 524 4315 et
548 4237 624 4296 divis
653 4237 800 4296 Bonifacio
830 4247 860 4298 et

74 4299 271 4385 ltierroobtulrt
283 4307 384 4363 Petrus
399 4309 552 4380 episcopus
565 4310 657 4382 Sylvae
672 4309 815 4368 candide.

106 4370 143 4455 (lt
161 4375 311 4459 Crcomolu,
327 4392 390 4449 quea
404 4380 584 4450 postmodum
606 4388 706 4438 vocata
729 4388 772 4438 est
794 4380 856 4439 Cic·

73 4440 199 4523 cbrpuotc,
227 4461 256 4503 ru
277 4462 323 4504 vra
344 4448 498 4507 Ardeatino
520 4451 603 4519 d,000
646 4466 703 4509 ass.
727 4453 762 4509 ab
788 4451 859 4510 urbe

74 4510 176 4572 detaut.
191 4518 263 4575 Nam
273 4533 309 4574 ex
325 4518 432 4577 ubertis
445 4520 547 4590 babeo,
562 4467 643 4593 quotiJ
653 4536 730 4580 anno
744 4523 858 4581 Domini

75 4583 149 4667 ilii,
166 4587 391 4647 Bartholomaeus
407 4590 495 4648 abbas
515 4593 682 4650 monasterii
706 4595 756 4651 SS.
777 4595 859 4652 Boni·

73 4651 131 4735 fatu
141 4665 168 4713 et
179 4659 271 4717 Alexii
283 4660 388 4717 locarit
405 4662 498 4719 Nscio
512 4664 591 4720 Petri
606 4664 706 4721 (libelli
721 4669 783 4732 etc,
799 4669 855 4721 ter·

73 4728 134 4782 itum
150 4734 259 4799 purtem
283 4733 432 4803 cuiusdam
455 4734 563 4790 casalis
590 4734 660 4791 dicti
681 4736 857 4804 ntouusterii,

75 4797 136 4864 quod
157 4806 273 4857 secutur
290 4801 322 4857 la
343 4803 514 4874 Cicopuiolu.
540 4807 603 4862 Duo
617 4811 713 4862 autern
728 4820 805 4863 nunc
819 4806 858 4863 ibi

75 4874 174 4952 exstant
205 4870 339 4945 ejusdem
368 4874 495 4931 nominis
525 4873 691 4946 latifundia3
725 4891 856 4948 quorum,

74 4950 150 5022 nuum
158 4943 226 5014 Jurie
241 4950 286 5001 est
304 4942 489 5002 nobilissime
505 4948 764 5020 vetustissimeque
784 4962 856 5021 gen·

74 5013 104 5064 trs
120 5011 226 5079 drucio,
253 5014 326 5071 rubii
364 5030 398 5072 ue
422 5023 534 5073 constat
556 5017 618 5087 ¹99,
641 5025 726 5090 atquo
750 5033 858 5077 unucu-

73 5088 145 5149 patur
158 5084 187 5140 tc
202 5085 352 5168 caedique
364 5102 383 5141 e
398 5086 530 5158 Vccrdiu;
551 5089 671 5146 alterum
685 5104 762 5157 vero,
784 5090 859 5162 quod

72 5162 165 5211 recent
189 5156 218 5211 tu
245 5155 426 5227 thrbrpuctc
448 5174 531 5227 noua,
561 5159 650 5218 rublis
672 5167 784 5219 constat
811 5160 856 5231 69,

72 5226 148 5294 etque
162 5224 197 5308 ad
211 5227 377 5285 Melitenses
390 5229 507 5299 Equites
523 5233 653 5301 pervenit
666 5230 781 5290 Ordinis
796 5234 860 5289 lile·

72 5296 265 5379 tosolyrnrtani,
301 5314 352 5355 seu
386 5299 422 5356 ad
455 5301 614 5359 Prioratum
639 5303 667 5361 S.
698 5303 795 5360 liariae
823 5303 859 5360 dc

71 5362 216 5446 laentum,
252 5384 339 5441 quem
368 5384 445 5452 nunc
474 5371 583 5455 obtinet
614 5373 859 5432 eminentissimus

72 5440 859 5593 filateriisl.ttritittlt‘tlttltifttlt

72 5573 178 5636 bonorrs
191 5596 280 5639 causa
296 5596 424 5640 nomino.

80 5648 139 5727 ⁴(5)
158 5653 198 5709 fle
217 5652 388 5710 cretsinruit.
417 5653 571 5725 xnttqrrem
594 5657 752 5714 Romanam
772 5655 857 5715 fami·

70 5715 129 5778 iram
143 5720 178 5780 de
196 5723 292 5782 Cuivis
316 5721 363 5780 bic
382 5733 568 5784 memoratam
588 5729 728 5801 suspicor,
750 5727 786 5786 dc
801 5744 856 5802 qua

913 1427 1036 1505 sylvas,
1049 1442 1124 1487 cum
1137 1425 1222 1488 cesis
1233 1424 1274 1486 ad
1285 1425 1419 1502 pontem
1430 1422 1580 1484 Terzola.
1591 1421 1710 1484 Totum

913 1524 1139 1596 tenimentum,
1172 1523 1260 1602 quod
1295 1521 1417 1584 dicitur
1444 1522 1539 1599 prata
1562 1521 1603 1582 de
1629 1519 1708 1581 Pis-

913 1624 1035 1697 tilerio,
1069 1622 1167 1701 Juxta
1193 1621 1304 1683 rivum
1340 1620 1538 1682 Pretasium.
1577 1618 1706 1689 Totum,

914 1721 1133 1800 quod,vestro
1153 1719 1356 1780 monasterio
1382 1717 1525 1795 pertinet
1548 1717 1584 1778 in
1609 1718 1709 1778 Astu-

913 1819 965 1882 ria
980 1818 1028 1899 (9)
1045 1818 1079 1881 et
1099 1817 1133 1879 in
1153 1816 1265 1878 insula
1279 1816 1433 1888 Asteriae,
1452 1831 1528 1877 cum
1548 1814 1710 1892 piscatio·

914 1918 1022 1991 uibus,
1033 1914 1277 1986 venationibus,
1286 1913 1483 1990 naufragiis.
1499 1914 1620 1974 Terras
1634 1928 1710 1974 cum

914 2049 1025 2099 veteres
1039 2045 1152 2097 exstant
1175 2037 1350 2111 sepulcrales
1366 2036 1567 2109 inscriptiones
1585 2035 1615 2092 in
1634 2041 1707 2092 tern-

913 2114 968 2187 plis
983 2115 1011 2170 S.
1027 2110 1210 2169 Pantaleonis
1233 2116 1262 2166 et
1284 2110 1395 2167 Sanctae
1414 2107 1512 2165 itariae
1531 2108 1567 2165 de
1589 2107 1708 2177 Populo,

933 2198 986 2241 uas
999 2183 1083 2240 oliert
1103 2180 1269 2246 Theodorus
1284 2178 1471 2252 Amaydeuus
1488 2179 1518 2234 iu
1533 2177 1632 2237 codice
1653 2192 1708 2235 rus.

913 2200 1106 2315 gafauatteusi
1121 2268 1200 2310 num.
1212 2252 1275 2320 283,
1288 2250 1380 2318 cn'us,
1396 2258 1425 2307 et
1442 2250 1558 2308 ulterius
1577 2247 1710 2308 Cbrouici

914 2340 1094 2455 Tatilti
1108 2324 1198 2453 iiii
1216 2321 1426 2451 millae
1451 2321 1710 2465 allelluia

914 2469 978 2527 aliis
990 2466 1184 2526 monumentis
1192 2478 1305 2523 mecum
1316 2405 1707 2521 libentissimemmmunssa-

914 2541 955 2597 vit
968 2539 1011 2597 vir
1025 2538 1201 2597 clarissimus
1213 2536 1368 2618 Pompeius
1381 2532 1510 2591 marchio
1523 2530 1708 2616 Frangipaui.

914 2615 947 2670 ln
961 2626 997 2668 co
1008 2618 1102 2667 autern
1116 2624 1170 2666 ms.
1187 2606 1328 2667 Chronico
1342 2605 1404 2662 baec
1415 2605 1474 2678 legi
1490 2622 1496 2662 :
1514 2626 1526 2655 r
1541 2604 1619 2662 calvi
1635 2601 1708 2659 anti·

914 2682 1044 2810 quissimi
1057 2687 1183 2807 ᾳιιιιῑᾱιθῑΙ
1199 2677 1319 2761 nobiles,
1340 2684 1369 2733 et
1384 2691 1403 2804 3
1423 2676 1597 2805 cogpomiue
1609 2674 1710 2802 ugueffi

914 2756 1027 2883 ffirssrirae
1041 2759 1505 2903 gfgresrcg;,rdpgffissgemrtiusctugt,
1513 2761 1607 2874 »Ἥ
1615 2814 1708 2898 cardi·

914 2896 972 2954 nali
998 2895 1123 2954 Antonio
1150 2891 1186 2949 de
1207 2891 1430 2950 culvrsruenuo
1451 2888 1482 2960 fit
1503 2887 1578 2961 apud
1597 2887 1712 2946 Gracco

914 2968 992 3025 nium
1008 2974 1028 3024 t.
1044 2968 1072 3037 i,
1088 2978 1156 3049 pag.
1172 2963 1235 3031 72²,
1251 2976 1331 3044 uum.
1347 2961 1374 3017 e.
1438 3032 1445 3046 ο
1469 3030 1476 3043 .
1602 3029 1608 3041 ι

950 3036 991 3111 (6)
1014 3039 1114 3096 Turris
1129 3051 1161 3093 m
1178 3034 1350 3093 Fulccurouo
1367 3030 1403 3088 ad
1422 3037 1567 3089 unrstram
1581 3043 1636 3086 vua
1648 3029 1708 3102 Ap·

914 3111 968 3183 pire
983 3110 1066 3178 &000
1083 3122 1145 3181 pas.
1166 3105 1202 3163 ab
1221 3102 1291 3161 urbe
1314 3102 1481 3160 notissimus
1501 3102 1645 3166 locusest,
1663 3099 1712 3183 qui

913 3180 1016 3238 dicitur
1029 3181 1220 3250 Falsoquuuc.
1239 3174 1453 3247 Talcoguauum
1471 3179 1598 3231 veterem
1625 3169 1708 3254 farur-

914 3252 951 3310 lia
964 3253 1062 3312 Cincia
1077 3248 1213 3323 possidet.
1234 3253 1263 3303 et
1281 3252 1326 3303 est
1346 3245 1429 3303 rubl..
1444 3245 1507 3314 348,
1522 3257 1629 3301 novam
1643 3243 1708 3299 ltro·

913 3323 1020 3391 cardia,
1054 3321 1138 3389 rubi,
1164 3317 1243 3377 tota.
1275 3315 1348 3379 Vide
1373 3314 1542 3374 Esclriuard.
1569 3314 1710 3387 Descript.

913 3395 984 3466 Agri
1001 3393 1132 3461 Romani,
1147 3396 1220 3464 part.
1236 3386 1372 3470 secunda,
1387 3402 1451 3460 cap.
1464 3388 1491 3444 9.

950 3464 992 3538 (7)
1011 3462 1205 3522 Ecclesium&
1219 3460 1381 3528 aspiremus
1420 3473 1489 3530 rope
1510 3463 1635 3513 castrum
1656 3455 1707 3512 Sa·

913 3535 990 3605 belli,
1005 3537 1142 3609 pluraque
1162 3530 1259 3588 itidem
1284 3527 1388 3602 praedia
1400 3474 1482 3585 Yraud
1499 3526 1627 3609 procula
1644 3526 1710 3582 lacu

914 3607 1011 3675 lurni,
1026 3607 1094 3662 olim
1109 3598 1294 3676 possidebant
1313 3599 1444 3656 Alexiaui
1459 3597 1603 3655 monacbr.
1620 3598 1710 3653 Beue·

914 3678 1006 3737 dietus
1019 3677 1087 3734 olim
1103 3673 1191 3732 abbas
1205 3672 1339 3742 obiipucit
1357 3675 1468 3727 turrem
1484 3669 1554 3726 dicti
1570 3671 1709 3724 monaste·

912 3750 963 3819 rii,
978 3764 1038 3822 quta
1051 3751 1169 3805 uramur
1186 3745 1290 3826 &uuo
1303 3743 1477 3824 Eufumic...
1496 3740 1531 3796 de
1549 3740 1615 3795 locu
1635 3738 1709 3819 Tur·

913 3816 1206 3955 timuisitis:
1220 3807 1712 3962 lttxutatuiitaltl

913 3963 1039 4091 salsaque
1051 3957 1248 4088 ειὲηῗῶαεθαίἱθε
1256 3955 1326 4011 dicti
1335 3955 1509 4020 monastero,
1522 3949 1595 4022 quod
1604 3949 1711 4004 ducum

1096 4046 1113 4086 u
1244 4071 1251 4084 .

932 4047 1085 4177 affluas
1104 4070 1207 4157 Turu’o.
1228 4100 1270 4156 De
1286 4096 1351 4154 lacu
1370 4093 1468 4163 Turni,
1481 4105 1566 4165 quern
1586 4087 1712 4147 dicatum

915 4177 1008 4234 ferunt
1022 4171 1236 4231 astruentibus
1249 4170 1344 4226 Turno
1359 4166 1442 4239 Regi,
1460 4170 1619 4237 propterea,
1632 4158 1712 4244 'quod

914 4250 939 4306 is
949 4249 979 4304 iu
994 4262 1030 4303 eo
1044 4244 1210 4302 submersus
1220 4254 1310 4313 aquas
1323 4237 1571 4295 sulfureassaeras
1585 4232 1711 4299 fecisset,

915 4318 1045 4377 meminit
1067 4315 1221 4375 Columella
1244 4311 1434 4370 bestialior.
1456 4307 1506 4365 lib.
1528 4306 1572 4375 to,
1588 4319 1616 4362 r.
1639 4302 1710 4361 lati:

1020 4424 1054 4476 Et
1067 4423 1167 4475 Turnus
1177 4422 1248 4471 lacus
1261 4423 1286 4469 et
1297 4415 1397 4483 pomosi
1409 4413 1512 4465 Tiburis
1524 4425 1595 4464 arva.

914 4533 987 4593 iiiuc
999 4546 1071 4605 agor
1084 4529 1172 4588 Turni
1187 4524 1262 4600 apud
1273 4523 1403 4584 Juvenal.
1419 4529 1474 4579 sat.
1490 4534 1540 4589 rur,
1555 4535 1584 4576 v.
1599 4516 1676 4574 lut:

1006 4642 1147 4696 Arboribus
1158 4639 1270 4696 Rutulis,
1282 4643 1309 4689 et
1318 4635 1398 4689 Turni
1408 4633 1522 4700 pascitur
1530 4645 1589 4696 apro

1005 4705 1109 4757 Caesaris
1125 4707 1267 4755 armentum
1271 4735 1318 4752 .....

916 4806 985 4867 vide
997 4805 1109 4865 Latium
1118 4799 1271 4883 Proiuuum
1281 4795 1360 4855 card.
1376 4791 1538 4860 corradini,
1550 4788 1598 4847 lib.
1613 4802 1634 4857 r,
1645 4803 1709 4861 cap.

912 4858 1712 5016 altercatoriamliteratura

914 5034 1010 5087 mano,
1025 5015 1125 5085 tuedo
1143 5028 1219 5086 pass.
1235 5011 1348 5068 circiter
1361 5007 1397 5064 ab
1410 5005 1480 5063 urbe
1492 5012 1566 5062 tuter
1579 5016 1641 5060 vras
1655 5004 1710 5059 Ar·

913 5076 1712 5156 deatianametLaureutinaru.Praediuautemseuprcses·

913 5163 1019 5219 sionem
1029 5161 1109 5215 tucos
1121 5155 1213 5212 Turni
1225 5152 1301 5209 douo
1313 5148 1409 5208 datam
1422 5148 1480 5220 legi
1493 5161 1509 5204 a
1524 5148 1711 5226 Constantino

914 5235 1045 5306 Augusto
1059 5227 1185 5286 basilice
1205 5221 1374 5289 Albanensi,
1389 5227 1420 5276 ut
1433 5217 1520 5275 refert
1540 5219 1640 5274 Anast.
1662 5216 1708 5271 Br-

913 5303 1013 5361 bliotlr.
1035 5302 1066 5357 in
1086 5300 1145 5357 vita
1166 5294 1302 5368 sylvestri
1331 5294 1416 5363 rape
1440 5304 1519 5347 num.
1545 5300 1614 5369 xxx,
1636 5283 1712 5367 apud

914 5372 1102 5433 blanchinum
1126 5373 1197 5425 scot.
1222 5366 1257 5423 to
1280 5371 1309 5422 et
1329 5361 1507 5435 vignolium,
1533 5357 1582 5415 lrb.
1606 5352 1710 5413 Pontrf.

914 5461 993 5503 nuru.
1011 5457 1078 5501 xxx.
1537 5499 1543 5510 ·
1685 5496 1691 5508 ⁶

950 5516 1002 5587 (9).
1024 5515 1059 5570 lu
1081 5508 1203 5568 Asturia
1223 5511 1249 5565 ct
1270 5507 1301 5563 in
1323 5498 1711 5561 instauraremus

914 5588 1017 5646 fluvius
1030 5592 1057 5641 et
1070 5579 1232 5656 peninsula,
1251 5578 1300 5635 ubi
1322 5576 1390 5634 olim
1412 5570 1577 5654 oppidulum
1602 5577 1631 5625 et
1645 5568 1712 5625 villa

913 5656 1069 5722 Ciceronis,
1086 5664 1264 5779 uuucparva
1281 5663 1329 5704 arx
1345 5660 1410 5703 cum
1433 5652 1513 5727 turrr,
1536 5640 1623 5698 tirstat
1636 5641 1712 5712 Nep·

914 5731 992 5789 tuuio
1007 5734 1117 5800 septem
1138 5722 1226 5782 mrlra
1251 5732 1387 5792 passuum
1410 5716 1536 5786 Crreepos
1559 5726 1661 5770 vorsus
1676 5709 1713 5768 ad
