3980 6206
76 294 148 359 ,765
716 292 945 352 EPISTOLAE.
969 292 1047 350 LIB.
1071 293 1111 351 ΙΙ.
1193 370 1198 379 ἱ
1680 300 1739 359 766

91 451 317 530 requirantur,
347 450 426 513 licet
451 449 493 512 ad
527 450 741 513 sanctitatem
772 450 895 513 animae
949 450 1034 511 cimo
1045 451 1138 511 sexto
1149 450 1309 513 kalendas
1313 452 1412 530 junii,
1420 453 1630 531 pontificatus
1642 456 1748 518 nostri

93 548 452 628 operasolasuiiiciant
463 548 647 610 inecelesia
657 549 892 626 triumphante,
950 564 1037 609 anno
1053 547 1209 609 secondo.

94 647 350 725 diligentissime
379 646 587 724 inquirerent
613 647 654 709 de
683 649 835 723 utroque,
864 646 896 706 et
1287 637 1415 723 CGLV

92 762 166 823 ‹11¹ae
179 745 372 807 inleflirffi
384 744 529 807 fideliler
543 743 731 819 l0d18011¹20⁵
741 743 777 803 ΠΙ
789 743 897 820 Will-
1080 762 1132 821 Ad
1145 763 1328 822 uratocrsos
1343 764 1471 823 Cariati
1485 764 1611 835 fideles.

91 845 155 917 tis,
183 859 225 905 ea
247 843 342 904 nobis
377 842 642 905 transmitterent
670 841 732 903 sub
760 856 895 902 suorum
1239 860 1274 922 ll
1290 865 1359 921 ,naq
1375 865 1453 924 itit.

90 942 276 1004 munimine
299 938 503 1016 sigillorum3
517 941 682 1019 quatentm
704 954 764 1016 per
779 954 895 1000 eorum
1117 960 1224 1024 ΜΘ,
1235 962 1341 1013 popm,
1349 963 1459 1023 pomp„
1473 963 1503 1023 h,
1514 962 1582 1028 Μ]

93 1040 292 1102 relationem
313 1038 478 1109 instructi,
496 1039 528 1098 θῖ
546 1038 582 1101 in
596 1037 729 1113 negotio
745 1037 818 1112 iPSO
842 1051 898 1099 8Θ·
950 1048 1083 1109 Notiticat
1097 1049 1159 1109 orbi
1171 1048 1332 1110 Christiano
1344 1065 1376 1108 se
1391 1052 1421 1108 in
1433 1052 1567 1126 catalogo
1580 1053 1748 1112 Sanctorum

94 1137 221 1208 curius,
236 1136 376 1197 Domino
391 1134 586 1213 inspirante,
602 1134 782 1213 procedere
803 1134 898 1197 vale
986 1137 1174 1211 adscnpsisss
1199 1139 1612 1201 enldnmn‘enurtccusem
1634 1143 1745 1200 archia

94 1251 223 1309 remus3
237 1233 292 1311 qui
306 1233 413 1310 primo
424 1234 523 1311 Juxta
534 1232 682 1297 mucan
691 1230 900 1295 matriteno·
987 1228 1146 1300 hieronem.

94 1349 184 1404 rem,
212 1331 253 1392 de
283 1331 375 1392 illius
403 1330 667 1403 conversatione,
691 1345 732 1391 ac
756 1329 837 1399 vita,
857 1344 897 1391 ac
993 1327 1166 1389 Universis
1180 1326 1303 1391 Christi
1325 1328 1489 1403 fidelibus,
1506 1330 1568 1392 sal.
1584 1332 1618 1394 et
1638 1332 1748 1409 apost.

94 1429 216 1492 deinde
231 1430 272 1490 de
286 1429 459 1490 miraculis
473 1428 723 1507 inquisitionem
737 1426 897 1489 iacientes
952 1422 1228 1487 benedictionem.

92 1527 452 1606 perlegitimostastes,
464 1527 498 1589 et
507 1527 599 1588 omni
613 1525 810 1604 exceptione
825 1541 898 1586 ma·
991 1522 1119 1584 Divinae
1148 1522 1342 1599 benignitas
1377 1524 1511 1601 pietatis
1545 1527 1678 1588 sanctos
1715 1528 1749 1588 st

90 1623 895 1703 jorasadstrictosjnramsntivmcnodiiigenter,
952 1619 1074 1683 electos
1090 1636 1168 1682 suos
1181 1621 1217 1681 in
1233 1622 1377 1683 coelestis
1398 1623 1493 1699 regni
1513 1622 1671 1686 felicitate
1692 1623 1748 1686 lo·
1830 1614 1835 1641 '

92 1724 305 1795 invenerunt,
335 1722 444 1799 ipsum
477 1723 601 1784 sanctae
632 1721 897 1784 conversationis
953 1718 1099 1780 catosad
1115 1718 1575 1783 hocinterramiraculorum
1591 1738 1749 1783 corusca-

92 1821 230 1883 odorem
241 1819 431 1881 aliissuisse
440 1819 518 1880 dum
528 1819 666 1889 viveret,
675 1819 897 1895 etinsigninm
952 1817 1042 1877 tione
1055 1816 1227 1889 clarificat,
1244 1819 1281 1878 ut
1295 1817 1441 1879 fidelium
1455 1834 1514 1895 per
1527 1819 1591 1879 hoc
1605 1819 1749 1881 excitata

93 1917 334 1981 miraculorum
356 1917 568 1979 multitudine
593 1918 668 1995 post
681 1917 807 1979 obitum
829 1917 899 1977 cla·
953 1914 1094 1985 devotio,
1112 1930 1227 1975 eorum
1242 1915 1404 1990 suffragia
1421 1915 1522 1991 digna
1535 1917 1750 1978 veneratione

93 2017 215 2089 ruisse,
231 2032 305 2097 quae
319 2016 390 2078 tum
412 2016 490 2094 quia
514 2014 607 2077 vobis
627 2016 706 2077 nota
726 2017 813 2086 sunt,
829 2016 898 2077 tum
953 2013 1121 2090 deposcat.
1139 2011 1233 2074 Unde
1248 2028 1322 2073 cum
1341 2015 1378 2074 Β.
1398 2012 1609 2075 Guillclmum
1623 2013 1750 2075 Bituri-

94 2115 176 2193 quia
197 2129 259 2193 pro
283 2114 335 2175 sni
367 2113 578 2175 multitudine
604 2129 671 2175 non
686 2115 824 2190 possent
838 2111 899 2173 sub
954 2109 1394 2187 censemarclriepiscopom,
1407 2126 1504 2191 quem
1514 2111 1671 2175 Dominus
1686 2110 1751 2172 cla·

94 2211 260 2277 brevitate
294 2211 447 2283 narrari,
477 2211 634 2288 praesenti
671 2210 803 2288 paginae
832 2226 898 2272 non
954 2209 1001 2268 ris
1012 2208 1098 2269 sicut
1108 2206 1202 2268 nobis
1218 2207 1316 2283 plane
1328 2208 1487 2280 constitit,
1496 2208 1667 2269 miraculis
1678 2207 1752 2269 illu·

95 2310 256 2373 duximus
271 2308 461 2377 inserenda,
472 2308 590 2370 melius
603 2308 807 2371 aestimantes
820 2308 900 2369 scri-
955 2303 1082 2376 stravit,
1092 2306 1288 2367 Sanctorum
1299 2304 1450 2381 catalogo
1461 2306 1748 2382 adscripserimus,

95 2410 196 2487 lituro
210 2407 391 2484 gloriosam
407 2408 479 2483 ejus
494 2406 667 2468 historiam
684 2405 840 2467 universa
851 2422 901 2467 re
955 2418 1127 2465 monemus
1140 2402 1394 2465 universitatem
1406 2403 1551 2464 vestram
1563 2403 1600 2463 in
1610 2403 1749 2465 Domino

95 2507 262 2584 linquere,
282 2520 381 2582 quam
399 2504 515 2583 paucis
527 2504 761 2566 auctoritatem
776 2504 899 2565 nostrae
955 2501 988 2561 et
1001 2501 1185 2571 hortamur,
1203 2501 1365 2579 quatenus
1380 2503 1452 2577 ejus
1466 2500 1552 2577 apud
1572 2503 1675 2561 Deum
1691 2515 1752 2576 pa-

94 2602 199 2666 bullae
222 2602 432 2681 appositione
453 2602 640 2679 praestando
667 2617 741 2663 eam
762 2601 900 2678 reliquis
955 2597 1096 2670 trocinia
1118 2597 1245 2659 deuotis
1265 2597 1428 2661 mentibus
1447 2596 1643 2674 imploretis.
1669 2599 1751 2658 Cum

97 2702 243 2780 quodam
259 2701 355 2763 modo
375 2700 547 2777 derogare,
564 2700 648 2777 Ipsis
663 2700 774 2761 autem
793 2700 900 2760 mira·
956 2696 1065 2757 autem
1081 2699 1153 2772 ejus
1166 2694 1356 2761 venerabile
1372 2711 1492 2772 corpus
1507 2695 1551 2757 sit
1566 2695 1702 2767 deloco,
1715 2695 1751 2756 in

96 2800 195 2871 culis,
208 2815 282 2877 quae
303 2798 519 2877 inquisitores
547 2797 697 2875 praedicti
719 2797 814 2858 nobis
840 2796 900 2857 snb
957 2809 1020 2873 quo
1037 2793 1098 2864 est,
1122 2792 1163 2853 ad
1186 2792 1288 2854 alium
1317 2792 1600 2864 transferendum,
1627 2808 1688 2853 nos
1712 2791 1753 2852 de

97 2898 170 2958 suis
189 2896 310 2972 sigillis
325 2895 465 2967 inclusa,
488 2897 585 2972 prout
602 2895 637 2965 in
659 2895 824 2957 mandatis
846 2911 903 2956 re-
956 2890 1127 2952 beatorum
1142 2890 1233 2952 Petri
1255 2891 1288 2951 et
1308 2890 1416 2962 Pauli,
1442 2891 1475 2951 et
1493 2890 1598 2966 ipsius
1613 2889 1753 2965 gloriosi

95 2994 273 3072 ceperant,
298 2994 571 3065 transmiserunt,
606 2992 807 3054 examinatis
842 3008 902 3069 par
957 2988 1157 3051 confessoris
1189 2988 1318 3049 meritis
1353 2988 1555 3049 confidentes
1586 2986 1752 3048 universis

97 3091 410 3170 qnosdeiratribus
426 3083 694 3167 nostrispednus
713 3089 903 3166 etdiligen-
957 3085 1013 3163 qui
1044 3085 1086 3147 ad
1121 3085 1366 3151 solemnitatem
1397 3088 1468 3163 eJ'us
1500 3086 1573 3162 ipso
1606 3084 1660 3147 die
1688 3100 1751 3163 quo

96 3194 168 3265 ter3
186 3205 227 3251 ea
241 3190 373 3251 demum
389 3189 422 3248 in
435 3188 533 3266 pleno
549 3187 746 3250 consistorio
765 3187 902 3251 lecimus
958 3183 1187 3251 transferetur,
1216 3183 1269 3244 vel
1291 3183 1392 3245 etiam
1411 3182 1501 3244 inira
1525 3183 1659 3245 octavas
1678 3198 1753 3243 cum

97 3287 296 3350 solemniter
305 3286 452 3354 recitari,
468 3286 502 3347 et
513 3301 588 3349 cnm
604 3285 813 3347 sanctitatem
828 3301 902 3346 mo·
958 3281 1133 3343 devotione
1152 3281 1379 3352 convenerint,
1396 3281 1436 3342 40
1458 3279 1530 3341 dies
1551 3279 1754 3357 poenitentiae

96 3402 175 3447 rum
193 3388 227 3446 et
238 3384 409 3461 signorum
423 3383 579 3445 virtutem
594 3383 634 3444 ad
653 3381 802 3445 savorem
818 3383 904 3460 peti·
957 3379 1116 3456 injunctae
1132 3378 1335 3449 relaxamus.
1353 3377 1513 3438 Omnibus
1527 3378 1584 3454 qui
1599 3377 1640 3438 ed
1662 3380 1755 3454 ejus-

96 3483 215 3555 tionis,
240 3497 301 3558 pro
322 3496 386 3559 qua
406 3480 556 3559 praedicti
577 3478 848 3556 archiepiscopus
870 3482 903 3541 et
958 3475 1031 3536 dem
1046 3474 1276 3536 translationis
1291 3473 1534 3535 solemnitatem
1551 3474 1671 3536 futuris
1687 3489 1754 3534 an-

98 3579 256 3643 cancnici
289 3596 356 3640 una
389 3594 463 3640 cnm
496 3578 660 3655 episcopis
696 3578 729 3638 et
756 3577 903 3655 praelatis
958 3573 1010 3633 nis
1021 3573 1094 3649 ipso
1106 3570 1359 3633 translationnis
1370 3569 1424 3630 die
1438 3572 1631 3632 reverenter
1645 3585 1757 3630 acces·

98 3677 322 3739 Bituricensis
342 3676 523 3754 provinciae
547 3674 623 3735 aliis
638 3691 713 3752 quae
728 3674 905 3752 quampln-
959 3670 1075 3741 serint,
1090 3668 1239 3730 eamdem
1252 3667 1492 3743 indulgentiam
1503 3668 1732 3729 concedentes.

97 3775 200 3835 rimis
218 3773 433 3835 vehementer
453 3771 622 3834 instabant
637 3787 835 3833 concurrere
852 3771 906 3832 vi·
999 3768 1117 3829 Datum
1133 3769 1247 3827 Romae
1262 3765 1349 3842 apud
1366 3767 1399 3825 S.
1426 3766 1561 3826 Petrum
1577 3766 1614 3826 16
1633 3764 1755 3826 kalen·

99 3872 272 3939 deremus,
288 3870 436 3932 divinum
451 3872 485 3931 et
498 3869 679 3930 humanum
695 3868 801 3931 secuti
812 3868 906 3946 jndi-
960 3866 1019 3926 das
1029 3863 1117 3943 julii,
1134 3862 1344 3939 pontificatus
1360 3862 1466 3924 nostri
1484 3878 1571 3923 anno
1597 3860 1753 3923 secundo.

99 3971 204 4041 cium,
228 3968 268 4029 de
289 3967 430 4029 fratrum
453 3970 644 4029 nostrorum
667 3966 806 4028 consilio
832 3966 906 4043 post

99 4066 244 4128 murram
271 4064 544 4126 deliberationem
570 4063 718 4125 habitam
740 4080 815 4125 cum
838 4064 906 4125 eis·
1285 4011 1434 4099 GCLVI

99 4164 192 4234 dem,
218 4177 371 4224 necnon
400 4161 659 4238 archiepiscopis
683 4162 716 4223 et
741 4160 906 4239 episcopis
1051 4140 1411 4213 AdatCJl'l'eWOlmm
1426 4140 1671 4198 misinensem·

99 4264 185 4323 tunc
199 4259 419 4322 existentibus
434 4260 520 4336 apud
538 4258 654 4321 sedem
668 4259 904 4335 Apsotolicam,
1253 4253 1285 4309 li
1302 4251 1370 4308 maii
1388 4251 1466 4308 1218.

98 4373 189 4436 quos
211 4357 253 4419 ad
273 4356 450 4419 consilinm
464 4358 615 4417 nostrum
638 4356 848 4428 admisimus,
866 4355 907 4416 de
987 4351 1106 4414 megae,
1117 4348 1163 4399 nh.
1174 4349 1207 4411 1¹,
1222 4347 1295 4413 epist.
1309 4346 1378 4397 1098-
1390 4348 1447 4397 ⁵¹⁸³·
1459 4347 1496 4397 m
1507 4346 1582 4397 Porta
1595 4347 1629 4398 cu
1640 4346 1734 4411 anm]

98 4455 220 4517 divina
234 4453 476 4526 misericordia,
493 4455 526 4515 et
542 4453 691 4531 quedem
706 4455 819 4516 sancti
836 4469 908 4515 me-
1037 4446 1153 4508 nanda
1162 4454 1193 4506 ut
1206 4446 1356 4504 translatio
1368 4445 1497 4519 eorporis
1511 4447 1542 4504 B.
1555 4446 1697 4504 Guillelmi

98 4554 181 4616 ritis
193 4552 407 4624 confidentes,
420 4553 529 4628 ipsum
543 4554 740 4614 Sanctorum
754 4552 907 4628 catalogo
1139 4551 1205 4594 ⁰⁰1⁰
1221 4534 1316 4619 debita
1329 4534 1510 4593 ⁸⁰¹⁰¹¹¹¹¹¹¹³¹⁰
1521 4532 1579 4590 flii·

98 4651 263 4713 duximus
278 4649 542 4721 adscribendum,
553 4651 747 4722 statuentes,
760 4651 797 4711 ut
807 4648 908 4710 indie
1002 4645 1182 4716 Honorius,
1223 4644 1279 4714 tc,
1305 4640 1489 4705 venerabili
1508 4639 1606 4702 tratri
1625 4640 1760 4702 archie-

100 4748 324 4826 depositionis
335 4748 440 4824 ipsius
448 4747 599 4824 ejusdem
615 4747 778 4809 festivitas
791 4747 908 4809 devote
963 4745 1098 4821 piscopo
1116 4741 1298 4803 Bituricen.

99 4864 124 4909 a
139 4845 238 4909 vobis
251 4847 284 4907 et
297 4845 375 4906 aliis
387 4845 511 4907 OErristi
523 4844 676 4909 noctibas
691 4846 788 4909 annis
797 4846 909 4920 singu·
1003 4844 1084 4902 Cum
1100 4853 1221 4915 corpus
1232 4835 1319 4899 beati
1331 4835 1510 4908 Guillelmi,
1526 4835 1613 4897 sicut
1627 4837 1760 4913 accepi-

98 4944 148 5004 lis
167 4941 210 5002 de
225 4940 345 5003 caetero
367 4934 565 5003 celebretur.
581 4941 744 5012 Quocirca
754 4940 908 5001 deuotio·
964 4955 1048 5011 mus,
1065 4937 1173 5000 aleco
1193 4936 1230 4997 in
1245 4950 1309 5013 quo
1324 4934 1374 4995 est
1384 4933 1535 5012 oporteat
1549 4933 1590 4995 de
1608 4935 1758 4996 necessi-

99 5056 184 5102 nem
199 5040 346 5101 vestram
359 5055 532 5103 monemus
544 5039 579 5099 in
590 5039 731 5101 Domino
744 5041 776 5100 et
790 5038 908 5101 horta-
963 5038 1032 5099 tete
1046 5034 1234 5106 transferri,
1249 5032 1450 5095 fraternitati
1463 5034 1530 5093 tuae
1546 5047 1606 5110 per
1619 5034 1761 5110 Aposto-

98 5153 195 5209 mnr‚
221 5151 282 5214 per
296 5137 488 5215 apostolica
516 5136 611 5198 vobis
639 5137 763 5214 scripta
788 5136 909 5214 praeci-
965 5135 1029 5198 lica
1043 5133 1168 5211 scripta
1179 5130 1562 5207 mandamus,quatenus
1570 5129 1760 5191 convocatis

100 5235 231 5316 piendo
244 5224 450 5307 mandantes,
462 5234 626 5313 quatenus
638 5234 785 5312 ejusdem
797 5235 910 5296 Sancti
965 5232 1115 5310 praelatis
1127 5232 1161 5292 et
1173 5229 1251 5292 aliis
1265 5243 1348 5306 q'uos
1361 5226 1486 5289 videris
1500 5226 1668 5303 expedire,
1685 5241 1763 5287 cor-

98 5332 305 5398 memoriam
334 5348 409 5393 cum
444 5331 637 5394 celebritate
671 5332 782 5397 debita
809 5348 912 5394 rene—
967 5346 1028 5407 pus
1051 5329 1159 5407 ipsum
1185 5343 1282 5389 cures
1310 5342 1383 5388 cum
1411 5323 1522 5386 debita
1551 5323 1760 5386 solemnitate

101 5432 235 5503 rantes,
252 5432 325 5507 eJ‘us
345 5430 431 5507 apud
447 5433 550 5492 Deum
567 5430 729 5508 suffragia
743 5431 912 5493 humiliter
966 5426 1158 5499 transferre,
1172 5424 1277 5487 facias
1287 5423 1371 5485 illud
1386 5438 1462 5484 cum
1482 5421 1583 5498 digna
1599 5420 1762 5483 honorili-

99 5528 309 5605 imploretis.
968 5525 1076 5588 centia
1086 5523 1255 5586 collocari.
1264 5518 1762 5596 Datum'RomaeapudSanctum

149 5627 271 5688 Datum
293 5628 407 5688 Romae
420 5626 506 5703 apud
521 5628 677 5691 Sanctum
693 5627 839 5697 Petrum,
855 5626 914 5687 de-
968 5626 1102 5686 Petrum
1117 5624 1154 5682 16
1167 5618 1426 5697 kalendasJunii
1440 5632 1529 5679 enno
1545 5616 1701 5678 secundo.
