3958 6204
87 378 145 441 321
419 376 566 438 nxvnl.
579 402 623 421 ·-
636 375 682 437 IN
704 374 834 448 rasio
856 375 1142 441 PLURIMORUM
1164 377 1418 441 MARTYRUM.
1680 382 1743 441 322

85 536 279 602 dictionem.
304 535 371 609 Qut
390 536 474 600 tales
497 535 735 600 commotiones
749 534 840 598 videt
854 534 889 597 16
945 535 1038 598 Unde
1051 535 1145 598 multi
1158 537 1236 598 sunt
1250 535 1307 615 qui
1321 539 1435 599 amant
1449 536 1628 615 plurimum
1643 538 1677 601 et
1690 538 1744 601 at-

87 633 823 712 membrissuis,potesidicerecumApostolo:
839 637 891 695 Vi·
944 632 1067 695 sectant
1090 633 1260 697 ardentius
1294 635 1368 712 post
1402 651 1538 696 carnem
1571 636 1742 698 carnalius

85 736 271 795 1666116666
294 735 467 809 16666616
491 735 657 793 6666661616
680 734 889 806 666166666-
944 731 1091 806 evagari,
1110 730 1145 793 et
1170 731 1206 791 16
1233 730 1387 794 lomentis
1413 734 1601 794 accuratius
1621 733 1742 812 exqui-

84 830 252 908 pneniem
267 832 337 906 1661
361 830 489 892 mentis
504 844 603 891 meae.
620 829 720 901 Quasi
744 828 888 890 diceret:
944 828 1017 889 sitis
1035 828 1103 890 tam
1128 829 1164 889 in
1187 827 1302 890 habitu
1323 845 1422 907 quam
1446 831 1482 891 16
1508 830 1582 891 cibo
1610 830 1741 908 plenius

87 927 186 989 Video
196 928 304 988 terrae
314 928 435 999 motus,
448 926 506 988 sed
516 941 631 989 omnes
642 926 890 988 boniliceicon·
944 924 1116 997 oblectari,
1137 925 1170 988 et
1183 925 1218 986 16
1234 925 1399 987 cubilibus
1415 928 1449 989 et
1461 927 1692 1002 immunditiis,
1709 928 1742 992 et

84 1024 264 1087 turbentur
277 1024 316 1084 in
334 1023 388 1085 bis
405 1025 505 1086 terrae
520 1024 674 1096 motibus,
698 1039 764 1084 non
778 1023 889 1085 tamen
944 1022 973 1082 si
1002 1038 1076 1099 quae
1099 1022 1177 1084 sunt
1204 1022 1329 1084 similia
1362 1024 1430 1085 tam
1466 1025 1613 1101 peritura
1641 1042 1741 1103 quam

85 1121 312 1184 absorbentur
331 1121 418 1183 sicut
432 1121 593 1198 perversi.
616 1122 657 1183 nt
673 1120 887 1199 pestilentiae3
944 1120 1180 1196 peremptiora,
1197 1119 1338 1182 multum
1363 1122 1537 1197 gratulari.
1561 1123 1743 1185 Laetantur

86 1219 279 1297 6661166116
287 1219 342 1280 est
350 1217 504 1280 avaritia.
513 1218 596 1290 Quia
606 1217 692 1279 sicut
701 1216 889 1294 pestilentia
944 1221 1037 1278 enim
1066 1232 1147 1278 6666
1177 1219 1426 1292 malefecerint,
1461 1219 1496 1281 et
1521 1222 1679 1282 66611661
1704 1225 1742 1283 ie

87 1315 196 1377 subito
219 1315 356 1377 1666111
381 1330 517 1392 corpus,
542 1315 576 1376 61
600 1314 725 1391 passim
752 1313 890 1376 devorat
943 1317 1047 1374 rebus
1057 1317 1219 1389 pessimis
1241 1311 1333 1393 (Pro.
1355 1329 1392 1388 11,
1410 1313 1475 1395 14).
1490 1317 1547 1378 Isti
1563 1318 1652 1379 certe
1667 1318 1742 1380 ine-

89 1414 259 1485 universa,
283 1412 332 1474 ita
353 1412 497 1474 avaritia
523 1412 682 1474 interficit
703 1412 833 1472 animas
853 1411 889 1471 16
944 1408 1043 1470 briati
1077 1410 1154 1472 sunt
1188 1410 1382 1488 absynthi03
1417 1411 1474 1490 qni
1498 1412 1605 1474 661616
1634 1412 1739 1475 iraeno

88 1509 242 1572 omnibus
255 1509 351 1572 locis.
364 1509 460 1573 Unde
474 1509 653 1572 Zacharias
665 1508 705 1570 de
720 1509 863 1570 avaritia
880 1530 887 1568 ε
943 1506 1044 1568 totius
1066 1507 1262 1580 honestatis,
1279 1509 1312 1570 et
1335 1507 1545 1572 abstincmiae
1565 1510 1741 1573 66166611-

87 1611 168 1671 lloec
191 1609 247 1670 est
261 1613 380 1670 6661616
404 1622 526 1669 eornm
546 1610 584 1667 ln
602 1607 890 1669 6616666616666
944 1605 1077 1676 666116,
1093 1605 1261 1681 tamquam
1288 1622 1365 1667 sues
1397 1607 1433 1667 in
1459 1606 1643 1670 volutabris
1665 1607 1737 1680 luti,

87 1704 200 1783 (Zacb.
230 1721 267 1777 v,
292 1703 339 1784 6).
356 1704 434 1766 ideo
453 1704 595 1767 avaritia
614 1703 736 1766 dicitur
748 1703 887 1767 oculus:
943 1703 1111 1778 16666661
1131 1717 1231 1763 66666
1250 1701 1452 1764 dormientes
1466 1704 1502 1765 in
1530 1707 1739 1777 666661666-

86 1803 161 1878 qnia
175 1801 395 1864 61661666166
410 1802 460 1864 est
473 1801 687 1874 insatiabilis,
704 1801 750 1862 ita
761 1801 888 1862 61666-
943 1813 1043 1876 quam
1061 1799 1226 1877 jumenta,
1249 1800 1523 1877 concupiscentes
1541 1802 1577 1863 in
1592 1803 1739 1865 stercore

87 1900 174 1961 ritia.
194 1899 293 1961 Unde
310 1899 588 1962 Ecclesiasticus:
615 1899 889 1960 lucettottltuest
943 1911 1016 1958 suc.

87 2003 202 2059 oculus
225 2000 349 2072 crepidi
372 1995 488 2075 (116611,
506 1993 640 2076 1669).
668 1996 750 2058 item
772 2016 780 2055 ε
802 1996 889 2056 61661
983 1994 1134 2058 16116661
1152 1994 1209 2073 qui
1231 1992 1428 2068 latronibus,
1456 2012 1598 2074 quorum
1621 2014 1740 2060 manus

87 2094 202 2155 oculus
216 2095 271 2156 est
290 2093 475 2156 membrum
488 2093 525 2155 in
544 2108 683 2171 corpore
695 2093 886 2170 pretiosius,
943 2092 1129 2163 evaserant,
1153 2092 1273 2153 iterum
1302 2094 1458 2171 expositi,
1473 2094 1741 2157 recrudescenti-

87 2190 133 2252 ita
153 2193 188 2253 et
213 2192 362 2253 avaritia
388 2190 464 2268 plus
491 2190 642 2271 diligitur
657 2189 701 2251 ab
722 2188 887 2277 omnibns.
942 2186 1005 2249 bus
1024 2189 1131 2266 plagis
1151 2191 1316 2266 coguntur
1339 2190 1465 2268 utique,
1491 2192 1739 2255 necimmerito

87 2290 194 2350 Item:
209 2288 299 2350 sicut
326 2287 514 2365 pestilentia
545 2304 612 2350 666
641 2287 761 2365 recipit
783 2286 888 2348 ullum
942 2283 1063 2347 debent
1083 2286 1116 2348 et
1133 2288 1273 2364 possunt
1288 2287 1474 2350 reclamare
1491 2306 1498 2344 :
1517 2291 1740 2352 Petruernnt

87 2385 284 2458 remedium,
301 2386 350 2448 ita
361 2386 395 2448 61
406 2385 549 2448 avaritia
563 2401 630 2447 666
644 2385 762 2462 recipit
775 2384 888 2462 poeni·
942 2384 1105 2458 61666166
1126 2385 1208 2445 sunt
1230 2386 1410 2448 cicatrices
1433 2401 1522 2448 66666
1536 2384 1605 2465 (Ρ6.
1624 2388 1675 2459 37,
1691 2386 1737 2467 6).

88 2482 238 2544 16611666.
257 2484 382 2545 Multos
396 2483 485 2545 enim
497 2483 698 2555 invenimus,
715 2482 772 2560 qui
787 2481 888 2558 agant
943 2479 1035 2551 Quod
1046 2480 1296 2543 contradicitur
1307 2482 1501 2544 :abstinete
1512 2497 1743 2546 nosocomia-

89 2580 333 2658 poenitentiana,
360 2581 402 2643 16
432 2581 579 2654 luxuria,
607 2596 686 2643 raro
711 2582 821 2642 antem
847 2579 888 2640 de
940 2580 1028 2638 libus
1063 2580 1256 2649 1661166116,
1285 2594 1363 2652 aare
1395 2580 1546 2641 6611116661
1570 2583 1742 2643 aduersus

90 2679 248 2740 avaritia.
273 2681 303 2740 0
318 2678 407 2757 ignis
421 2678 700 2757 inextinguibilis,
724 2677 888 2755 cupiditas
941 2671 1244 2752 6616666611Ρ616.
1259 2689 1295 2746 6,
1315 2671 1461 2754 11).1616
1481 2674 1654 2752 Scriptura
1674 2692 1740 2736 no·

90 2775 308 2837 insatiabilis!
324 2776 570 2854 Quisumquam
583 2775 723 2853 cupidus
735 2775 887 2837 16116616
941 2770 1047 2831 minat
1061 2785 1181 2847 pecora
1194 2770 1303 2848 campi
1316 2770 1428 2847 utpote
1451 2772 1638 2835 nescientes
1661 2772 1739 2836 61166

90 2874 284 2935 contentus?
298 2875 379 2934 Cum
390 2872 586 2951 adipiscitur
600 2872 686 2951 quod
703 2872 885 2951 optaverat,
942 2871 1094 2934 semitam
1103 2871 1380 2945 strictiorem‚sed
1389 2873 1547 2950 perviam
1557 2874 1738 2951 spatiosam

90 2969 259 3032 desiderat
270 2970 445 3049 ampliora.
461 2974 597 3048 Semper
619 2971 655 3032 in
667 2969 839 3042 habendis,
855 2970 889 3030 et
941 2969 1740 3046 1666166666666661666166661666.1166611166

92 3083 272 3145 numquam
290 3068 328 3129 in
342 3067 466 3130 habitis
482 3068 582 3130 tinem
597 3067 778 3131 constituit
793 3065 887 3130 Unde
942 3066 1089 3129 carnalis
1105 3067 1381 3143 concupiscentiae
1396 3067 1481 3130 solet
1494 3071 1529 3131 61
1542 3069 1635 3131 novit
1649 3087 1740 3148 prau-

86 3164 127 3225 16
142 3164 375 3227 Ecclesiastico
392 3183 399 3221 :
416 3166 626 3228 insatiabilis
641 3166 888 3227 6616661666-
941 3164 1038 3240 cipue
1053 3162 1094 3225 16
1109 3163 1327 3225 saecularibus
1337 3164 1556 3242 triumphare,
1573 3167 1631 3227 sed
1653 3168 1738 3244 proli

91 3265 173 3336 pidt,
200 3266 238 3323 tn
263 3265 404 3336 partem
429 3264 624 3337 1616616116
647 3278 716 3325 noc
739 3263 886 3325 6611611-
942 3259 1052 3322 161661
1069 3261 1167 3322 Nunc
1194 3262 1376 3338 pertransit
1398 3262 1434 3323 in
1459 3263 1536 3325 illos
1557 3263 1738 3341 aliquando

92 3361 162 3432 tur,
176 3359 449 3422 secundnmillud
456 3360 658 3423 Salomonis:
670 3364 809 3423 Avernas
818 3375 888 3422 666
941 3358 1114 3435 regulares
1128 3358 1282 3430 intactos,
1299 3359 1428 3421 occulte
1446 3362 1557 3423 tamen
1580 3377 1647 3424 non
1663 3378 1739 3424 ma-

92 3458 286 3532 icnptebttur
294 3462 456 3533 6666616,
472 3459 507 3520 61
520 3462 579 3533 qui
592 3458 689 3522 amet
706 3461 884 3534 66666166,
942 3455 1073 3529 6116616,
1093 3472 1114 3518 6
1140 3455 1244 3518 161666
1259 3458 1293 3518 61
1318 3458 1413 3533 66661
1432 3474 1476 3519 ex
1494 3458 1640 3537 obliquo,
1661 3460 1740 3537 quia

94 3555 226 3627 {nutus
237 3570 308 3618 non
321 3557 435 3630 captet
447 3558 568 3618 66616.
942 3569 1009 3615 666
1023 3568 1123 3632 66666
1133 3552 1193 3616 sed
1208 3553 1389 3628 voluntate,
1404 3556 1560 3619 6666616
1576 3557 1741 3620 6611661-

135 3652 207 3713 'tria
232 3652 341 3715 solent
369 3652 515 3715 maxime
542 3652 693 3714 homines
714 3651 885 3726 affectare,
942 3651 1046 3712 derio.

97 3763 182 3824 opes,
196 3749 398 3826 voluptates,
412 3750 566 3812 bonores.
580 3752 627 3811 De
639 3748 756 3827 opibus
770 3766 885 3829 parva,
983 3748 1149 3825 Scriptum
1164 3749 1215 3810 est
1229 3748 1340 3811 autem
1361 3771 1370 3810 ε
1391 3753 1604 3825 (1616611611
1620 3753 1655 3815 61
1669 3767 1740 3815 666

97 3844 364 3924 16661661611166
391 3848 513 3925 turpia,
537 3847 577 3909 de
598 3847 781 3909 bonoribus
800 3864 886 3911 6666
937 3846 1047 3919 66166,
1063 3846 1219 3921 profecto
1232 3847 1408 3921 consputat
1421 3851 1525 3910 Deus.
1541 3850 1646 3910 Porro
1657 3865 1741 3911 con-

98 3944 283 4019 666661661
300 3945 392 4007 11116
407 3944 482 4007 istis
493 3945 574 4007 dicit
584 3944 606 4009 J
608 3960 733 4007 oannes
746 3945 782 4006 16
798 3946 888 4022 epis-
937 3941 1147 4019 cupiscentia
1159 3942 1343 4015 oculorum,
1358 3943 1522 4021 cupiditas
1536 3945 1570 4006 et
1581 3960 1676 4008 amor
1689 3963 1740 4009 re·

98 4040 159 4103 tola
180 4043 343 4111 canonica
364 4044 503 4107 :Nolite
532 4045 676 4120 11116666
705 4046 884 4115 mundum,
941 4055 1016 4101 rum
1042 4040 1262 4113 exteriorum,
1290 4056 1363 4118 666
1397 4040 1432 4103 61
1457 4042 1601 4105 avaritia
1629 4044 1741 4106 nomi·

97 4153 197 4213 66666
207 4155 251 4202 66
261 4140 427 4215 quaesunt
437 4143 474 4202 tn
486 4142 714 4213 6666166616
725 4143 887 4215 66166611
941 4139 1052 4200 66166.
1066 4138 1229 4201 Caeterum
1249 4138 1371 4200 dicitur
1391 4139 1574 4214 ocvdorum,
1587 4142 1665 4220 quia
1680 4159 1739 4220 per

97 4237 199 4298 66116
225 4241 366 4310 mundo,
389 4238 452 4299 aut
472 4238 749 4312 concupiscentia
767 4241 887 4299 carate
941 4234 1055 4297 oculos
1083 4236 1259 4312 penetrant
1288 4236 1322 4298 et
1348 4237 1538 4315 irrumpunt
1562 4256 1667 4317 usque
1697 4242 1739 4303 ad

96 4332 472 4409 6616166666616666116
484 4338 670 4404 6661666666,
682 4333 887 4408 6166666116
941 4334 1086 4394 animam
1107 4356 1115 4394 ε
1138 4334 1258 4413 quibus
1286 4334 1489 4398 denuntiatis
1513 4339 1655 4416 amplius
1681 4356 1740 4410 ac-

20 4414 22 4429 '
96 4428 322 4507 6116601666.
338 4445 376 4503 6,
400 4429 755 4510 16)(16666616666116
774 4430 885 4492 carnis
941 4431 1092 4492 cenditur
1116 4433 1239 4504 anima,
1267 4433 1300 4496 et
1323 4433 1553 4498 vehementius
1582 4439 1623 4498 ad
1652 4438 1739 4500 obti-

97 4524 134 4585 ad
146 4527 342 4605 voluptates,
366 4528 637 4606 concupiscentia
656 4528 829 4589 oculorum
843 4528 883 4590 ad
939 4527 1085 4588 nendum
1100 4529 1262 4591 irritatur.
1276 4529 1369 4591 Unde
1385 4530 1562 4607 plangebat
1575 4534 1737 4596 ieremias

23 4650 24 4653 ¹
97 4636 180 4698 opes,
205 4625 364 4703 superbia
391 4625 470 4688 vitae
497 4626 642 4703 pertinet
661 4625 702 4686 ad
728 4623 883 4686 bonores.
940 4622 1152 4687 lamentando
1163 4626 1427 4689 dicenszoeeles
1441 4633 1736 4703 6666166616-

24 4774 26 4787 .
98 4718 175 4795 Opes
208 4722 372 4797 66666661
395 4720 608 4797 cupiditatem
634 4723 669 4783 61
690 4720 883 4796 6666111666
941 4723 1218 4786 tusestcntmum
1227 4738 1342 4785 666661
1354 4721 1490 4802 (Thren.
1505 4741 1555 4798 111,
1571 4724 1636 4804 51).
1653 4727 1693 4790 Et
1702 4728 1736 4789 in

24 4796 27 4853 t
98 4816 273 4894 voluptates
287 4818 424 4897 6661661
443 4817 555 4894 gulam
569 4819 603 4879 61
617 4818 801 4892 luxuriam;
818 4817 884 4879 bo·
940 4819 1007 4881 alio
1035 4819 1109 4881 loco
1134 4835 1143 4880 :
1169 4822 1268 4883 Mors
1294 4820 1442 4881 intravit
1466 4836 1535 4895 per
1563 4825 1737 4896 fenestras

98 4926 187 4975 nores
214 4916 368 4978 66161661
394 4915 583 4993 superbiam
618 4915 651 4977 61
673 4914 883 4994 jactantiam.
941 4914 1023 4995 (ter.
1039 4932 1087 4988 rx,
1107 4913 1173 4994 21),
1194 4915 1291 4988 idest,
1315 4931 1376 4995 per
1391 4918 1505 4980 oculos
1532 4921 1737 5001 caeterosque

100 5011 194 5081 Quam
223 5012 431 5076 detestabilis
459 5013 504 5076 sit
536 5013 712 5090 cupiditas,
741 5013 886 5076 ostendit
940 5029 1058 5076 sensus
1072 5029 1261 5092 corporeos.
1271 5013 1363 5086 Quod
1376 5014 1405 5075 si
1418 5017 1526 5079 motus
1541 5019 1736 5084 tentationis

100 5107 263 5183 Apostolus
289 5111 406 5173 dicens
423 5131 431 5170 ι
447 5112 563 5173 Radia
589 5115 746 5172 emnium
776 5116 887 5173 malo-
940 5111 1088 5173 sentiens
1103 5110 1504 5187 animanonconsentiat,
1518 5119 1632 5179 sancta
1647 5120 1739 5195 patet

99 5209 230 5269 6666661
240 5209 413 5283 cupiditas
428 5205 458 5286 (1
469 5207 551 5269 Tim.
566 5223 611 5279 vr,
625 5204 690 5287 10).
705 5207 755 5269 Ad
768 5222 886 5270 concu·
940 5222 1020 5270 area
1048 5206 1105 5268 ubi
1133 5207 1307 5270 conflictus
1338 5207 1480 5272 habetur
1507 5214 1540 5274 et
1562 5229 1684 5290 pugna,
1708 5216 1737 5275 si

101 5300 284 5374 piscaritiam
306 5304 419 5367 carnis
435 5305 573 5382 spectat,
588 5305 621 5366 et
643 5305 763 5367 attinet
780 5306 886 5382 potis-
940 5304 1124 5383 speratura
1138 5307 1206 5366 Deo
1216 5307 1249 5367 et
1258 5322 1319 5383 666
1333 5308 1448 5381 Deum,
1463 5312 1558 5387 cujus
1571 5310 1739 5373 obtinetur

101 5397 686 5481 simumadmoilitiemetvoluptatem
699 5404 885 5464 carnalium
939 5401 1017 5463 laeta
1048 5402 1200 5486 victoria,
1237 5402 1330 5475 Quod
1369 5405 1399 5465 si
1434 5405 1518 5468 torte
1548 5408 1737 5471 consentiat

101 5493 341 5561 desideriorum.
357 5502 443 5562 Caro
461 5499 581 5578 quippe
600 5503 716 5561 nostra
730 5501 885 5563 venatrix
938 5500 1063 5572 anima,
1088 5499 1194 5576 culpae
1219 5502 1386 5577 gravioris
1415 5500 1534 5564 teritur
1547 5502 1734 5581 dispendio,

102 5594 357 5668 estdeliciarum,
372 5612 446 5673 qum
459 5597 560 5659 licere
572 5598 666 5675 putat
680 5598 713 5659 61
727 5598 884 5675 expedire
939 5596 1018 5659 licet
1044 5597 1192 5659 nondum
1217 5599 1367 5675 corporis
1391 5599 1471 5661 mali
1489 5600 1649 5677 sequatur
1674 5620 1738 5667 ex-

105 5689 247 5770 quidquid
261 5694 408 5765 sitinde,
424 5694 510 5772 qaod
525 5711 598 5757 eam
611 5696 715 5773 possit
729 5695 882 5758 delinire.
939 5694 1053 5772 616116.

212 5838 330 5885 ramos.
347 5838 424 5882 rous
438 5825 475 5883 ll.
649 5874 654 5878 .
827 5888 831 5897 ⁴
1520 5828 1579 5886 itt
