3982 6196
109 367 169 428 653
742 360 971 422 EplSTOLAE.
996 362 1073 422 LIB.
1098 363 1138 422 ΙΙ.
1701 364 1760 422 esc

110 528 181 589 et..
195 523 346 602 ejusdem
364 522 430 584 loci
440 524 509 583 et...
526 521 567 584 de
578 518 728 583 Exidolio
741 519 908 599 prioribus
964 520 1108 582 ramenti
1116 520 1385 597 transgressione
1398 520 1558 582 canonice
1574 519 1762 598 punientes.

110 624 322 686 lemovicen.
337 620 503 683 dioecesis.
965 619 1143 697 Postquam
1159 619 1270 680 autem
1280 619 1389 697 ipsum
1400 618 1599 696 receperint,
1616 619 1762 696 eligendi

153 726 262 796 Quum
286 720 381 782 bonae
407 718 577 780 memoriae
593 715 805 778 Innocentius
825 731 910 792 papa
966 717 1179 794 praepositum
1190 718 1288 795 jnrta
1303 717 1453 779 ecclesiae
1464 733 1534 778 suae
1549 716 1766 780 consuetudi-

111 820 341 898 praedecessor
349 816 549 879 nosterolim
558 814 781 876 suisdedisset
791 812 911 875 litteris
966 830 1053 882 nem,
1075 814 1205 876 sublato
1232 813 1409 893 cujuslibet
1428 815 1712 887 contradictionis,
1733 816 1767 876 et

112 920 148 980 in
161 916 329 978 mandatis
338 914 484 992 capitulo
495 913 609 974 Sancti
617 911 754 975 Juniani
764 911 913 973 116111111-
967 912 1200 990 appellationis
1221 912 1403 986 obstaculo,
1430 912 1621 975 concedatis
1640 912 1766 974 eisdem

112 1032 187 1078 cen.
213 1014 368 1077 dioecesis
403 1013 439 1074 ut
464 1012 620 1074 dilectum
646 1010 752 1071 fllium
777 1009 912 1071 Petrum
967 1011 1107 1072 liberam
1128 1009 1330 1084 facultatem,
1353 1011 1509 1073 revocato
1531 1012 1566 1073 in
1583 1011 1715 1073 irritum
1737 1012 1766 1071 si

112 1112 220 1175 Barbe
229 1112 387 1174 clericum
397 1111 432 1171 in
439 1107 830 1184 canonicumreciperent
839 1105 913 1168 etin
967 1108 1055 1186 quid,
1070 1108 1242 1186 postquam
1257 1109 1394 1171 nuntius
1410 1109 1474 1171 iter
1486 1108 1630 1186 arripuit
1646 1108 1687 1169 ad
1704 1111 1766 1170 81-

113 1211 263 1283 iratrem,
281 1208 402 1270 dilecto
412 1206 481 1269 lilio
497 1208 533 1267 b.
548 1205 786 1267 archidiacono
800 1206 914 1265 Lemo·
967 1206 1042 1267 dem
1053 1206 1277 1284 Apostolicam
1291 1207 1462 1279 seniendi,
1482 1222 1583 1285 super
1600 1206 1764 1285 praeposi-

113 1309 223 1369 vicen.
240 1302 912 1384 1161111111111111111111111111111111111-
967 1306 1042 1367 turo
1061 1304 1096 1365 in
1119 1320 1234 1368 eorum
1248 1304 1481 1383 prejudicium
1498 1304 1693 1368 inveneritis
1714 1305 1767 1366 at-

113 1405 245 1468 toribus
255 1403 431 1481 deputatis,
447 1403 547 1463 iidem
557 1402 754 1463 executores
762 1399 797 1460 in
807 1399 913 1475 ipsius
967 1401 1140 1464 tentatum.
1165 1404 1252 1464 Sane
1267 1419 1309 1464 ne
1328 1403 1402 1480 quis
1426 1400 1511 1464 forte
1533 1404 1690 1464 causetur
1708 1417 1766 1462 eos

114 1504 180 1566 loci
196 1501 376 1564 canonicos
394 1500 517 1561 dictum
532 1499 690 1561 clericum
700 1498 798 1576 juxta
817 1512 913 1558 man·
964 1502 1021 1578 jus
1042 1499 1188 1575 eligendi
1213 1516 1273 1577 per
1300 1500 1469 1562 diversum
1495 1500 1654 1577 temporis
1681 1500 1769 1560 ami-

112 1601 230 1665 datum
239 1597 626 1677 Apostolicumrecipere
636 1594 829 1658 recusantes
841 1595 914 1671 post
969 1598 1064 1670 sisse,
1091 1599 1245 1660 nolumus
1273 1599 1360 1676 quod
1378 1603 1509 1676 tempus
1533 1598 1670 1677 lapsum
1689 1599 1768 1659 ante

114 1697 374 1776 appellationem
389 1696 430 1757 ad
443 1711 504 1757 nos
519 1693 561 1755 ab
576 1695 626 1755 eis
636 1693 794 1769 legitime,
809 1693 846 1755 ut
857 1692 913 1753 di·
969 1711 1160 1758 concessam
1178 1696 1242 1757 sibi
1263 1696 1407 1773 eligendi
1425 1696 1594 1759 licentiam
1614 1696 1663 1758 eis
1689 1711 1767 1758 cur-

114 1797 213 1869 111111,
230 1794 440 1871 interjectam
455 1791 820 1864 excommunicationis,
836 1790 914 1851 etin
968 1796 1031 1865 ret,
1049 1811 1124 1856 cum
1140 1794 1339 1868 constitutis,
1352 1811 1425 1873 quae
1436 1794 1477 1856 de
1492 1794 1682 1873 hujusmodi
1694 1794 1769 1871 lap-

113 1908 230 1955 eorum
245 1891 422 1954 ecclesiam
444 1890 613 1953 interdicti
633 1889 815 1950 sententias
835 1903 915 1964 pro·
969 1909 1009 1953 su
1036 1892 1195 1970 temporis
1224 1877 1386 1969 loquitur,
1417 1894 1533 1954 contra
1556 1890 1768 1969 negligentiae

112 1991 274 2054 tulerunt.
298 1992 403 2051 Porro
424 1988 531 2067 ipsius
556 1986 621 2049 loci
644 1985 833 2064 preposite,
857 1985 912 2062 qui
969 1990 1087 2051 vitium
1098 1989 1199 2052 luerit
1211 1991 1431 2068 promulgata,
1442 1992 1476 2052 et
1488 1990 1512 2051 ii
1523 1989 1588 2052 dici
1604 1990 1770 2066 nequeant

113 2105 181 2150 una
198 2105 276 2151 cum
292 2102 406 2149 eorum
435 2087 552 2148 nuntio
568 2082 823 2162 appellationem
846 2084 913 2143 bu-
969 2087 1187 2164 negligentes,
1203 2104 1302 2165 quum
1314 2104 1380 2150 non
1395 2088 1531 2165 possent
1545 2088 1668 2164 eligere
1681 2102 1770 2165 prae-

110 2186 260 2264 jusmodi
285 2185 423 2257 fecerat,
449 2184 680 2255 orassemus,
706 2182 911 2259 prosecutus,
970 2187 1085 2247 sertim
1101 2202 1200 2264 quum
1226 2202 1269 2247 ex
1297 2186 1377 2248 uicti
1403 2185 1584 2247 cardinalis
1613 2184 1769 2247 mandato

114 2284 287 2345 subtracto
303 2282 436 2345 interim
451 2278 916 2356 31113010οθ,8111010011111·
970 2282 1131 2356 nostram,
1145 2283 1199 2344 111
1216 2286 1288 2360 ejus
1299 2284 1492 2346 tenerentur
1506 2283 1675 2345 licentiam
1686 2298 1768 2359 pos-

116 2382 265 2443 matione
281 2379 515 2459 praedlctarum
534 2376 775 2441 sententiarum
795 2375 915 2437 11111111
970 2381 1090 2444 tulare.
1112 2381 1204 2453 Quod
1220 2381 1249 2442 si
1264 2397 1332 2443 non
1352 2397 1479 2450 omnes,
1500 2381 1577 2453 etc,
1599 2380 1664 2442 duo
1686 2395 1767 2442 ves-

110 2482 183 2557 jam
199 2477 332 2540 anobis
346 2475 489 2539 obtentis
504 2491 564 2553 per
578 2473 736 2537 clericum
750 2489 917 2536 memora·
969 2482 1070 2552 trum,
1099 2480 1162 2541 etc.
1187 2479 1308 2541 Datum
1336 2479 1493 2542 Laterani
1517 2478 1635 2556 quarto
1663 2493 1770 2540 nonas

114 2578 197 2649 tum,
210 2575 352 2637 dilectus
360 2574 452 2635 filius
461 2574 617 2636 nosterB.
628 2570 716 2634 tituli
725 2572 915 2634 sanctorum
971 2577 1083 2640 martii
1098 2593 1188 2639 anno
1201 2577 1358 2641 secundo.

115 2674 283 2737 lobannis
318 2673 352 2734 11
383 2671 481 2734 Pauli
512 2669 687 2748 presbyter
722 2667 914 2736 cardinalis,

116 2772 319 2849 Apostolicae
333 2769 576 2846 Sedistegatus,
588 2767 621 2829 et
634 2767 793 2843 magister
802 2769 839 2828 L.
852 2768 917 2827 Le-
1313 2746 1431 2834 CLIV

117 2870 281 2932 1111111111.
290 2867 558 2938 archidiaconus,
566 2863 819 2943 expartelegati
832 2866 917 2942 ejus·
1015 2892 1067 2951 Aa
1085 2889 1314 2966 praepositum
1327 2890 1362 2951 εἰ
1376 2891 1414 2950 θ’
1434 2889 1468 2950 et
1484 2892 1524 2951 R·
1543 2891 1726 2952 canonicos

115 2967 204 3039 dem,
226 2982 286 3044 per
299 2966 428 3028 litteras
443 2980 522 3025 suas
536 2962 753 3027 inhibuerunt
772 2962 916 3039 capitulo
1271 2990 1458 3049 memes

115 3065 197 3127 dicti
212 3064 277 3126 loci
292 3079 334 3125 ne
350 3062 478 3139 absque
490 3062 603 3122 nostro
617 3060 671 3122 rel
688 3063 761 3138 ejus
777 3075 917 3120 assensn
1165 3086 1166 3099 ,
1460 3031 1468 3047 ’

115 3161 335 3240 procederent
347 3160 387 3222 ad
399 3160 594 3221 electionem
605 3157 775 3236 praepositi
790 3156 918 3219 iacien-
1264 3110 1378 3168 '‘mar‘'
1396 3110 1474 3168 ¹²¹⁸·

115 3260 204 3322 dam·
221 3258 430 3332 Quamidem
443 3257 623 3335 capitulum
640 3259 676 3318 Ρ.
693 3256 733 3316 de
746 3256 919 3317 Montecu·
1004 3227 1124 3291 11111111,
1136 3226 1182 3278 lib.
1199 3226 1229 3284 11,
1243 3225 1584 3292 61111921111111111111
1599 3224 1633 3275 du
1648 3224 1742 3287 111111]

115 3357 495 3420 culicanonicumsuum
506 3355 700 3417 adnostram
709 3353 918 3431 pl'oesessfiitl'ss
973 3341 1123 3400 Constituit
1140 3339 1252 3413 1111110118
1267 3354 1317 3412 pit)
1340 3339 1389 3396 lile
1408 3337 1468 3412 jam
1487 3345 1657 3407 contestata,
1673 3339 1703 3394 iu
1718 3352 1773 3409 qua

115 3456 296 3517 destinavit
314 3469 375 3531 pro
389 3452 609 3525 absolutione,
631 3467 671 3512 30
690 3465 832 3511 assensu
855 3450 919 3511 θη,
1006 3428 1094 3502 judex
1120 3443 1194 3486 nnus
1215 3434 1344 3485 mortuus
1357 3435 1386 3484 11
1409 3427 1482 3484 alius
1493 3425 1699 3499 impedimento
1721 3426 1772 3483 de·

115 3553 219 3630 gandi
236 3552 451 3631 prepositum
467 3550 686 3628 postulandis,
698 3563 858 3611 concessa
873 3547 916 3619 ei,
1009 3524 1124 3576 mem*

117 3653 209 3713 sicut
231 3666 292 3729 per
314 3666 430 3712 eorum
454 3646 635 3726 apparebat
656 3647 796 3719 litteras,
811 3645 917 3706 libera
1014 3633 1183 3698 Honorius
1199 3632 1330 3694 dilectis
1345 3631 1523 3704 1111111101
1544 3630 1774 3708 111101)Οὸ11091

117 3749 295 3826 potestate,
313 3749 477 3810 uteorum
490 3747 564 3808 1116
578 3743 786 3821 singulorum
799 3743 833 3804 et
846 3759 920 3803 om·
974 3733 1134 3811 magistro
1156 3734 1194 3792 G·
1215 3733 1315 3792 Gom·
1329 3731 1363 3791 01
1377 3732 1416 3792 R·
1433 3729 1473 3789 (10
1489 3729 1650 3791 Lauduno
1668 3744 1772 3790 cano·

116 3848 213 3908 nium
222 3848 258 3907 in
270 3846 448 3923 praesentia
459 3848 571 3907 nostra
583 3842 747 3919 reciperet
760 3841 918 3903 clericum
975 3832 1060 3893 uicis
1078 3833 1214 3893 Remen-

116 3945 335 4016 antedictum,
347 3944 446 4022 quod,
462 3943 540 4004 licet
553 3957 666 4003 coram
681 3938 829 4017 praelatis
844 3954 921 4000 exe·
1014 3928 1221 3991 Praesentata
1230 3924 1324 3987 nobis
1332 3927 1432 3986 Gorn.
1442 3924 1654 3985 Suessionen.
1664 3923 1773 3984 archi-

117 4042 303 4113 autoribus,
326 4041 450 4102 suerint
463 4039 645 4116 adimplere
660 4038 781 4116 parati,
796 4036 918 4114 nequi·
974 4027 1107 4089 diaconi
1119 4025 1233 4102 petitio
1249 4023 1449 4095 continebat,
1468 4021 1555 4100 quod
1571 4038 1672 4098 quum
1686 4021 1776 4083 inter

117 4141 362 4203 verumtamen
376 4136 417 4198 ab
428 4138 476 4199 eis
487 4136 706 4198 absolutionis
720 4133 919 4196 beneficium
975 4124 1139 4203 qnondam
1153 4126 1192 4184 R.
1209 4122 1487 4199 praedecessorem
1511 4134 1607 4181 suum
1623 4134 1666 4180 ex
1679 4119 1774 4195 parte

119 4234 281 4297 obtinere.
300 4237 424 4295 Verum
443 4232 580 4310 prelato
601 4234 638 4292 P.
659 4231 798 4293 iacimus
817 4229 921 4291 bene-
975 4238 1042 4284 una
1056 4221 1090 4284 et
1108 4219 1292 4296 capitulum
1314 4218 1428 4280 Sancti
1449 4216 1540 4278 Petri
1559 4217 1774 4279 suessionen.

119 4333 234 4396 licium
261 4330 479 4393 absolutionis
505 4328 663 4407 impendi,
690 4330 724 4390 61
745 4326 919 4405 praefatum
975 4319 1150 4388 exaltem,
1179 4331 1280 4394 super
1300 4315 1535 4394 iurisdictione
1561 4331 1660 4393 quam
1689 4314 1776 4374 idern

118 4431 280 4493 clericum
293 4428 397 4505 recipi
411 4427 453 4489 ab
470 4426 597 4488 eodem.
616 4428 684 4488 Nos
699 4426 802 4502 igitur
820 4425 920 4486 tinem
974 4417 1232 4480 archidiaconus
1262 4431 1297 4476 se
1318 4414 1456 4476 indicta
1482 4413 1625 4474 ecclesia
1647 4412 1777 4473 ratione

118 4526 393 4605 praedicticlerici
402 4523 728 4586 laboribusvolentes
736 4524 918 4601 imponere,
976 4516 1277 4586 archidiaconatus,
1293 4510 1645 4590 proponebatbabere‚
1667 4526 1778 4585 quaes-

119 4643 159 4688 ac
170 4624 382 4687 indemnitati
392 4623 544 4684 ecclesiae
555 4637 656 4698 snper
667 4621 829 4683 electione
839 4635 921 4697 prae·
975 4614 1022 4677 tio
1037 4616 1234 4680 verteretur,
1247 4611 1381 4673 taudem
1396 4610 1437 4670 de
1452 4608 1613 4669 bonorum
1628 4607 1776 4667 virorum

121 4724 224 4802 positi
256 4736 464 4800 praecavere,
495 4719 688 4781 discretioni
715 4719 834 4779 vestrae
861 4732 921 4793 per
976 4712 1128 4783 consilio,
1145 4708 1351 4771 Bernardum
1361 4704 1600 4768 cancellarium
1612 4702 1775 4765 Parisien.

120 4821 313 4901 apostolica
338 4819 463 4895 scripta
488 4816 684 4878 mandamus
713 4817 920 4892 quatenusa
975 4812 1009 4873 et
1043 4809 1220 4885 magistros
1249 4803 1382 4867 Raduli.
1415 4806 1552 4865 Reman.
1582 4802 1615 4863 et
1643 4802 1777 4863 Petrum

121 4919 264 4996 singulis
282 4918 324 4979 de
344 4916 491 4994 capitulo
511 4915 585 4992 ipso
604 4914 716 4975 standi
735 4929 836 4991 super
857 4912 921 4974 boc
975 4909 1102 4970 Briton.
1119 4904 1260 4966 clericos
1276 4917 1377 4979 super
1402 4901 1465 4961 boc
1491 4899 1637 4962 arbitros
1660 4898 1776 4975 elege-

120 5017 279 5079 mandato
293 5016 407 5077 nostro
421 5014 555 5090 recepta
569 5011 737 5089 juratoria
752 5009 919 5082 cautione,
976 5005 1065 5077 runt,
1087 5003 1259 5081 quiquam
1284 5001 1437 5076 suscepto
1465 4998 1604 5060 arbitrio
1631 4997 1714 5060 adeo
1742 4997 1777 5057 in

120 5114 290 5179 interdicti
308 5112 508 5175 sententiam
519 5108 722 5180 relaxantes,
734 5108 817 5186 ipsis
828 5107 923 5169 abso·
977 5102 1135 5182 praedicto
1155 5098 1288 5176 negotio
1312 5096 1562 5175 processissent,
1584 5095 1670 5173 quod
1695 5110 1777 5171 pro-

121 5212 261 5277 lutionis
271 5211 469 5272 beneficium
479 5206 690 5285 impendatis,
703 5207 736 5268 61
746 5205 923 5283 praecipia-
977 5201 1084 5263 dnctis
1105 5197 1256 5269 testibus,
1274 5196 1306 5258 et
1323 5194 1585 5273 depositionibus
1601 5192 1778 5271 publicatis

119 5310 303 5375 tiseisdem
324 5307 503 5369 subdebito
519 5304 659 5383 praestiti
670 5303 866 5380 jnramenti,
888 5304 924 5363 ut
978 5314 1104 5369 eorum,
1138 5294 1347 5371 receptisque
1382 5290 1640 5369 allegationibus
1679 5291 1776 5351 utro-

121 5410 195 5471 sine
210 5422 313 5469 morae
327 5404 500 5482 dispendio
515 5403 550 5464 in
570 5401 706 5464 fratrem
730 5401 763 5463 et
783 5399 923 5462 eanoni—
978 5411 1127 5473 rumque,
1143 5393 1225 5455 actis
1240 5389 1394 5453 omnibus
1409 5390 1552 5452 redactis
1575 5388 1610 5449 in
1631 5387 1775 5464 scriptis

122 5523 198 5570 curn
217 5502 383 5581 recipiant
397 5501 554 5563 clericum
575 5492 789 5567 antedictum,
806 5513 874 5570 eos,
894 5497 924 5557 si
979 5497 1012 5557 et
1025 5493 1211 5570 sigillorum
1235 5505 1370 5551 suorum
1386 5486 1604 5565 impressione
1622 5485 1775 5561 signatis,

121 5607 186 5669 boc
207 5604 320 5665 iacere
338 5598 543 5670 recusarent,
568 5599 601 5659 et
616 5613 731 5659 eorum
746 5595 923 5660 ecclesiam
978 5591 1153 5655 arbitrium
1167 5587 1317 5667 prolerre
1335 5585 1504 5657 deberent,
1521 5583 1645 5646 eisdem
1661 5583 1695 5644 id
1707 5583 1776 5645 dil-

122 5707 157 5768 in
173 5702 337 5783 pristinas
351 5698 549 5761 reducentes
562 5695 757 5771 sententias,
776 5696 809 5757 et
821 5693 861 5755 de
873 5697 924 5771 ju·
979 5689 1160 5753 terentibus
1186 5702 1246 5766 pro
1267 5701 1337 5749 suae
1357 5682 1452 5746 libito
1475 5681 1667 5754 voluntatis,
1692 5698 1777 5744 1111111
