3928 6200
224 295 286 357 375

221 451 348 519 serdot
372 455 465 517 Tolle
491 451 638 524 verbum,
665 451 744 529 quid
771 450 821 513 est
850 465 936 528 aqua
957 449 1024 511 nisi

223 555 333 631 aquai
346 553 437 626 Quod
459 566 538 627 ergo
567 549 726 610 Dominus
756 547 837 609 dicit
853 569 860 608 :
874 563 893 607 1
909 546 1023 608 Mundi

225 651 305 712 estis
326 652 459 727 propter
483 661 670 707 sermonem
685 660 782 722 quem
798 646 927 706 locutus
950 660 1023 704 sum

224 746 339 816 vobis,
364 744 431 805 tale
459 745 509 804 est
534 741 631 818 quasi
663 740 779 803 dicat:
806 743 880 803 Jam
910 740 1024 800 mundi

225 843 306 904 estis
335 856 395 917 per
421 839 632 916 baptismum,
666 837 723 899 sad
754 840 861 899 virtus
891 837 1025 898 mundi-

225 937 389 1000 ficationis
415 952 480 998 non
511 938 562 998 est
586 936 621 997 in
648 952 734 1013 aqua
756 936 813 997 sed
837 936 872 995 in
901 934 1021 1006 verbo,

223 1035 301 1111 quia
328 1049 413 1110 aqua
440 1034 577 1094 mundat
598 1049 657 1110 per
680 1031 864 1093 verbum.»
887 1033 1024 1091 Verum-

223 1134 335 1194 tamen
347 1147 455 1209 neque
469 1130 606 1194 verbum
621 1130 694 1190 sine
708 1145 806 1206 aqua,
820 1143 926 1205 neque
936 1143 1023 1204 aqua

224 1230 297 1299 sine
318 1230 419 1291 verbo
446 1229 609 1307 purificat.
642 1228 705 1290 Sed
734 1226 830 1305 quasi
853 1241 941 1303 aqua
964 1241 1024 1303 per

223 1327 361 1389 verbum
374 1327 537 1404 purificet,
549 1326 656 1388 virtus
668 1322 911 1402 purificationis
926 1323 1024 1385 attri-

222 1424 337 1486 buitur
353 1424 476 1486 verbis.

263 1524 403 1585 Meneta
422 1522 582 1585 tremeat
601 1536 662 1598 epo
674 1523 711 1582 111
730 1518 1020 1598 000111101111,

226 1619 273 1699 4).
295 1621 364 1681 Nos
385 1635 557 1682 manemus
570 1620 605 1680 in
622 1618 752 1680 Christo
764 1618 932 1694 tamquam
944 1614 1022 1693 pal·

224 1717 321 1779 mites
344 1718 380 1779 in
408 1718 487 1791 vite,
515 1720 674 1793 tanquam
696 1715 823 1793 lapides
845 1715 880 1776 in
901 1713 1023 1774 lunda-

224 1818 345 1886 manto,
361 1816 530 1892 tamquam
544 1814 650 1876 stellae
663 1815 698 1874 iu
713 1813 909 1874 diademate.
923 1814 1024 1872 Tam·

224 1930 322 1991 quam
333 1912 485 1990 palmites
496 1913 531 1973 in
540 1912 621 1985 vite,
632 1911 881 1988 suscipientesa
892 1909 1022 1970 Christo

223 2011 435 2086 augmentum
463 2011 592 2085 gratiae,
615 2010 702 2071 sicut
725 2008 878 2084 palmites
899 2006 1022 2067 humo-

223 2123 294 2169 rem
315 2107 501 2184 suscipiunt
515 2122 535 2167 a
549 2107 628 2167 vite.
646 2106 740 2167 Unde
760 2105 796 2165 in
816 2104 1021 2178 Evangelio:

223 2208 275 2267 De
282 2204 499 2278 plenitudine
512 2207 588 2276 0101
602 2219 666 2265 aas
684 2217 803 2265 omnes
815 2205 1020 2276 accepimus.

225 2301 260 2362 Si
275 2301 350 2378 quis
374 2300 476 2377 igitur
495 2301 622 2377 palmes
643 2300 695 2365 est
716 2299 876 2377 praecisus
900 2313 920 2359 a
941 2298 1020 2369 rite,

224 2414 291 2459 non
305 2399 414 2476 potest
427 2398 551 2460 habere
569 2398 752 2469 humorem,
764 2397 860 2468 idest,
878 2396 1021 2471 gratiam

225 2496 267 2557 ad
283 2497 435 2558 salutem.
451 2498 520 2557 Nos
542 2511 714 2557 manemus
735 2495 770 2554 in
785 2494 917 2556 Christo
937 2493 1023 2555 tam-

225 2609 324 2671 quam
339 2592 466 2670 lapides
481 2592 516 2653 iu
531 2592 755 2664 fundamenta,
775 2592 853 2669 quia
868 2590 954 2653 sicut
969 2590 1023 2650 di-

225 2691 271 2753 cit
292 2690 470 2767 Apostolus
485 2712 493 2750 :
507 2692 664 2753 Citrrstus
687 2691 739 2752 cst
759 2689 1023 2764 fundamentum

226 2787 343 2867 (1001.
360 2804 409 2859 111,
427 2786 491 2868 11).
508 2791 548 2849 Ε1
560 2787 677 2850 heatus
693 2789 812 2849 Petrus
826 2785 907 2848 dicit
919 2785 1023 2847 fideli·

223 2885 303 2946 bus:
319 2889 392 2960 lpst
405 2886 583 2959 tamquam
595 2889 725 2960 lapidea
744 2888 815 2945 0101·
831 2887 1023 2959 supercadi-

223 2985 378 3056 licemini
388 2982 473 3062 (Pet.
491 2998 527 3051 11,
543 2981 588 3061 5).
607 2983 711 3057 Igitur
723 2982 874 3042 Christus
889 2982 939 3042 est
951 2980 1022 3040 iun-

224 3079 427 3150 damentum,
452 3079 548 3150 idest,
569 3078 702 3140 initium
723 3080 756 3139 et
780 3077 1021 3138 firmamentum

224 3177 371 3237 omnium
382 3176 575 3237 electorum.
592 3176 743 3236 Christus
759 3177 809 3236 est
819 3173 1020 3235 tundamen-

224 3276 294 3336 tum
308 3273 477 3345 Ecclesiae,
494 3273 572 3350 quia
590 3272 676 3334 sicut
689 3273 757 3333 tota
773 3272 889 3333 domus
903 3271 1021 3332 nititur

224 3369 450 3443 fundamento,
464 3370 511 3431 ita
524 3370 593 3432 tota
608 3369 756 3431 Ecclesia
771 3370 899 3445 regitur
911 3370 943 3431 et
957 3385 1021 3445 gu-

223 3467 384 3529 bernatur
407 3483 426 3528 a
444 3467 587 3539 Christo,
613 3467 691 3544 quia
708 3468 795 3529 sicut
815 3465 1021 3543 (1101111101-

223 3565 331 3628 tolus:
348 3566 505 3628 Christus
523 3566 575 3627 est
588 3565 692 3639 caput
704 3565 739 3626 ct
755 3565 1020 3639 memorantem

223 3666 385 3725 Ecclesiae
397 3660 496 3741 (Eph.
517 3679 549 3735 v,
566 3661 632 3741 23).
648 3663 776 3738 Corpus
795 3663 845 3722 est
859 3660 1018 3733 Ecclesia,

224 3759 372 3822 mamhra
387 3760 536 3837 corporis
551 3760 628 3821 sunt
643 3759 767 3836 singuli
781 3758 905 3820 fideles.
927 3758 1021 3821 Unde

223 3858 401 3935 Apostolus
427 3859 554 3919 181001
579 3861 616 3918 ic
648 3872 717 3919 uuo
742 3871 887 3931 corpore
912 3856 1021 3918 multa

223 3959 380 4018 retemire
400 3959 708 4027 1010111110,0111110
727 3952 846 4016 aretem
865 3957 1021 4016 membra

222 4056 461 4115 0000011111εο1
471 4055 588 4114 actum
596 4052 730 4120 hadent,
743 4051 793 4112 ita
805 4053 1022 4113 septitanum

224 4164 351 4224 cerpus
364 4164 485 4209 0011111
499 4151 536 4208 tre
551 4149 686 4209 Christo
702 4146 811 4225 (Rom.
825 4162 886 4218 1111,
900 4146 944 4226 4).

264 4245 347 4316 Quia
361 4245 446 4306 sicut
458 4244 574 4305 domus
586 4244 703 4320 incipit
716 4259 855 4319 surgere
868 4259 888 4304 a
901 4244 1022 4305 lunda-

224 4342 355 4413 mentis,
377 4341 422 4402 ita
452 4341 599 4402 Ecclesia
626 4341 755 4417 accepit
776 4340 976 4417 principium
1000 4358 1020 4402 a

225 4438 367 4501 Christo.
379 4440 460 4500 Item
469 4437 810 4499 sicutsondamentum
818 4438 927 4514 portat
936 4455 1020 4500 onus

223 4538 325 4600 totius
344 4537 473 4609 domus,
496 4536 542 4598 ita
565 4535 718 4597 Christus
731 4535 819 4610 regit
839 4535 1020 4597 Ecclesiam

224 4636 258 4697 et
270 4636 380 4713 portat
392 4636 428 4696 ut
447 4636 562 4710 surgat
575 4635 611 4695 in
625 4632 740 4704 altum,
756 4633 820 4694 hoc
839 4634 899 4705 est,
917 4649 1021 4710 usque

223 4732 265 4795 ad
287 4734 417 4796 coelum.
440 4732 584 4794 Proinde
602 4747 663 4792 nos
685 4730 742 4809 qui
757 4747 871 4792 sumus
890 4731 1020 4808 lapides

223 4831 304 4904 vivi,
333 4832 437 4893 simus
468 4830 686 4907 conglutinati
719 4831 891 4902 caemento,
922 4830 1018 4902 idest,

224 4928 412 5000 dilectione,
429 4930 462 4990 et
475 4930 663 4991 haereamus
677 4928 903 4999 fundamento,
920 4927 1018 4995 idest,

224 5026 366 5094 Christo,
378 5028 535 5102 tanquam
551 5026 655 5089 stellae
670 5026 705 5086 in
721 5026 919 5097 diademate,
933 5026 1020 5087 sicut

224 5124 348 5199 legitur
368 5123 403 5182 in
421 5122 632 5199 Apocalypsi,
658 5122 745 5200 quod
768 5126 914 5185 ioannes
937 5122 1021 5184 vidit

223 5221 396 5284 mulierem
411 5220 566 5280 amictam
580 5220 662 5292 sole,
673 5221 706 5281 et
719 5220 798 5281 luna
810 5221 870 5282 suh
881 5219 1020 5297 pedibus

224 5323 309 5398 ejus,
332 5319 421 5381 etin
442 5317 550 5393 capite
571 5320 644 5394 ejus
668 5333 825 5379 coronam
848 5318 1019 5380 stellarum

225 5417 409 5479 duodecim.
425 5415 546 5477 Mulier
566 5414 624 5476 illa
647 5415 812 5491 significat
825 5416 1018 5488 Ecclesiam,

225 5531 299 5593 quae
314 5516 387 5577 erat
401 5514 520 5576 amicta
538 5513 619 5584 sole,
635 5512 731 5585 idest,
746 5513 931 5575 divinitatis
946 5514 1019 5574 cla-

224 5612 389 5675 ritatem
406 5612 487 5674 luna
501 5612 575 5675 erat
598 5610 660 5673 sub
674 5610 812 5689 pedibus
831 5613 914 5689 ejus,
936 5610 1022 5674 idest

683 290 861 353 HONORII
883 290 930 351 111
949 288 1099 351 OPERA.
1114 318 1156 335 -
1169 289 1404 352 SERMONES.

1816 296 1876 355 376

1077 452 1166 514 totus
1195 451 1348 513 mundus.
1378 452 1418 512 Et
1451 449 1487 512 ln
1515 450 1625 528 capite
1659 454 1744 530 ejus,
1776 452 1875 527 idest,

1079 551 1220 621 Christo,
1237 549 1295 627 qui
1311 550 1362 610 est
1378 549 1477 625 caput
1496 548 1662 620 Ecclesiae,
1684 552 1736 611 est
1751 565 1879 613 corona

1078 646 1251 709 duodecim
1277 646 1460 718 stellarum,
1488 645 1584 718 idest,
1606 646 1767 723 perfectio
1800 664 1877 708 om-

1078 747 1170 806 nium
1196 745 1387 805 electorum.
1419 745 1504 804 Nam
1533 744 1733 821 quicumque
1764 744 1880 808 lucent

1078 841 1207 917 fulgore
1228 841 1381 918 Justitiae,
1411 841 1487 901 sunt
1514 840 1682 916 tamquam
1707 842 1816 902 stallae
1841 844 1878 903 iu

1078 953 1202 1000 corona
1245 938 1390 1008 Christi,
1429 938 1482 1000 vel
1525 936 1727 999 diademate.
1769 941 1879 1014 Igitur

1078 1051 1271 1097 maneamus
1305 1036 1340 1097 in
1376 1035 1506 1097 Christo
1526 1037 1695 1113 tamquam
1718 1037 1880 1112 palmites

1077 1134 1112 1194 in
1134 1134 1211 1205 vite,
1228 1133 1440 1209 suscipiendo
1452 1131 1494 1193 ab
1513 1133 1586 1209 ipso
1599 1133 1772 1193 humorem
1797 1149 1882 1210 gra-

1078 1231 1145 1303 tiae,
1161 1233 1327 1307 tamquam
1339 1230 1467 1308 lapides
1479 1231 1514 1291 in
1525 1229 1749 1302 fundamento,
1763 1231 1878 1294 aditae-

1077 1328 1180 1389 rendo
1198 1328 1250 1388 iili
1266 1328 1361 1388 tlrma
1380 1328 1554 1400 charitate,
1579 1328 1748 1404 tamquam
1772 1329 1880 1391 stellae

1077 1426 1113 1486 in
1128 1425 1325 1497 diademate,
1341 1424 1536 1500 refulgendo
1548 1422 1622 1486 luce
1632 1425 1785 1502 iustitia.

1119 1523 1275 1600 Sequitur
1289 1542 1296 1582 :
1308 1524 1407 1584 stac
1416 1527 1549 1597 palmas
1569 1524 1762 1598 nonpotcst
1779 1527 1882 1598 sruc-

1078 1619 1882 1695 tremasemetipso.Triplicemgratiamsumunt

1078 1717 1242 1794 palmites,
1266 1733 1286 1777 a
1310 1716 1452 1789 Christo,
1478 1716 1642 1789 videlicet,
1668 1719 1882 1795 praevenien-

1077 1817 1155 1886 tem,
1189 1814 1462 1881 sanctificantem,
1496 1795 1792 1888 consummantem,
1822 1816 1879 1878 vel

1077 1912 1340 1974 confirmantem.
1353 1911 1513 1972 Similiter
1522 1912 1687 1989 triplicem
1698 1913 1877 1974 humorem

1077 2010 1178 2071 sumit
1201 2009 1327 2086 palmes
1350 2009 1470 2080 avite,
1494 2009 1601 2085 primo
1623 2010 1659 2069 ut
1682 2009 1878 2082 viridescat,

1078 2106 1224 2168 secundo
1239 2109 1276 2168 ut
1289 2105 1433 2167 fructum
1445 2105 1556 2177 iaciat,
1571 2107 1670 2168 tertio
1683 2108 1719 2168 ut
1730 2106 1880 2169 fructum

1077 2204 1118 2265 ad
1150 2205 1373 2266 maturitatem
1401 2203 1575 2280 perducat.
1603 2206 1717 2266 Gratia
1746 2221 1882 2281 praere-

1078 2302 1174 2363 niens
1188 2301 1269 2364 lacit
1280 2301 1449 2378 palmitem
1464 2300 1676 2373 viridescere,
1688 2301 1784 2373 idest,
1800 2302 1882 2363 fide·

1077 2400 1142 2460 lem
1164 2400 1286 2461 honam
1309 2399 1517 2461 voluntatem
1539 2397 1672 2460 habere.
1699 2401 1738 2461 Et
1765 2399 1881 2475 graus

1077 2496 1283 2573 subsequens
1297 2495 1378 2557 iacit
1391 2496 1538 2557 animam
1556 2495 1678 2557 bonum
1693 2512 1776 2573 opus
1791 2513 1880 2573 par-

1075 2594 1194 2667 turire,
1208 2595 1245 2655 ut
1259 2594 1364 2670 possit
1382 2593 1423 2655 ad
1439 2594 1664 2656 maturitatem
1678 2593 1878 2670 perducere.

1077 2693 1190 2755 Gratia
1219 2691 1424 2754 fructificans
1448 2691 1529 2753 lacit
1554 2691 1706 2769 palmites
1729 2690 1879 2753 fructum

1077 2791 1202 2862 lacere,
1214 2789 1310 2861 idest,
1332 2789 1446 2850 fideles
1466 2788 1553 2850 hona
1575 2804 1676 2866 opera
1699 2789 1879 2866 perlicere.

1076 2890 1123 2948 De
1144 2888 1251 2964 prima
1271 2888 1304 2948 et
1320 2888 1421 2948 tertia
1441 2886 1551 2961 gratia
1571 2886 1651 2948 dicit
1669 2886 1879 2962 Apostolos:

1075 2989 1170 3047 Deus
1182 2986 1234 3047 est
1246 2988 1304 3059 qai
1318 2985 1486 3058 operetta
1497 2988 1534 3045 in
1548 2987 1642 3045 001111
1655 2989 1739 3046 velte
1753 2983 1881 3057 etper·

1074 3084 1179 3155 tlcerc
1189 3096 1257 3155 pro
1276 3085 1364 3143 10110
1386 3082 1561 3144 voluntate
1582 3079 1719 3159 (Philip.
1743 3096 1781 3150 11,
1810 3080 1881 3160 13).

1075 3182 1115 3241 Et
1135 3179 1329 3254 Fulgentius
1354 3195 1399 3240 :r
1428 3179 1588 3240 Voluntas
1617 3178 1749 3256 quaein
1775 3177 1879 3243 vobis

1074 3278 1161 3338 hona
1185 3276 1271 3339 dono
1291 3276 1351 3338 Dei
1365 3277 1553 3337 miserentis
1568 3275 1724 3346 eflicitur,
1748 3275 1823 3352 ipsa
1837 3275 1878 3337 in

1076 3374 1181 3445 nobis,
1199 3376 1234 3436 ut
1247 3372 1334 3435 bona
1353 3373 1487 3450 operari
1505 3373 1626 3445 valeat,
1649 3372 1839 3450 adiuvatur.
1858 3390 1882 3433 1

1076 3471 1219 3533 Proinde
1247 3472 1276 3532 si
1301 3471 1454 3547 palmites
1483 3469 1593 3531 ierunt
1620 3469 1780 3541 fructum,
1805 3485 1881 3531 non

1075 3569 1236 3631 extollant
1255 3584 1302 3641 se,
1319 3568 1397 3645 quia
1412 3569 1521 3645 gratia
1535 3567 1809 3630 subministratur
1823 3567 1880 3628 illi

1075 3683 1095 3729 a
1118 3668 1195 3728 vite.
1224 3666 1339 3728 Gratia
1367 3681 1567 3728 consumans
1591 3665 1644 3727 vel
1671 3664 1881 3727 confirmans

1075 3764 1155 3827 iacit
1186 3763 1313 3827 tructus
1347 3763 1389 3824 ad
1425 3763 1650 3825 1111111111011
1685 3761 1878 3840 pertenire,

1075 3862 1170 3933 idest,
1194 3877 1296 3939 opera
1313 3860 1355 3922 ad
1378 3860 1626 3938 perfectionem,
1651 3860 1744 3921 Unde
1768 3859 1881 3920 David

1075 3959 1192 4022 orabat
1213 3960 1326 4020 dicem
1343 3976 1350 4014 :
1368 3960 1544 4030 0011111110
1565 3962 1637 4030 aec,
1660 3962 1765 4029 Deus,
1786 3961 1882 4030 quod

1075 4057 1238 4130 operatus
1255 4071 1291 4119 es
1307 4059 1343 4116 in
1356 4058 1451 4117 110111
1471 4053 1540 4133 (Ps.
1556 4057 1607 4127 67,
1623 4052 1689 4132 26).
1705 4052 1808 4126 Quasi
1824 4053 1882 4113 di-

1075 4156 1149 4216 cat:
1175 4158 1224 4217 Τιι
1236 4157 1295 4228 qut
1309 4154 1444 4227 caepett
1465 4156 1502 4214 111
1518 4155 1615 4214 cobis
1631 4155 1757 4214 bonum
1775 4165 1879 4225 opus,

1074 4254 1244 4324 0001101110
1255 4252 1289 4312 et
1300 4252 1429 4325 pertice
1441 4252 1534 4320 titud,
1548 4248 1627 4326 quia
1639 4248 1724 4309 nihil
1738 4248 1882 4325 prodest

1075 4347 1159 4409 hene
1172 4348 1325 4424 coepisse,
1342 4347 1374 4408 si
1387 4347 1474 4408 male
1487 4345 1694 4407 desistimus,

1252 4692 1296 4753 IN
1319 4692 1450 4751 FESTO
1471 4690 1697 4751 VIRGINUM.

1113 4834 1231 4894 Simile
1250 4832 1303 4893 est
1319 4847 1467 4909 10001011
1480 4837 1645 4894 caeterum
1665 4833 1784 4892 11000111
1801 4835 1883 4893 011-

1073 4933 1209 5007 giraldus
1221 4927 1352 5008 (Maon.
1369 4945 1448 5001 xxv,
1467 4928 1511 5007 1).

1115 5028 1262 5100 Quatucr
1277 5026 1381 5087 raedis
1396 5026 1596 5102 intelligitur
1613 5040 1754 5101 regnum
1770 5025 1881 5088 coelo-

1074 5141 1160 5197 rum,
1182 5124 1348 5196 videlicet,
1367 5123 1513 5185 coelestis
1529 5123 1654 5200 patria,
1674 5122 1791 5184 sancta
1807 5125 1879 5184 Ec-

1074 5222 1188 5295 clesia,
1206 5221 1313 5282 tidelis
1327 5221 1451 5293 anima,
1468 5236 1564 5282 sacra
1584 5221 1770 5297 Scriptura.
1785 5222 1882 5297 Reg-

1075 5336 1153 5381 num
1174 5320 1332 5382 coelorum
1352 5318 1475 5381 dicitur
1493 5317 1638 5380 coelestis
1653 5316 1774 5394 patria,
1795 5318 1881 5394 quia

1075 5417 1121 5478 ibi
1136 5418 1277 5493 regnant
1290 5416 1377 5488 00111,
1389 5416 1485 5489 idest,
1503 5416 1622 5477 sancti.
1640 5418 1882 5491 1103111101-

1076 5515 1183 5575 lorum
1208 5513 1329 5575 dicitur
1351 5514 1467 5575 sancta
1488 5511 1648 5584 Ecclesia,
1669 5510 1748 5588 quia
1773 5512 1809 5571 in
1836 5527 1881 5574 ea

1076 5614 1153 5676 sunt
1168 5613 1263 5675 multi
1278 5628 1385 5690 reges,
1403 5611 1501 5684 idest,
1518 5609 1625 5673 sancti
1640 5625 1781 5688 quorum
1800 5626 1882 5671 con·
