3900 6202
85 298 134 360 221
307 286 325 302 “
698 294 929 359 EPISTOLAE.
952 293 1034 357 LIB.
1057 294 1082 355 Ι.

84 449 193 518 sessori
222 449 350 525 nostro,
372 449 606 530 conquerendo
636 457 865 531 monstrasset,

84 550 157 632 quod
171 548 375 610 venerabilis
390 548 494 612 haten
514 552 629 614 noster
643 552 868 631 archiepisco-

82 665 135 729 pus
154 648 356 709 senonensis
379 648 413 710 et
436 648 570 725 quidam
593 650 798 727 suffraganei
813 652 867 713 sui

83 764 117 811 ac
128 744 280 807 officiales
303 760 430 818 eorum,
453 746 645 810 maturitate
668 749 779 810 debita
801 766 868 812 non

83 842 388 916 semaia,interdum
403 843 575 906 abutentes
590 845 654 907 sibi
668 847 791 909 tradita
803 863 867 924 po·

83 940 243 1013 testatein
258 942 382 1015 terram
397 943 430 1004 et
446 941 597 1005 homines
612 960 691 1006 suos
706 946 781 1007 sine
791 962 868 1007 ma-

1658 294 1720 357 222

923 471 1038 518 eorum
1061 450 1252 516 huminibus
1266 451 1303 513 ln
1323 465 1385 514 sua
1404 451 1527 529 cogunt
1542 451 1722 529 praesentia

923 553 1134 631 respondere,
1160 567 1350 629 quanquam
1375 550 1468 612 actor
1491 550 1585 627 sequi
1604 549 1724 612 debeat

922 651 1030 713 iorum
1046 651 1108 712 rei.
1124 653 1188 712 Eos
1201 651 1303 711 etiam
1318 649 1386 726 qui,
1396 664 1463 710 aare
1478 648 1722 725 accepto,sicut

924 765 994 811 mos
1008 750 1068 821 est,
1084 748 1126 809 ad
1139 747 1304 809 cambium
1319 747 1354 807 in
1369 745 1528 807 nundinis
1543 746 1665 818 alieno,
1679 745 1722 806 ad

923 846 1294 909 claustraecclesiarum
1303 845 1516 906 suarumsive
1526 844 1720 913 dioecesum,

924 962 966 1007 ne
991 944 1173 1006 secundum
1202 942 1426 1004 nundinarum
1448 941 1723 1003 consuetudinem

83 1039 188 1102 uhesta
218 1038 252 1101 et
277 1039 471 1102 rationabili
485 1056 599 1113 causa,
618 1044 651 1104 et
672 1044 869 1122 quandoque
920 1040 1722 1122 indicantumconttrgiunt,ueletiamquandoque

82 1153 134 1215 pro
150 1136 274 1197 vilibus
289 1152 330 1198 ac
351 1136 499 1199 minimis
521 1139 772 1217 quaestionibus,
780 1142 868 1219 juris

82 1234 182 1297 ordine
196 1234 613 1312 praetermiss0,interdicti
628 1239 662 1301 et
676 1255 871 1300 excommu-

82 1332 247 1394 nicationis
261 1333 463 1395 sententiam
473 1335 734 1412 promulgarent,
744 1337 869 1399 motum

82 1430 171 1491 animi
189 1430 414 1508 potiusquam
433 1431 540 1494 zelum
563 1434 773 1496 rectitudinis
796 1451 869 1511 pro·

82 1527 248 1604 sequendo,
261 1529 296 1589 et
319 1529 408 1591 idem
431 1530 657 1606 praedecessor
672 1534 786 1595 noster
812 1533 871 1595 ut-

81 1626 150 1688 teris
176 1626 372 1703 apostolicis
408 1631 574 1692 monuerit
606 1631 755 1704 eosdem,
785 1632 869 1693 dans

81 1724 150 1801 ipsis
180 1723 403 1787 nihilominus
431 1727 466 1788 in
496 1729 682 1806 praeceptis,
714 1730 752 1792 ut
777 1729 869 1791 circa

82 1822 274 1884 comitissam
310 1823 503 1901 praelatam,
544 1826 697 1889 homines
739 1843 869 1905 quoque

82 1935 116 1980 ac
138 1921 263 1981 terram
299 1921 417 1999 ipsius,
437 1922 676 2000 benignitatem
706 1940 746 1987 ac
774 1941 871 1987 man-

82 2018 280 2080 suetudinem
304 2020 512 2095 exhibentes
522 2039 620 2100 quam
637 2024 731 2087 decet
746 2023 870 2085 Christi

80 2115 239 2178 ninmtros
284 2116 420 2192 habere,
443 2120 558 2183 taliter
599 2120 640 2182 ab
678 2121 870 2200 hujusmodi

81 2211 264 2276 decaetero
293 2218 552 2293 presumptione
585 2220 757 2281 cessarent
783 2219 870 2297 quod

81 2325 138 2371 non
177 2315 369 2376 remaneret
402 2314 454 2376 illi
484 2317 577 2394 justa
609 2317 750 2379 materia
789 2332 872 2378 con-

81 2409 240 2485 querendi,
264 2426 329 2472 nec
344 2411 417 2489 ipse
431 2412 473 2474 ad
496 2414 735 2495 correctionem
748 2414 871 2477 abusus

80 2504 259 2583 hujusmodi
280 2510 457 2585 cogeretur
470 2526 637 2589 apponere
649 2529 767 2574 manus
780 2529 869 2585 suas,

80 2601 135 2681 ipsi
147 2604 235 2667 sicut
255 2606 406 2682 ejusdem
419 2607 597 2672 comitissae
617 2625 657 2671 ao
669 2609 792 2671 nobilis
804 2610 872 2671 viri

81 2702 111 2762 F.
120 2703 259 2776 comitis,
270 2703 342 2765 nati
351 2707 873 2783 ejus,conquaestionemreserva-

80 2800 138 2862 rit:
151 2818 220 2865 non
232 2802 342 2863 solum
355 2818 376 2863 a
388 2802 555 2880 praedictis
573 2804 790 2866 abusionibus
804 2819 872 2866 non

81 2900 873 2980 cessruntmonitionesaopraeoeptumapostoli-

81 2997 263 3059 cumsurdis
273 2997 411 3059 auribus
419 2999 759 3074 transeundo,verum
770 3001 872 3062 etiam

6 3120 8 3155 r
80 3092 159 3170 ipsos
167 3095 202 3157 et
215 3096 343 3156 terram
354 3111 448 3158 suam
462 3084 500 3158 in
512 3097 665 3175 pluribus
674 3098 870 3175 aggravant,

77 3192 336 3267 jurisdictionem
360 3193 544 3257 indebitam
564 3195 600 3257 in
622 3196 775 3258 homines
795 3211 873 3257 suos

80 3288 165 3350 noris
189 3289 486 3352 adinventionibus
515 3294 728 3369 usurpantes,
745 3309 812 3354 non
839 3295 875 3355 ut

80 3386 355 3450 saluticonsulant
366 3389 565 3463 animarum,
574 3390 632 3451 sed
644 3390 681 3452 ut
691 3406 876 3469 exsequan-

80 3484 245 3561 turpotius
256 3486 451 3563 cupiditatis
466 3487 620 3550 ardorem
630 3489 665 3549 in
683 3488 874 3550 eorumdem

6 3600 7 3605 ¹
81 3583 252 3646 comitissae
267 3599 308 3645 ac
323 3584 454 3646 comitis
469 3586 698 3662 praejudicium
712 3586 745 3649 et
758 3602 876 3663 grava·

6 3744 8 3747 ,
81 3676 874 3762 men3sienimquisquamcrucesignatuscaptus

81 3772 172 3841 tuerit
192 3778 231 3839 in
258 3777 371 3856 aliquo
386 3778 557 3842 forisfacto
582 3781 693 3859 ipsum
708 3783 873 3859 repetunt,

79 3872 230 3951 tanquam
243 3892 315 3938 suae
328 3875 447 3939 ditioni
459 3878 655 3956 subjectum,
670 3879 804 3941 etiamsi
816 3880 876 3940 de-

80 3968 180 4034 tentus
194 3975 233 4035 in
248 3990 385 4036 carcere
403 3974 550 4037 affixerit
571 3977 642 4037 suis
657 3977 807 4038 humeris
828 3977 877 4038 si-

6 4136 7 4139 ,
80 4081 172 4142 guum
182 4072 302 4133 Crucis
315 4072 352 4133 in
361 4073 691 4152 elusionemjustitiae
700 4074 873 4148 secularis,

81 4178 114 4224 se
123 4164 246 4230 habere
256 4169 526 4253 jurisdictionem
534 4171 685 4233 eamdem
699 4172 735 4233 in
750 4172 877 4250 quosli-

80 4258 131 4323 bet
143 4266 393 4342 crucesignatos
408 4283 508 4345 quam
531 4267 656 4331 habent
677 4269 714 4330 in
735 4269 876 4332 clericos

81 4363 877 4442 asserentes;filiosquoquehominumcomitissae

82 4455 120 4516 ad
134 4459 268 4521 ordines
282 4463 479 4538 promovent
492 4464 526 4524 et
545 4461 674 4525 faciunt
691 4464 727 4524 in
741 4479 879 4525 monas·

80 4554 171 4616 teriis
184 4557 292 4635 recipi
309 4558 382 4619 sine
402 4559 508 4636 ipsius
527 4560 662 4622 licentia
678 4561 711 4622 et
725 4576 876 4635 assensu,

82 4656 229 4728 quamvis
257 4654 337 4718 talis
371 4656 571 4719 conditionis
595 4658 763 4731 existant,
792 4659 878 4736 quod

82 4749 150 4812 sine
170 4751 278 4829 ipsius
300 4768 441 4814 assensu
455 4754 497 4815 ad
509 4755 706 4832 religionem
733 4756 879 4820 transire

82 4861 144 4908 non
156 4851 306 4923 valeant,
316 4850 370 4914 vel
386 4852 420 4913 in
433 4853 573 4915 clericos
588 4854 880 4931 promoveriPrae-

81 4944 169 5008 terea
192 4946 346 5010 homines
368 4965 446 5011 suos
471 4949 532 5011 sub
556 4951 720 5028 praetextu
737 4952 879 5031 alicujus

86 5044 234 5106 criminis
248 5047 395 5124 capiunt,
405 5048 609 5125 etjusutiam
625 5064 684 5126 pro
699 5049 879 5113 voluntatis

84 5139 173 5205 libito
189 5146 385 5207 exercentes
400 5146 516 5218 ineos,
530 5146 610 5224 ipsis
623 5146 779 5210 auserunt
792 5147 880 5210 bona

82 5254 151 5313 sua,
166 5244 201 5304 et
216 5259 257 5304 ne
272 5242 384 5305 ablata
392 5245 543 5320 repetant
551 5247 669 5321 iurare
678 5246 881 5322 compellunt

82 5339 214 5401 eosdem
230 5341 262 5402 et
275 5339 430 5418 abjurare
445 5343 569 5404 terram
589 5343 808 5405 nihilominus
823 5360 881 5407 co-

73 5433 232 5499 mitissae.
246 5438 339 5511 Quod
354 5439 384 5500 si
398 5440 513 5501 eadem
524 5439 677 5502 homines
693 5457 772 5503 suos
786 5458 882 5518 repe·

83 5528 183 5593 tatae
205 5531 294 5595 bona
310 5535 454 5610 illorum,
468 5539 620 5615 quamvis
639 5555 697 5602 eos
712 5540 881 5617 parituros

84 5629 207 5703 inrisit
219 5630 379 5696 exhibere
398 5636 525 5712 parata,
545 5637 579 5701 et
600 5635 707 5716 ipsius
728 5638 881 5703 homines

926 1141 1031 1202 luisse
1053 1140 1193 1202 clericos
1219 1155 1256 1201 se
1277 1138 1439 1211 dicentes,
1466 1139 1638 1200 tonsuram
1659 1136 1723 1197 sibi

924 1239 998 1302 deri
1018 1238 1147 1302 faciunt
1164 1237 1366 1309 clericalem,
1378 1236 1545 1314 recipiunt
1556 1238 1589 1298 et
1607 1235 1724 1297 desen-

924 1337 1007 1400 dunt
1025 1337 1086 1400 sub
1106 1337 1269 1415 praetextu
1290 1335 1526 1398 ecclesiasticae
1546 1333 1721 1408 libertatis,

923 1436 957 1498 et
970 1437 1019 1497 sic
1038 1435 1220 1498 creditores
1236 1451 1297 1496 sua
1310 1434 1451 1512 pecunia
1471 1432 1721 1505 defraudantur,

923 1534 959 1595 in
974 1534 1200 1595 nundinarum
1211 1549 1278 1594 non
1298 1533 1464 1595 modicum
1476 1531 1722 1593 detrimentum.

925 1632 1034 1694 Simili
1046 1647 1178 1709 quoque
1188 1632 1352 1708 praetextu
1365 1631 1440 1692 illos
1449 1630 1585 1693 tuentur
1597 1629 1654 1707 qui
1666 1629 1726 1689 ha·

923 1729 995 1791 bitu
1009 1729 1158 1791 clericali
1170 1729 1319 1801 dimisso,
1334 1728 1535 1806 accipientes
1546 1743 1682 1801 uxorea,
1691 1726 1726 1788 et

924 1844 961 1888 se
979 1826 1187 1888 secularibus
1203 1826 1428 1909 immiscentes
1449 1826 1604 1901 negotiis,
1617 1839 1656 1885 ac
1668 1838 1724 1885 res

924 1925 1073 1988 feudales
1094 1925 1253 1996 ementes,
1270 1940 1329 1985 seu
1342 1923 1549 2001 possidentes
1566 1937 1620 1983 res
1639 1921 1726 1989 alias

924 2022 1220 2086 consuetudinibus
1235 2022 1397 2084 obnoxias
1410 2021 1631 2091 dominorum,
1644 2019 1724 2081 ton-

925 2137 1038 2184 suram
1052 2122 1223 2183 resumant
1237 2137 1337 2198 quam
1345 2119 1616 2196 contempserunt
1630 2116 1727 2179 oleri·

925 2219 1042 2291 celem,
1054 2235 1097 2280 ne
1113 2220 1276 2294 cogantur
1287 2217 1461 2280 feudorum
1481 2216 1624 2278 dominis
1639 2230 1724 2276 oon-

925 2315 1727 2391 suetaservitiaetdebitaexhibere,cumquePru·

925 2416 997 2477 vini
1006 2416 1040 2476 et
1054 2417 1233 2475 Frecarum
1246 2413 1442 2490 burgenses,
1451 2414 1485 2474 et
1498 2412 1569 2484 alii,
1579 2426 1639 2488 pro
1648 2425 1723 2471 ser·

925 2514 1017 2577 vitiis
1040 2513 1217 2574 comitissae
1241 2511 1361 2573 debitis
1382 2511 1507 2572 certam
1537 2509 1570 2571 ei
1596 2506 1727 2570 solvant

927 2624 1072 2671 annuam
1092 2608 1299 2685 pensionem,
1316 2606 1422 2667 dictus
1442 2604 1725 2681 archiepiscopus,

926 2709 960 2769 et
971 2706 1031 2767 alii
1046 2721 1112 2767 non
1127 2703 1322 2781 permittunt
1345 2702 1381 2764 ut
1402 2701 1625 2777 crucesignati
1640 2717 1723 2777 por-

926 2804 1050 2866 tionem
1064 2816 1138 2879 quae
1152 2800 1230 2861 illos
1239 2815 1282 2861 ex
1294 2815 1334 2860 ea
1345 2798 1508 2874 contingit
1523 2797 1725 2875 persolvant,

927 2900 1007 2962 licet
1020 2901 1058 2961 ut
1068 2899 1161 2959 illam
1176 2897 1405 2974 persolverent
1418 2896 1597 2975 praedictus
1612 2894 1727 2955 noster

928 2996 1145 3060 mandaverat
1163 2995 1399 3073 praedecessor,
1420 2996 1453 3055 et
1467 2993 1626 3055 habentes
1639 3007 1727 3070 pon-

928 3096 990 3157 dus
1007 3097 1040 3157 et
1056 3095 1184 3173 pondus
1199 3093 1282 3153 illud
1303 3094 1339 3153 in
1356 3090 1608 3167 crucesignatis,
1621 3090 1655 3151 et
1665 3091 1728 3152 Ju-

928 3195 1011 3257 dacis
1022 3190 1308 3270 interraejusdem
1319 3190 1496 3252 comitissae
1505 3186 1725 3261 morantibus,

928 3292 1047 3353 iisdem
1073 3289 1251 3353 noluerunt
1269 3289 1451 3351 concedere
1466 3286 1551 3366 quod
1572 3286 1728 3363 Philippo

928 3390 1053 3451 illustri
1074 3388 1147 3465 regi
1164 3390 1369 3449 Francorum
1390 3387 1427 3447 in
1454 3385 1507 3446 his
1529 3384 1586 3462 qui
1608 3384 1727 3445 doma·

929 3489 1020 3549 niam
1050 3487 1174 3547 terram
1205 3484 1313 3562 ipsius
1338 3482 1529 3544 inhabitant
1552 3495 1730 3543 concesse-

928 3586 1026 3662 runt3
1041 3585 1075 3646 et
1102 3581 1181 3644 licet
1205 3597 1267 3643 nec
1295 3584 1404 3658 major
1417 3580 1520 3642 instet
1545 3577 1729 3641 necessitas

930 3699 1030 3761 quam
1053 3696 1200 3758 unquam
1222 3679 1330 3742 eidem
1357 3678 1517 3740 institerit
1537 3676 1727 3749 comitissae,

929 3780 1047 3842 nolunt
1062 3780 1175 3840 tamen
1189 3777 1380 3853 permittere
1399 3776 1436 3837 ut
1455 3774 1607 3835 homines
1620 3772 1730 3834 ecole-

930 3878 1056 3939 siarum
1080 3875 1135 3937 vel
1156 3874 1357 3936 clericorum
1373 3870 1585 3934 contribuant
1602 3868 1729 3947 aliquid

930 3992 989 4054 pro
1012 3974 1170 4037 villarum
1193 3970 1356 4043 custodia,
1374 3969 1430 4033 vel
1453 3984 1513 4048 pro
1538 3967 1730 4029 reficiendis

930 4071 1169 4136 munitionibus
1190 4069 1290 4132 terrae
1315 4084 1395 4141 suae,
1422 4081 1611 4145 quanquam
1638 4064 1673 4126 id
1692 4062 1729 4125 in

931 4171 1097 4251 publicam
1112 4168 1290 4231 utilitatem
1304 4164 1477 4237 redundet,
1494 4167 1528 4227 et
1538 4162 1731 4226 eorumdem

932 4271 965 4332 et
985 4284 1099 4331 rerum
1123 4282 1259 4328 suarum
1273 4265 1423 4327 tutelam.
1439 4263 1601 4325 Caeterum
1622 4262 1652 4323 si
1667 4260 1733 4323 ali·
1803 4244 1811 4258 ’

932 4367 1006 4445 quis
1026 4366 1124 4429 citari
1142 4364 1260 4426 debeat
1273 4379 1387 4425 coram
1406 4362 1467 4435 eis,
1484 4362 1563 4423 licet
1582 4360 1731 4439 praesens

932 4465 1065 4537 existat,
1081 4463 1199 4527 nolunt
1212 4478 1270 4524 eos
1279 4462 1381 4524 verbo
1397 4461 1512 4532 citare,
1526 4458 1583 4521 sed
1596 4457 1730 4530 litteris,

932 4564 970 4625 ut
983 4564 1032 4625 sic
1045 4562 1235 4625 litterarum
1258 4560 1434 4622 occasione
1452 4557 1577 4634 aliquid
1597 4553 1732 4616 valeant

934 4663 1149 4737 extorquere;
1164 4658 1275 4720 sedet
1297 4673 1372 4717 cum
1390 4656 1492 4718 testes
1501 4652 1677 4728 recipiunt,
1688 4649 1730 4713 ab

934 4771 1132 4839 unoquoque
1145 4756 1291 4826 testium,
1304 4752 1399 4830 quasi
1409 4768 1469 4830 pro
1488 4749 1610 4822 debito,
1622 4749 1731 4810 dena-

934 4858 1022 4919 rium
1033 4871 1136 4915 unum
1150 4851 1291 4929 exigunt
1300 4849 1432 4928 quando
1442 4849 1550 4926 juvat.
1562 4848 1731 4909 Praeterea

934 4946 1733 5025 eamdemcomitissamcompelleremoliunturut

935 5054 984 5115 eis
999 5053 1119 5114 damna
1131 5047 1296 5117 restituat,
1308 5046 1337 5107 si
1350 5061 1414 5123 qua
1429 5045 1512 5123 ipsis
1519 5045 1554 5106 in
1566 5045 1657 5107 terra
1669 5059 1733 5107 sua

934 5150 1124 5212 inseruntur
1142 5162 1162 5207 a
1178 5143 1330 5224 personis
1342 5144 1476 5220 ignotis,
1493 5143 1644 5222 quamvis
1658 5142 1732 5219 ipsa

935 5248 1052 5328 parata
1067 5246 1111 5308 sit
1122 5244 1162 5306 de
1175 5241 1377 5322 quibuslibet
1386 5241 1653 5320 delinquentibus
1668 5241 1733 5301 ter·

935 5363 982 5409 raa
1011 5361 1080 5406 suae
1102 5341 1262 5405 exhibere
1281 5340 1421 5420 justitiae
1445 5339 1730 5416 complementum,

936 5446 965 5507 si
982 5443 1081 5523 juxta
1096 5441 1247 5503 ordinem
1265 5439 1353 5517 jnris
1372 5437 1515 5501 convicti
1536 5436 1662 5498 luerint
1677 5436 1733 5499 vel

936 5539 1155 5615 contessi,his
1170 5540 1204 5601 et
1224 5537 1301 5600 aliis
1316 5537 1422 5599 modis
1436 5534 1585 5596 eamdem
1600 5536 1634 5596 et
1652 5551 1732 5598 suos

936 5636 1164 5717 multipliciter
1195 5632 1420 5713 aggravando.
1452 5632 1533 5693 Cum
1565 5630 1670 5708 igitur
1697 5631 1732 5694 in
