3946 6196
94 246 154 307 357

96 401 234 467 deamus
261 403 371 468 modis
393 405 545 469 omnibus
566 410 718 487 augendo
742 412 893 490 diligere,

95 502 127 564 et
158 502 333 579 diligendo
365 521 569 583 propagare3
603 525 774 587 nunquam
806 512 895 573 enim

95 598 291 677 obsequium
307 602 375 662 Deo
389 603 521 679 gratum
540 604 754 682 impenditur,
771 608 836 669 nisi
853 625 896 670 ex

94 697 207 759 radice
221 698 373 761 caritatis
385 701 553 778 procedat,
568 704 602 765 et
613 719 634 765 a
646 703 820 781 religionis
833 723 896 783 pu-

95 795 194 857 ritate
209 795 359 875 undique
374 798 591 861 custodiatur.
608 803 764 876 Proinde,
783 804 892 866 dilect'

95 894 130 955 in
144 896 287 956 Domino
303 895 897 976 111116616666111166116661616611-

95 993 146 1054 ter
169 994 375 1067 annuentes,
401 995 576 1057 ecclesiam
602 1000 635 1059 S.
658 1000 775 1061 Mariae
797 1001 895 1078 juata

95 1090 250 1152 Rhenum
273 1092 432 1169 positam;
453 1094 629 1157 ecclesiam
647 1099 680 1157 S.
702 1099 844 1161 Andreae
860 1099 894 1160 in

95 1189 296 1267 turricella,
313 1190 491 1252 ecclesiam
511 1195 544 1253 S.
563 1195 695 1258 Domini
704 1197 803 1273 Juxta
817 1197 896 1258 ban-

93 1288 204 1364 gium3
222 1288 400 1350 ecelesiam
417 1292 450 1351 S.
466 1291 571 1352 Blasii
585 1292 625 1353 de
645 1294 827 1372 Gasaliola3
844 1312 896 1359 ec·

94 1384 232 1448 clesiam
253 1388 287 1447 S.
313 1388 429 1449 Mariae
453 1388 494 1450 de
513 1391 624 1451 Monte
652 1393 824 1470 Guardiae3
845 1410 897 1456 ec·

96 1483 236 1545 alesiam
257 1486 290 1545 S.
306 1485 422 1547 Jacobi
437 1485 477 1548 de
491 1488 576 1550 casa
590 1490 661 1562 Dei,
677 1491 732 1552 vel
750 1492 895 1569 siquam

96 1582 196 1643 aliam
212 1582 471 1657 aedificaveritis,
485 1585 539 1647 vel
548 1587 773 1664 acquisieritis
783 1589 819 1651 in
829 1606 895 1668 qua

96 1680 235 1752 vacatis,
257 1681 309 1742 vel
328 1681 490 1744 vacabitis
508 1683 621 1746 divino
641 1685 765 1763 offlei03
783 1688 816 1750 et
834 1704 894 1750 ec-

97 1778 232 1840 clesiam
265 1781 298 1839 S.
330 1780 512 1843 salvatoris
537 1783 757 1845 Bononiensis
786 1786 896 1854 eccle-

96 1876 153 1937 616
179 1876 300 1938 1661116
325 1881 450 1939 nostrae
481 1879 656 1956 privilegio
687 1882 895 1944 decrevimus

95 1974 304 2038 muniendas.
335 1976 379 2036 Ut
403 1975 504 2052 igitur
528 1978 678 2041 locorum
706 1982 895 2043 vestrorum

96 2072 187 2148 quies
214 2088 277 2149 per
297 2073 357 2133 Dei
381 2075 524 2149 gratiam
548 2077 742 2154 tranquilla,
768 2078 801 2140 et
823 2079 895 2142 tuta

94 2171 263 2246 persistat,
285 2171 473 2245 statuimus,
494 2173 530 2235 ut
546 2175 714 2251 praedictae
729 2177 892 2250 ecclesiae,

95 2282 166 2328 cum
181 2268 256 2347 suis
270 2268 382 2341 rebus,
405 2271 473 2331 tam
492 2271 680 2346 mobilibus
704 2290 804 2351 quam
825 2275 893 2335 im·

95 2365 283 2436 mobilibus,
289 2366 380 2445 juste
396 2367 459 2429 sibi
470 2369 721 2446 pertinentibus,
735 2372 771 2433 in
780 2374 893 2434 omni-

9 2524 10 2527 ,
94 2462 164 2536 bus,
181 2466 216 2526 et
231 2480 292 2542 per
307 2466 429 2539 omnia,
444 2467 511 2529 sint
525 2467 639 2530 liberae
652 2469 693 2529 ab
707 2470 894 2533 616111666-

94 2562 236 2635 ditione,
267 2564 367 2641 atque
400 2565 553 2635 servitio,
582 2582 642 2628 seu
656 2567 795 2641 tributo,
825 2571 893 2632 tam

9 2710 10 2713 ,
94 2661 351 2734 nonachorum,
374 2664 408 2724 et
426 2662 640 2735 clericorum,
664 2681 764 2743 quam
784 2667 893 2729 laico-

9 2786 11 2827 ,
96 2774 179 2831 rum,
196 2759 253 2822 vel
269 2759 413 2838 aliquus
427 2763 495 2823 tam
509 2777 632 2839 parvae,
650 2779 748 2841 quam
764 2780 894 2841 magnae

9 2896 10 2899 κ
97 2872 248 2933 personae
273 2857 437 2931 dominio,
463 2860 585 2937 praeter
612 2861 801 2940 episcopale
823 2867 891 2941 jus.

9 3018 10 3021 ,
94 2957 234 3032 Insuper
246 2954 353 3029 vobis,
364 2957 551 3037 vestrisque
563 2959 811 3022 successoribus
822 2976 894 3038 per·

95 3053 273 3129 petualiter
287 3055 510 3128 concedimus,
525 3056 562 3119 ut
572 3056 636 3118 hoc
651 3058 893 3135 quoquomodo

9 3160 11 3217 ξ
96 3150 230 3239 adjus,
249 3152 321 3213 sive
345 3152 473 3229 dejure
501 3154 652 3216 ecclesiae
678 3156 801 3217 nostrae
823 3158 893 3218 Bo-

9 3294 10 3301 ,
94 3249 268 3311 noniensis
281 3249 422 3323 habetis,
438 3253 471 3314 et
481 3251 647 3325 detinetis,
662 3268 722 3314 seu
735 3252 769 3315 in
781 3253 893 3316 futuro

9 3370 11 3373 ·
91 3347 178 3422 juste
193 3347 392 3425 acquisituri
407 3350 499 3422 estis,
513 3350 584 3412 sive
599 3351 894 3429 aquibusoumque

9 3462 11 3531 g
94 3444 180 3517 aliis,
189 3446 498 3525 quomodocumque
508 3447 618 3520 vobis,
628 3450 814 3512 autrestris
823 3466 895 3511 suc-

9 3546 10 3557 ¹
95 3543 285 3605 cessoribus
300 3544 427 3622 aliquid
445 3546 536 3623 iuste
555 3545 739 3619 obvenerit,
762 3548 833 3609 sire
852 3547 894 3609 ab

9 3662 10 3667 ¹
95 3640 170 3702 aliis
184 3641 350 3714 ecclesiis,
367 3643 420 3704 vel
435 3644 600 3720 personis,
614 3643 683 3705 tam
696 3644 894 3707 clericorum

9 3780 10 3805 2
94 3753 193 3815 quam
213 3739 377 3802 laicorum
397 3740 538 3814 habetis,
559 3741 613 3802 vel
628 3741 795 3815 detinetis,
813 3742 847 3805 et
861 3743 896 3803 in

9 3850 11 3863 ,
96 3835 193 3895 antea
200 3836 294 3911 juste
306 3836 542 3913 acquisieritis,
556 3835 591 3897 in
604 3836 754 3910 decimis,
768 3837 897 3899 scilicet

9 3936 10 4001 ξ
96 3930 129 3991 16
142 3931 313 4009 primitiis,
331 3934 364 3997 et
378 3932 456 3995 aliis
471 3934 734 4012 quibuscumque
749 3935 896 3997 fidelium

9 4094 10 4099 ,
96 4027 331 4103 oblationibus,
349 4032 419 4095 tam
434 4031 589 4094 rivorum
603 4048 704 4110 quam
719 4032 895 4096 defuncto-

94 4142 178 4201 rum,
193 4129 305 4191 terras
322 4145 465 4207 quoque,
480 4130 607 4203 vineas,
624 4131 658 4193 et
672 4130 806 4205 oliveta,
827 4132 898 4209 syl-

101 4241 159 4286 166
187 4242 265 4287 6616
291 4228 414 4304 pratis,
442 4230 475 4291 et
499 4228 721 4305 piscationes,
742 4229 894 4307 paludes,

101 4337 203 4400 aquas
219 4340 296 4385 cum
310 4325 462 4387 omnibus
477 4325 592 4387 usibus
606 4342 733 4398 aarum,
748 4327 895 4401 colonos,

100 4422 134 4481 et
151 4421 349 4499 inquilinos,
374 4421 611 4485 dominicatum
634 4424 668 4485 et
688 4424 895 4498 ordinatum,

100 4516 254 4591 divisum,
272 4520 306 4580 et
319 4519 510 4592 indivisum,
527 4521 651 4582 cultum
671 4523 704 4582 et
723 4521 896 4595 incultum,

9 4662 11 4667 .
101 4616 223 4687 omnia,
236 4617 324 4678 etex
334 4616 498 4689 omnibus,
514 4633 588 4680 cum
600 4618 766 4679 universis
781 4619 897 4680 usibus

100 4712 181 4782 suis,
201 4715 272 4775 tam
295 4713 469 4777 fructifera
490 4731 589 4793 quam
613 4715 837 4792 infructifera,
862 4717 898 4778 in

9 4818 10 4821 ’
101 4812 268 4873 montibus
292 4811 435 4890 denique
461 4814 494 4875 et
518 4813 553 4874 in
576 4814 737 4891 planitiis,
761 4815 795 4876 et
819 4814 898 4876 ubi-

9 4956 11 4969 .
103 4922 241 4987 cumque
250 4909 350 4971 modo
360 4910 595 4986 detinetis3vel
606 4915 898 4991 quocumqusjure

102 5005 240 5080 habetis,
263 5007 370 5069 autin
385 5006 496 5070 futuro
510 5008 686 5082 habebitis,
709 5009 763 5071 rel
782 5011 899 5086 acqui-

102 5103 225 5166 sieritis
245 5121 321 5167 cum
338 5105 474 5183 scripto,
491 5107 544 5168 rel
564 5107 637 5168 sine
652 5106 776 5184 scripto
795 5128 803 5167 ε
819 5110 898 5169 Haeo

9 5230 11 5281 ,
101 5202 211 5263 autem
226 5203 352 5275 omnia,
369 5203 457 5267 siout
470 5203 624 5281 superius
641 5204 774 5281 legitur,
790 5204 896 5277 vobis,

9 5302 10 5319 ¹
101 5300 287 5379 vestrisque
299 5300 550 5363 successoribus
560 5301 595 5362 in
609 5302 734 5363 eisdem
747 5302 898 5364 ecclesiis

9 5376 10 5455 ?
103 5398 312 5460 manentibus
327 5414 388 5475 per
402 5399 502 5477 hujus
521 5399 646 5461 decreti
663 5399 818 5476 paginam
834 5399 897 5460 da-

731 252 959 314 EPISTOLAE.
982 254 1062 315 LlB.
1085 254 1110 314 Ι.

1687 257 1748 319 358

948 414 1024 492 pale
1032 416 1100 492 jus,
1114 411 1233 487 libera,
1247 412 1281 475 et
1292 412 1445 476 absoluta
1457 411 1498 474 ab
1512 413 1601 474 omni
1611 415 1747 477 666111-

949 512 1079 574 dicente
1093 511 1228 573 bomine
1244 527 1317 572 esse
1333 511 1555 589 praecipimus,
1572 510 1605 573 et
1618 513 1653 573 in
1668 529 1747 590 per-

949 612 1083 687 petuum
1103 610 1314 671 concedimus
1338 610 1437 687 atque
1459 609 1628 670 firmamus
1646 632 1652 670 :
1669 611 1747 673 11166

949 723 1079 785 quoque
1100 707 1271 769 canonicae
1294 707 1460 778 Ordinem,
1485 724 1583 784 quem
1603 706 1747 785 professi

949 805 1040 877 estis,
1056 806 1230 883 praesentis
1246 804 1414 881 privilegii
1430 806 1628 868 auctoritate
1640 806 1744 867 robo-

948 919 1079 979 ramus;
1094 892 1293 975 sancientes,
1305 904 1341 965 ut
1351 902 1476 963 nemini
1488 904 1577 965 inter
1587 920 1656 976 vos,
1670 920 1743 981 pro·

948 1001 1093 1063 sessione
1111 1000 1271 1074 exhibita,
1288 1000 1430 1062 liberum
1449 1000 1493 1063 sit
1512 1002 1585 1062 sine
1605 1001 1676 1074 tua,
1694 1000 1750 1062 vel

948 1115 1074 1171 eorum,
1087 1100 1144 1177 qui
1155 1098 1271 1176 postte
1286 1098 1321 1159 in
1332 1098 1483 1160 ecclesiae
1495 1098 1661 1175 regimine
1674 1116 1747 1160 suc-

948 1198 1120 1270 cesserint,
1133 1198 1191 1260 aut
1207 1196 1280 1258 sine
1293 1198 1459 1258 communi
1475 1197 1742 1274 congregationis

949 1295 1095 1365 licentia,
1110 1295 1151 1356 de
1164 1294 1310 1356 claustro
1323 1293 1494 1355 discedere
1511 1316 1518 1355 :
1535 1295 1625 1372 quod
1639 1295 1669 1355 si
1683 1294 1749 1356 dis-

948 1394 1097 1466 cesserit,
1121 1394 1153 1455 et
1172 1392 1393 1455 commonitus
1412 1392 1526 1454 redire
1547 1393 1750 1469 contempse-

948 1490 1002 1563 rit,
1023 1490 1084 1552 tibi
1107 1491 1241 1569 tuisque
1264 1490 1515 1552 successoribus
1538 1489 1680 1552 facultas
1704 1490 1748 1553 sit

948 1589 1111 1666 eJusmodi
1126 1588 1265 1652 ubilibet
1278 1605 1299 1650 a
1314 1590 1384 1650 suis
1397 1577 1515 1651 officiis
1529 1588 1746 1664 interdicere3

948 1686 1161 1748 interdictum
1174 1685 1287 1748 nullus
1299 1686 1413 1759 abbas,
1429 1686 1499 1748 sive
1513 1686 1672 1763 praelatus
1683 1685 1749 1747 ali-

948 1783 1023 1862 quis
1044 1784 1135 1845 infra
1154 1785 1306 1846 nostrum
1326 1784 1552 1862 episcopatum
1574 1783 1745 1859 suscipiat.

950 1884 1036 1943 Sane
1052 1882 1193 1943 clericos
1209 1881 1405 1944 seculariter
1425 1881 1575 1943 viventes
1597 1881 1639 1942 ad
1660 1896 1745 1942 con-

950 1978 1138 2041 versionem
1150 1980 1321 2057 suscipere
1332 1979 1458 2041 nullius
1469 1977 1749 2055 archipresbyteri

950 2076 1056 2138 nostri
1066 2077 1276 2154 episcopatus
1288 2077 1506 2139 contradictio
1516 2092 1575 2138 vos
1586 2075 1746 2147 inhibeat,

948 2174 1106 2252 quamdiu
1125 2175 1255 2238 scilicet
1266 2174 1353 2252 apud
1368 2191 1428 2236 vos
1443 2173 1598 2235 canonici
1612 2173 1745 2234 Ordinis

946 2274 1053 2345 tenor,
1077 2272 1255 2349 praestante
1279 2271 1587 2347 Dominariguerit
1607 2292 1625 2333 ι.
1640 2274 1746 2332 Porro

948 2370 1136 2448 sepulturas
1151 2370 1298 2432 locorum
1311 2370 1500 2432 vestrorum
1513 2369 1648 2430 omnino
1662 2364 1749 2429 libe-

947 2483 1003 2529 ras
1017 2484 1092 2530 esse
1102 2467 1269 2545 jubemus,
1287 2469 1323 2529 ut
1339 2483 1466 2539 eorum,
1482 2466 1540 2544 qui
1554 2482 1591 2527 se
1606 2465 1747 2527 1111666-

947 2565 1045 2643 peliri
1059 2565 1329 2638 deliberaverint,
1346 2564 1514 2627 devotioni
1535 2564 1568 2625 et
1590 2563 1750 2625 extremae

945 2664 1217 2737 1616111611,11161
1243 2662 1328 2725 forte
1353 2662 1633 2725 excommunicati
1660 2659 1743 2733 sint,

946 2761 1059 2823 nullus
1078 2760 1233 2837 obsistat;
1256 2761 1482 2824 ordinationes
1505 2759 1705 2823 clericorum
1725 2773 1746 2819 a

947 2875 1154 2938 quocumque
1179 2859 1365 2921 malueritis
1396 2857 1560 2921 catholico
1588 2856 1744 2934 episcopo

947 2958 1118 3036 suscipere
1130 2957 1280 3019 locorum
1295 2957 1483 3019 vestrorum
1502 2954 1662 3016 fratribus
1676 2969 1749 3032 per·

946 3056 1124 3132 mittimus,
1144 3055 1307 3117 laicorum
1329 3055 1430 3117 etiam
1451 3053 1557 3117 nostri
1576 3053 1745 3130 episcopa-

946 3157 1001 3216 tus
1029 3153 1257 3231 susceptiones
1286 3152 1328 3215 ad
1356 3152 1560 3230 disciplinae,
1589 3149 1747 3213 videlicet

947 3251 1123 3327 regularis,
1131 3252 1382 3314 conversionem
1395 3248 1476 3332 (nisi
1483 3250 1568 3312 forte
1579 3247 1745 3326 legalibus

948 3349 1195 3411 conditionibus
1219 3349 1398 3412 teneantur
1427 3345 1576 3427 obnoxii)
1603 3363 1623 3409 a
1652 3345 1745 3409 nullo

947 3447 1082 3509 homine
1098 3447 1320 3525 permittimus
1335 3446 1504 3521 interdici3
1525 3445 1584 3506 sed
1598 3444 1631 3506 et
1645 3443 1747 3504 cleri·
1768 3434 1770 3439 ’

948 3560 1062 3607 661616
1085 3545 1274 3615 tonsiones,
1300 3542 1357 3621 qui
1382 3542 1584 3619 regulariter
1611 3541 1646 3602 in
1670 3540 1743 3601 loco

948 3646 1059 3705 restro
1074 3642 1188 3704 rivere
1200 3657 1260 3719 per
1274 3640 1514 3718 professionem
1535 3638 1747 3701 deliberave-

948 3740 1027 3803 rint.
1056 3740 1236 3801 Fructuum
1260 3740 1370 3800 autem
1392 3740 1589 3808 vestrorum,
1612 3737 1680 3798 tam
1704 3734 1745 3796 de

949 3836 1124 3899 novalibus
1138 3836 1286 3914 praediis,
1298 3834 1447 3912 quamde
1464 3833 1620 3910 antiquis,
1633 3847 1652 3892 a
1665 3847 1745 3909 quo-

950 3950 1090 4012 cumque
1122 3933 1291 4002 colantur,
1322 3931 1469 3993 decimas
1501 3930 1573 3991 sine
1602 3928 1761 4005 alicujus·

950 4048 1101 4110 personae
1120 4030 1393 4103 contradictione,
1416 4027 1511 4092 robis
1534 4026 1745 4089 concedimus

950 4129 1208 4201 obtinendas,·et
1217 4130 1355 4206 insuper
1364 4126 1470 4200 161116,
1481 4124 1666 4201 vestrisque
1677 4138 1749 4184 suc·

951 4227 1139 4290 cessoribus
1157 4227 1193 4289 in
1212 4227 1410 4305 perpetuum
1431 4223 1578 4286 decimas
1600 4221 1748 4284 omnium

950 4326 1210 4403 possessionum,
1223 4341 1296 4403 quae
1309 4324 1445 4385 fuerunt
1455 4321 1594 4384 Gerardi
1605 4320 1645 4382 de
1657 4319 1747 4392 Sala,

950 4424 983 4485 et
996 4423 1032 4483 in
1045 4423 1162 4485 sancta
1174 4423 1303 4484 Helena
1315 4420 1540 4493 concedimus,
1557 4420 1590 4481 et
1605 4432 1747 4480 conces-

951 4535 1006 4581 sas
1020 4520 1121 4597 huJus
1140 4520 1309 4598 privilegii
1328 4518 1513 4580 munimine
1532 4516 1745 4588 roboramus;

952 4618 1046 4679 66116
1060 4620 1139 4695 jure
1155 4617 1373 4679 ecclesiarum
1395 4615 1436 4676 de
1454 4613 1542 4684 sala,
1565 4609 1748 4672 secundum

951 4714 1038 4791 quod
1062 4714 1216 4776 dominus
1243 4713 1411 4775 Gerardus
1439 4711 1613 4787 episcopus
1639 4706 1747 4767 felicis

951 4811 1120 4871 memoriae
1141 4809 1237 4871 vobis
1259 4807 1455 4869 obtinendas
1477 4802 1653 4865 concessit.
1678 4804 1747 4862 De-

952 4907 1119 4970 cernimus
1144 4921 1240 4981 ergo,
1271 4906 1308 4966 ut
1333 4902 1418 4964 nulli
1445 4901 1618 4962 bominum
1646 4899 1748 4961 liceat

951 5005 1111 5067 ecclesias
1124 5005 1252 5066 vestras
1267 5004 1392 5065 temere
1413 5000 1481 5062 ullo
1500 4999 1598 5061 modo
1611 4999 1749 5077 pertur-

950 5103 1047 5175 bare,
1068 5104 1127 5163 aut
1144 5116 1260 5162 earum
1276 5094 1504 5177 possessiones
1523 5096 1672 5167 auferre,
1695 5094 1749 5157 vel

952 5200 1080 5262 ablatas
1107 5199 1270 5271 retinere,
1301 5196 1531 5259 minuereve]
1559 5191 1749 5257 temerariis

951 5295 1184 5360 vexationibus
1205 5295 1348 5372 fatigare
1370 5316 1377 5355 ε
1401 5295 1457 5356 sed
1480 5293 1593 5356 omnia
1619 5290 1749 5370 integra

952 5396 1202 5467 conserventur,
1218 5394 1252 5455 et
1264 5393 1306 5455 ab
1322 5393 1411 5455 omni
1424 5390 1569 5461 vinculo,
1584 5389 1618 5451 et
1631 5387 1750 5449 condi-

9 5510 11 5561 1
104 5499 190 5568 mus,
214 5497 447 5569 concedimus,
473 5497 572 5575 atque
597 5497 771 5574 largimur,
799 5500 832 5559 et
858 5496 898 5559 ab
951 5494 1054 5567 tione,
1068 5496 1167 5570 atque
1185 5491 1319 5564 tributo,
1338 5491 1424 5553 sicut
1443 5487 1595 5567 superius
1611 5485 1745 5562 legitur,

9 5588 11 5679 s
105 5593 193 5653 omni
206 5594 354 5668 vinculo,
371 5593 442 5657 sive
459 5594 618 5667 dominio,
635 5595 756 5673 praeter
770 5596 900 5679 661666-
952 5592 987 5653 16
1011 5593 1206 5669 perpetuum
1230 5590 1455 5653 absolvantur.
1486 5583 1617 5663 siquis
1645 5582 1749 5660 igitur
