3946 6196
248 315 305 376 ⁴11
858 310 1036 375 HONORII
1059 313 1104 374 111
1125 312 1274 381 OPERA·
1841 331 1897 391 412

249 474 452 555 apparuerit,
476 472 699 550 impetratum.
714 472 877 535 catarum
893 488 967 534 cum
983 487 1043 535 ec·
1097 473 1347 552 promerendis
1361 475 1903 564 dioecesauissuscipielisopisoo·

248 576 350 638 olesia
365 573 495 637 Sancta
509 571 625 633 Mariae
649 570 685 633 iu
700 571 813 643 Saxia,
829 572 862 633 et
880 571 1044 649 hospitale
1098 572 1165 651 pis,
1180 572 1342 651 siquidem
1358 575 1513 639 catholici
1533 576 1675 652 fuerim,
1691 581 1725 644 et
1743 596 1896 647 commu-

249 672 472 735 oonstructum
485 669 607 731 ibidem
626 669 669 730 ad
692 685 753 730 uos
773 668 865 730 nullo
881 670 1046 746 pertineat
1098 670 1231 732 nionem
1249 674 1471 736 sacr-osanne
1485 676 1646 740 Romanae
1660 680 1757 740 Sedis
1771 681 1900 745 babue-

248 769 426 839 mediante,
439 767 628 846 salvoquod
643 766 757 829 clerici
773 767 921 845 ejusdem
936 767 1044 829 eccle—
1098 766 1179 839 rint,
1207 769 1241 831 et
1273 784 1313 830 ea
1345 770 1439 831 vobis
1477 772 1551 834 siue
1584 776 1750 852 pravitate
1784 780 1897 857 aliqua

247 865 944 951 siaedebentexuostrcmandatoBasilfcae
957 865 1045 942 prin·
1097 865 1264 928 voluerint
1288 867 1458 931 exhibere.
1484 870 1640 949 Alioquin
1672 874 1775 937 liceat
1803 878 1897 939 robis

247 964 331 1041 cipis
342 963 577 1042 Apostolorum
591 965 627 1024 iu
643 963 1003 1040 scrutiniobaptismc,
1011 963 1045 1024 et
1098 979 1336 1041 quemcumque
1368 965 1554 1030 malueritis
1577 972 1779 1034 catholicum
1803 975 1897 1037 adire

248 1062 386 1124 Latonia
408 1077 451 1123 ue
465 1060 609 1140 disparis
628 1060 828 1123 conditionis
846 1060 1044 1138 praeferatur
1097 1062 1290 1131 antistitem,
1303 1064 1446 1139 gratiam
1461 1068 1495 1127 et
1508 1070 1776 1133 communionem
1790 1077 1898 1149 Apos-

247 1157 346 1221 bomo
375 1158 497 1231 eidem,
522 1160 557 1221 et
579 1174 712 1231 servus,
733 1158 790 1236 qui
815 1158 874 1219 alii
902 1158 1042 1219 Domino
1097 1158 1206 1220 tolicae
1235 1160 1329 1221 Sedis
1353 1161 1542 1237 habentem,
1562 1167 1618 1243 qui
1647 1170 1763 1231 nostra
1791 1169 1896 1233 fretus

248 1257 323 1330 net,
339 1259 397 1319 aut
415 1257 525 1329 cadat,
541 1258 756 1335 praeponatur
776 1256 934 1335 hospitali
956 1271 1044 1334 pree·
1097 1257 1294 1320 auctoritate
1305 1257 1399 1322 vobis
1415 1261 1500 1339 qnod
1511 1263 1697 1341 postulatur
1710 1266 1893 1345 impendat

246 1355 347 1427 dicto,
359 1355 447 1433 quod
464 1356 580 1419 nostm
593 1357 723 1418 mutum
743 1356 797 1417 est
814 1353 1043 1433 jurisdictioni
1137 1356 1242 1426 Quum
1259 1357 1370 1417 autem
1389 1360 1546 1434 generale
1563 1361 1776 1427 interdictum
1796 1367 1895 1427 terra

247 1453 552 1531 subjectum3tuam
561 1466 750 1529 porsonam,
767 1452 815 1512 iili
825 1453 994 1527 magister,
1010 1451 1044 1512 et
1096 1450 1207 1525 fuerit,
1224 1453 1323 1515 liceat
1341 1455 1376 1514 iu
1399 1456 1550 1517 ecclesiis
1565 1460 1686 1521 vestris
1702 1461 1828 1523 clausis
1842 1466 1897 1540 ja

246 1566 477 1613 successorum
500 1552 632 1612 tuorum
647 1565 668 1610 a
686 1548 909 1627 quorumlibet
921 1548 1044 1627 prela-
1098 1549 1184 1621 uuis,
1200 1550 1346 1612 exclusis
1365 1556 1660 1619 excommunicatis
1675 1559 1708 1621 et
1727 1555 1894 1622 interdic-

244 1652 355 1712 torum
376 1648 553 1711 eximimus
575 1649 748 1726 potestate,
762 1649 799 1709 ut
822 1647 933 1709 nullus
955 1648 990 1709 iu
1008 1647 1042 1731 te
1096 1645 1151 1718 tis,
1168 1661 1234 1708 uon
1258 1647 1399 1724 pulsatis
1418 1653 1600 1728 campanis,
1617 1667 1800 1731 suppressa
1814 1672 1895 1719 voce

243 1747 297 1808 uel
325 1762 383 1809 eos
404 1746 588 1819 interdicti,
610 1746 664 1807 uel
689 1744 1042 1811 excommunicationis
1097 1743 1210 1805 divina
1224 1744 1334 1807 officia
1347 1746 1527 1809 celebrare.
1546 1750 1661 1814 Liceat
1682 1766 1892 1831 quoquere-

244 1845 443 1909 sententiam
464 1845 537 1905 siue
558 1843 713 1905 mandato
732 1841 1041 1920 apostolicaesedis
1095 1839 1147 1902 bis
1169 1841 1292 1905 liberas
1315 1845 1349 1906 et
1372 1845 1541 1908 absolutas
1567 1864 1728 1925 personas
1747 1852 1894 1914 eseculo

244 1942 366 2004 audeat
389 1941 612 2018 promulgare,
626 1956 725 2017 quam
746 1940 776 2001 si
794 1940 892 2005 aliter
912 1939 1042 2017 prolata
1095 1938 1259 2014 fugientes
1278 1940 1320 2001 ad
1340 1942 1590 2005 conversionem
1604 1946 1767 2022 recipere,
1782 1947 1817 2010 et
1837 1964 1895 2009 eas

245 2039 355 2111 fuerit,
372 2038 581 2101 decernimus
594 2053 660 2099 uon
672 2039 800 2100 tenere.
1012 2074 1016 2080 -
1096 2034 1221 2114 absque
1234 2038 1496 2101 contradictione
1508 2041 1620 2118 aliqua
1631 2043 1790 2105 renuere.
1805 2048 1893 2106 Pro-

284 2138 319 2198 Si
341 2137 416 2214 quis
428 2151 509 2199 vero
522 2135 662 2199 fratrum
676 2137 876 2208 vestrorum,
891 2136 948 2212 qui
964 2134 1042 2196 des-
1095 2131 1247 2194 bibemus
1264 2133 1402 2211 insuper
1413 2137 1450 2199 ut
1459 2136 1542 2197 nulli
1555 2136 1696 2200 fratrum
1706 2143 1894 2202 vesuomm

241 2235 338 2297 tinuti
351 2232 475 2296 fuerint
487 2234 526 2296 ad
539 2233 768 2311 eleemosynas
779 2232 1040 2309 colligendas,in
1095 2231 1170 2305 post
1191 2229 1313 2292 factam
1343 2232 1378 2293 iu
1402 2232 1486 2295 locis
1509 2235 1630 2297 vermis
1650 2235 1893 2313 professionem

242 2330 424 2410 quamlibet
445 2331 624 2403 civitatem,
642 2330 825 2402 castellum,
847 2330 900 2392 uel
926 2330 1040 2392 villam
1095 2325 1146 2388 fas
1159 2328 1203 2390 sit
1217 2327 1341 2406 absque
1354 2331 1504 2408 magistri
1519 2332 1571 2393 sui
1583 2331 1721 2395 licentia
1732 2334 1894 2397 indedis-

242 2429 447 2501 advenerint,
463 2430 492 2489 si
508 2428 592 2491 forte
609 2429 703 2490 locus
722 2427 780 2489 ille
794 2443 814 2488 a
828 2426 951 2489 divinis
966 2427 1041 2489 fue-
1095 2424 1213 2486 cedere
1225 2425 1292 2487 uisi
1301 2427 1456 2490 arcteris
1470 2429 1645 2505 religionis
1657 2431 1806 2494 obtentu
1822 2435 1894 2495 Dis-

241 2529 286 2589 rit
300 2526 420 2588 officiis
434 2525 641 2598 interdictus,
656 2541 716 2602 pro
729 2525 965 2602 omnipotentis
980 2525 1039 2586 Dei
1094 2521 1263 2584 cedentem
1283 2540 1364 2587 uero
1379 2525 1502 2603 absque
1517 2529 1743 2590 communium
1757 2529 1893 2593 litiera-

240 2623 428 2686 reuerentia
441 2623 477 2685 in
490 2639 605 2685 eorum
619 2622 763 2685 adventu
774 2622 927 2698 jucundo,
937 2622 1038 2683 semel
1094 2634 1168 2679 rum
1194 2620 1382 2684 sesmarum
1418 2623 1571 2686 motione
1609 2626 1723 2687 nullus
1758 2628 1892 2705 penitus
1961 2688 1962 2691 ,

240 2724 276 2784 iu
295 2738 395 2793 anuo,
411 2721 550 2798 pulsatis
571 2721 743 2798 campanis
761 2720 956 2797 aperiantur
976 2723 1040 2781 lic·
1093 2716 1215 2779 audeat
1228 2718 1384 2783 retinere.
1402 2721 1439 2783 Si
1452 2721 1509 2799 qui
1517 2737 1597 2784 vero
1609 2722 1750 2785 bairum
1764 2727 1891 2787 vasne-

241 2820 363 2893 clesia,
388 2820 426 2881 ut
453 2834 553 2895 super
578 2818 796 2895 eleemosynis
825 2817 1038 2894 acquirendis
1093 2830 1167 2876 mm
1191 2817 1266 2892 post
1287 2815 1408 2879 iactam
1434 2819 1673 2896 professionem
1699 2822 1890 2885 turbatores

239 2916 376 2978 uerbum
394 2915 636 2983 exhortationis
648 2915 691 2976 ad
706 2914 864 2992 populum
878 2914 913 2975 iu
929 2914 1039 2975 eccle·
1093 2912 1264 2988 religionis
1275 2917 1408 2988 vestran,
1416 2916 1471 2977 vel
1481 2916 1618 2980 inutiles
1632 2918 1759 2981 inerint
1772 2921 1891 2983 fortas·

241 3015 292 3076 sia
307 3013 520 3091 proponatur.
535 3012 749 3073 Deceruimus
764 3011 902 3089 insuper
929 3012 966 3074 ut
981 3027 1039 3073 re-
1093 3009 1140 3069 sis
1154 3009 1293 3084 inventi,
1310 3011 1409 3075 liceat
1419 3012 1491 3085 tibi,
1507 3014 1556 3076 fili
1570 3015 1741 3092 magister,
1757 3018 1792 3080 et
1806 3034 1887 3080 suc-

241 3113 391 3188 ceptores
425 3109 686 3181 fraternitatum,
719 3108 790 3169 sive
824 3107 1037 3170 collectarum
1092 3107 1358 3171 cessoribustuis
1373 3126 1430 3173 eos
1443 3128 1518 3173 cum
1530 3128 1681 3185 assensu,
1697 3115 1733 3176 et
1746 3116 1887 3179 consilio

238 3209 427 3268 uestrarum
450 3206 542 3267 salvo
568 3209 645 3282 jure
665 3220 800 3266 suorum
829 3204 1036 3267 dominorum
1091 3205 1235 3266 sanioris
1254 3208 1359 3283 partis
1379 3209 1524 3285 Capituli
1547 3225 1714 3284 amouere,
1739 3211 1888 3291 ipsisque

238 3303 282 3365 in
293 3303 381 3365 beati
401 3303 491 3365 Petri
506 3303 540 3364 et
553 3304 666 3365 nostra
685 3302 889 3380 protectione
908 3304 1037 3365 consis-
1091 3301 1170 3363 dare
1183 3302 1352 3365 licentiam
1364 3306 1516 3367 adabum
1529 3308 1693 3381 ordinem,
1703 3307 1760 3370 ubi
1771 3326 1890 3372 semun-

237 3402 320 3474 tunt,
335 3400 618 3478 etpaceinterris
634 3400 753 3478 quibus
768 3399 891 3462 merint
904 3401 1037 3478 potian-
1090 3399 1168 3461 dum
1192 3402 1296 3463 Deum
1323 3403 1438 3464 vivero
1460 3405 1594 3467 valeant
1618 3406 1827 3478 naumann,
1854 3411 1889 3470 et

236 3502 301 3562 tur.
326 3499 434 3561 Simili
460 3499 560 3560 etiam
579 3498 675 3560 modo
704 3499 883 3570 sancimus,
909 3499 945 3559 ut
966 3499 1036 3575 qui·
1090 3493 1163 3556 loco
1190 3510 1306 3556 eorum
1331 3497 1416 3558 alios
1451 3498 1668 3575 subrogandi,
1702 3502 1760 3577 qui
1786 3503 1888 3564 unius

239 3602 380 3674 cunique
394 3598 430 3657 in
444 3599 555 3661 vestra
576 3596 677 3658 fuerit
698 3596 905 3658 fraternitate
917 3612 1036 3672 recep·
1089 3590 1168 3652 anni
1194 3593 1301 3669 spatio
1323 3594 1359 3655 in
1373 3595 1485 3656 vestra
1509 3596 1668 3658 societate
1691 3597 1884 3674 probentur,

236 3696 306 3767 tus,
331 3695 361 3756 si
384 3694 497 3756 forsan
524 3694 727 3771 parochialis
753 3694 913 3766 ecclesia,
938 3697 1034 3771 cujus
1088 3704 1154 3765 quo
1181 3691 1327 3767 peracto,
1343 3691 1372 3752 si
1391 3708 1501 3754 mores
1522 3708 1638 3755 eorum
1651 3696 1838 3771 exegerint,
1853 3700 1887 3758 et

237 3793 308 3871 ipse
330 3792 553 3870 parochianus
575 3792 733 3863 extiterit,
752 3808 773 3854 a
794 3791 916 3853 divinis
935 3791 1034 3853 fuerit
1088 3787 1151 3863 ipsi
1174 3788 1273 3849 utiles
1297 3787 1422 3851 fuerim
1444 3790 1486 3873 ad
1507 3792 1680 3853 servitium
1707 3792 1884 3871 hospitalis

236 3891 355 3953 officiis
376 3890 564 3959 interdicta,
581 3906 720 3966 eumque
739 3891 823 3951 mori
843 3889 1030 3966 contigerit,
1088 3884 1228 3956 inventi,
1257 3885 1497 3962 professionem
1526 3887 1653 3951 faciant
1680 3890 1883 3965 murem.

119 4044 123 4050 .
234 3989 299 4067 ipsi
327 3987 496 4065 sepultura
528 3986 755 4049 ecclesiastica
772 3998 852 4049 ‚non
879 3989 1031 4062 negetur,
1086 3982 1135 4042 Ad
1156 3981 1229 4044 haec
1252 3983 1435 4046 districtius
1458 3984 1649 4048 iuhibemus
1671 4002 1714 4048 ne
1734 4004 1756 4048 a
1773 3990 1819 4060 te,
1835 3989 1883 4051 illi

235 4087 302 4147 nisi
321 4085 627 4148 excommunicatus
641 4084 695 4146 vel
714 4085 909 4146 nominatim
933 4083 1033 4146 fuerit
1087 4080 1255 4156 magister,
1271 4081 1325 4143 vel
1342 4082 1591 4146 successoribus
1608 4084 1686 4158 tuis,
1712 4086 1748 4146 et
1769 4086 1884 4149 fratri

235 4183 442 4245 interdictus.
456 4183 608 4243 Decimae
623 4182 734 4243 autem
754 4181 795 4242 de
810 4183 920 4255 terris,
935 4184 969 4245 et
980 4182 1033 4245 vi·
1085 4176 1146 4238 bus
1161 4177 1336 4254 hospitalis
1349 4180 1496 4257 eiusdem
1506 4182 1698 4258 exigatnlla
1710 4182 1886 4245 ecclesias·

81 4338 87 4345 .
142 4266 147 4271 ’
235 4278 789 4356 neis‚quasadopusinflrmorum,
802 4280 834 4341 et
849 4295 1030 4356 pauperum
1086 4275 1151 4337 tica
1167 4276 1372 4338 secularisve
1386 4294 1528 4355 persona
1553 4279 1741 4352 fidelitates,
1760 4280 1882 4343 homa-

235 4377 381 4456 propriis
399 4374 563 4446 manibus,
580 4375 638 4436 aut
651 4375 835 4451 sumptibus
854 4375 974 4447 colitis,
991 4376 1031 4438 de
1085 4373 1156 4447 gia,
1180 4376 1384 4450 juramenta,
1411 4376 1465 4438 uel
1491 4377 1687 4459 securitates
1719 4379 1879 4457 reliquas,

233 4476 334 4540 terris
348 4473 471 4535 habitis
486 4473 563 4534 ante
577 4472 762 4533 Concilium
777 4473 945 4548 generale,
957 4475 1030 4536 sivo
1085 4486 1158 4547 quae
1173 4486 1193 4531 a
1208 4471 1304 4533 laicis
1318 4472 1581 4550 frequentantur.

235 4571 498 4636 denutrimeutis
511 4569 716 4642 animalium,
732 4586 793 4632 seu
812 4569 853 4631 de
868 4570 1030 4633 fructibus
1125 4571 1297 4631 Postremo
1320 4569 1480 4644 decimas,
1495 4587 1578 4649 quas
1599 4572 1741 4634 consilio
1767 4576 1803 4635 et
1822 4590 1881 4635 as-

234 4671 407 4734 hortorum
422 4672 620 4740 vestrorum,
636 4666 749 4731 nullus
760 4668 895 4744 exigere
910 4669 962 4730 vel
976 4685 1031 4729 ex·
1084 4682 1186 4728 seusu
1203 4667 1432 4745 episcoporum
1453 4684 1473 4729 a
1489 4668 1620 4731 clericis
1636 4670 1688 4731 vol
1704 4669 1804 4733 laicis
1818 4688 1882 4749 po·

233 4756 388 4846 torquere
406 4767 595 4843 praesumat.
612 4766 727 4827 Liceat
748 4767 858 4828 autem
876 4742 971 4828 uobis
994 4767 1029 4828 in
1083 4765 1215 4827 tueritis
1229 4763 1390 4834 obtinere,
1406 4765 1548 4843 illasque
1568 4782 1653 4844 quas
1665 4769 1882 4831 consentien-

234 4864 535 4935 domibusvestris,
552 4879 635 4940 quas
649 4862 685 4923 iu
700 4863 951 4939 praesentirem
968 4864 1031 4925 lna-
1084 4860 1170 4922 tibus
1196 4862 1394 4924 dioecesanis
1415 4865 1598 4941 episcopis,
1623 4865 1656 4927 et
1680 4864 1818 4929 alaricis
1839 4866 1880 4927 ad

233 4961 330 5032 betis,
344 4961 397 5022 uel
408 4961 444 5021 iu
463 4960 610 5021 futurum
622 4960 717 5021 eritis
732 4957 877 5023 habitati
890 4960 931 5021 ad
946 4978 1029 5038 opus
1083 4974 1165 5034 quos
1179 4960 1355 5036 pertinent,
1371 4960 1560 5038 acquiretis
1577 4961 1778 5025 auctoritate
1788 4964 1881 5026 robis

232 5061 390 5129 vestrum,
412 5057 446 5119 et
465 5057 601 5118 familia
613 5057 744 5129 restrae,
766 5073 828 5119 uec
848 5074 916 5119 nou
934 5058 1030 5120 intir-
1083 5057 1270 5132 apostolica
1285 5058 1749 5136 confirmamusetpraesautis
1764 5062 1879 5139 scripti

232 5171 378 5227 morum,
407 5155 441 5216 et
463 5169 644 5231 pauperum
666 5153 788 5216 ibidem
812 5157 1026 5228 manentium,
1083 5154 1268 5231 patrocinio
1282 5156 1536 5217 commuuimus.
1549 5156 1642 5217 Nulli
1652 5172 1734 5234 orgo
1744 5159 1881 5220 omniuo

233 5253 416 5319 oratorium
428 5252 462 5313 et
470 5251 695 5313 coemeterium
709 5252 784 5313 sino
794 5253 1028 5331 impedimento
1083 5250 1254 5313 bominum
1279 5252 1378 5314 liceat
1401 5253 1593 5330 pradictum
1617 5254 1728 5315 locum
1753 5257 1881 5319 temere

232 5350 410 5431 cujuslibet
423 5349 695 5411 conuadictionis
708 5349 843 5412 habere.
1082 5349 1288 5425 perturbare,
1310 5351 1364 5415 vel
1393 5351 1621 5428 possessiones
1651 5352 1798 5428 auferre,
1827 5355 1882 5416 rel

271 5449 422 5511 Chrisma
437 5462 528 5519 vere,
545 5446 655 5508 oleum
673 5449 834 5520 sanctum,
847 5463 1027 5510 consecra-
1082 5447 1211 5510 ablatas
1236 5448 1391 5520 retinere,
1408 5448 1570 5520 minuere,
1591 5463 1650 5510 seu
1677 5449 1885 5533 quibuslibet

231 5545 339 5606 boues
359 5546 532 5616 altarium,
557 5558 617 5605 seu
640 5546 871 5619 Basilicarum,
888 5545 1028 5608 ordina·
1082 5545 1313 5609 vexationibus
1339 5544 1496 5624 fatigare,
1523 5546 1580 5608 sod
1601 5546 1715 5607 omnia
1740 5564 1884 5612 conser-

232 5640 339 5701 tioues
362 5642 573 5713 clericorum,
603 5644 660 5720 qui
687 5644 728 5705 ad
751 5644 884 5706 ordines
903 5644 1029 5707 fuerint
1081 5646 1202 5707 ventur
1220 5660 1347 5719 eorum,
1361 5659 1420 5720 pro
1431 5658 1571 5722 quorum
1583 5643 1886 5719 gubernationem
