3900 6202
89 312 153 373 305

93 473 156 543 ria,
177 466 355 531 ecclesiam
378 468 411 528 S.
434 442 551 527 Mariae
577 464 748 527 heremitae
769 465 891 528 montis

92 566 228 640 caballi,
243 564 421 628 ecclesiam
437 566 471 627 S.
486 563 657 629 anastasii
672 562 713 624 de
727 562 823 637 colle,
840 579 892 625 ec·

92 666 227 730 clesiam
248 667 282 726 S.
299 663 453 735 Androae,
470 679 546 724 cum
561 661 721 740 cappellis
737 660 818 735 suis,
844 661 892 723 vi-

92 765 208 827 delicet
222 765 255 825 S.
270 762 398 835 Mariae,
422 763 454 823 S.
477 760 643 824 lobannis
656 759 697 821 de
710 759 888 833 caballino,

92 865 124 926 et
154 866 188 925 S.
218 861 357 923 Martini
390 859 430 922 de
454 858 620 932 carsiano,
651 857 828 920 ecclesiam
855 860 890 919 S.

92 959 221 1022 Nicolai
231 959 273 1021 de
288 958 444 1020 mevania
461 973 536 1020 cum
550 956 701 1033 cappella
718 959 752 1017 S.
767 957 893 1019 Panta-

93 1059 213 1132 leonis;
230 1057 409 1119 ecclesiam
432 1058 465 1117 S.
488 1054 644 1118 venantii
658 1053 698 1116 de
712 1054 841 1132 Spell03
859 1053 892 1116 et

93 1156 271 1219 ecclesiam
287 1157 321 1216 S.
337 1153 470 1217 Nicolai
487 1153 528 1216 de
541 1152 718 1216 (iudiliano
733 1169 808 1214 cum
821 1169 893 1230 pos·

94 1253 320 1324 sessionibus,
347 1250 523 1330 cappellis,
547 1242 732 1329 parochiis,
758 1250 894 1313 oblatio-

93 1351 200 1426 nibus,
224 1351 375 1424 decimis,
399 1349 567 1428 primitiis,
590 1348 795 1423 mortuariis,
815 1348 894 1411 visi·

94 1448 287 1523 talionibus,
303 1446 595 1527 procurationibus
610 1447 818 1510 institutione
831 1447 894 1509 cle

94 1548 250 1621 ricorum,
277 1549 313 1610 et
334 1547 544 1624 correptione
572 1545 731 1624 ipsorum,
760 1547 793 1609 et
816 1545 893 1608 aliis

96 1646 305 1724 pertinentiis
324 1645 411 1721 suis3
429 1647 486 1723 jus
507 1644 714 1721 patronatus,
732 1644 818 1723 quod
831 1644 894 1705 ha-

96 1743 176 1806 betis
197 1743 233 1805 in
256 1743 400 1805 ecclesia
423 1744 456 1804 S.
481 1742 573 1804 Petri
589 1741 769 1817 dehzan03
786 1742 895 1804 eccle-

16 1864 41 1904 ,·
96 1842 176 1903 siam
198 1844 232 1903 S.
253 1841 346 1903 Petri
371 1841 412 1901 de
436 1839 642 1913 flaminiano,
661 1840 838 1902 ecclesiam
859 1842 892 1902 S.

96 1937 472 2007 Clementisdematidia,
485 1938 518 1999 et
531 1938 707 2000 ecclesiam
719 1940 752 1999 S.
762 1938 894 2000 Nicolai

16 2089 18 2096 .
96 2035 336 2098 deneraznulli
345 2035 499 2115 episcopo
510 2033 667 2097 facultate
676 2035 720 2097 sit
729 2035 764 2096 in
774 2035 891 2097 eodem

99 2132 895 2211 monasteriopotestatemaliquamexercere,sed

99 2248 228 2309 semper
246 2232 281 2293 in
296 2231 514 2308 juridictione
532 2233 565 2293 S.
581 2234 621 2294 R.
635 2234 670 2293 Ε.
686 2231 792 2294 libera
810 2247 894 2294 con·

14 2371 37 2416 1

20 2419 37 2466 zi

21 2494 45 2510 ,

14 2327 33 2366 ’1
99 2330 263 2402 servetur,
277 2331 354 2401 etc,
371 2328 406 2392 et
417 2329 485 2391 alia
498 2329 534 2391 ut
547 2329 582 2391 in
601 2328 692 2391 bulla
705 2329 895 2408 supradicta

96 2430 158 2490 ΡΡ.
175 2427 373 2489 Innocentii.
384 2428 457 2488 Dat.
470 2428 579 2490 Later.
593 2444 653 2506 per
662 2444 798 2489 manum
811 2431 896 2506 Ray·

98 2525 181 2587 nerii
197 2527 233 2587 S.
250 2527 290 2588 R.
307 2527 345 2586 E.
361 2525 640 2598 vicecancellarii,
656 2528 686 2588 ll
702 2525 770 2587 kal.
783 2525 895 2587 martii

10 2597 48 2626 a)

10 2622 47 2638 ι.

41 2696 54 2725 ,i

40 2732 59 2764 {n

36 2769 41 2784 Ι

20 2723 24 2734 D

10 2753 22 2790 r³
41 2768 63 2837 g

10 2823 18 2854 ξ’
53 2838 62 2855 s

20 2859 23 2872 ¹
54 2862 63 2877 v

10 2883 21 2902 n
44 2882 63 2903 ’,1

10 2906 23 2934 t*
50 2906 64 2927 -r

9 2637 50 2700 ,11
98 2622 209 2686 indict.
245 2625 286 2695 V,
320 2623 566 2685 incarnationis
589 2623 771 2686 Dominicae
807 2639 895 2685 anno

99 2722 183 2795 1217,
198 2720 292 2800 pont.
307 2722 344 2782 P.
360 2722 501 2783 Honorii
517 2724 563 2784 111
577 2737 666 2784 anno
676 2721 795 2800 primo.

404 2951 589 3041 GCXLVI

143 3150 196 3210 111
208 3149 509 3224 archiepiscopum
522 3148 841 3225 Rotlmmaoensem.

17 3395 28 3441 ³2³.

21 3445 23 3452 .
53 3435 70 3458 e,

10 3455 28 3476 ast

12 3479 29 3508 -;=;
53 3499 60 3507 .

21 3509 29 3532 ΙΙ
53 3520 59 3527 ,

379 3327 422 3383 101
435 3327 517 3386 11111.
535 3327 614 3386 lili.

130 3431 253 3495 marat,
263 3428 310 3480 lib.
320 3430 342 3490 l,
354 3429 428 3495 epist.
440 3428 497 3481 31³.
507 3431 564 3481 lise.
578 3432 615 3482 ba
625 3431 703 3481 Porta
715 3429 750 3481 du
762 3429 857 3495 1111111.

9 3565 72 3676 ἐξ
99 3598 282 3672 Dispensatio
293 3612 364 3672 erga
375 3599 408 3657 G.
418 3599 533 3669 1111011,
542 3598 707 3668 litteratum,
717 3598 753 3657 ad
764 3597 894 3656 obtinen-

51 3664 72 3783 i}
129 3687 196 3745 dum
212 3687 344 3745 diversas
359 3686 514 3761 dignitates
528 3688 747 3758 ecclesiasticas,
759 3695 788 3746 et
801 3688 897 3760 plnres

49 3786 70 3863 ᾗ
129 3775 320 3849 parochiales,
331 3790 389 3834 non
409 3775 540 3864 obstante
559 3776 679 3834 concilio
696 3776 894 3835 Lateranensi.

17 3947 66 4037 ’1

25 3893 67 3961 {33
132 3917 314 3990 Honorius,
335 3918 411 3991 etc,
434 3917 619 3979 venerabili
641 3917 739 3980 fratri
760 3918 896 3981 archie-

97 4015 231 4093 piscopo
246 4015 489 4092 Rothomagen.

41 4114 59 4169 {t
135 4114 198 4187 Qui
212 4114 357 4191 propriae
370 4112 545 4190 probitatis
555 4113 684 4175 meritis
699 4112 894 4186 fulciuntur,

32 4287 47 4382 t

92 4213 167 4287 jure
188 4213 269 4272 sunt
290 4210 333 4271 ab
353 4211 429 4272 aliis
449 4211 647 4282 honorandi,
669 4213 706 4273 ut
724 4212 758 4273 et
774 4212 840 4290 ipsi
860 4227 897 4274 se

95 4309 265 4384 gaudeant
279 4309 320 4370 de
339 4309 469 4370 meritis
488 4309 627 4386 praemia
645 4312 834 4386 reportare,
856 4325 897 4371 10

95 4406 156 4467 1111
174 4407 388 4468 aemulatione
410 4406 572 4468 laudabili
592 4407 634 4467 ad
653 4407 897 4469 inst'tutionam

25 4499 27 4502 ’
95 4520 214 4566 eorum
247 4504 379 4565 avidius
411 4505 644 4581 provocentur.
680 4508 767 4567 Sane
795 4494 896 4583 quum

20 4613 22 4617 ·
96 4602 174 4663 olim
197 4601 233 4663 in
252 4602 396 4664 concilio
413 4603 634 4665 Lateranensi
655 4603 897 4681 circumspecta

95 4698 198 4761 luerit
211 4699 453 4761 deliberatione
471 4700 659 4777 provisum,
675 4701 762 4778 quod
777 4700 811 4762 11
829 4717 896 4761 nu-

0 4793 34 4882 ,th
96 4812 154 4873 per
168 4798 204 4858 in
218 4797 371 4874 generali
390 4797 538 4860 Concilio
556 4798 667 4859 extitit
688 4799 895 4872 innovatum,

96 4896 233 4973 nequis
258 4895 409 4956 diversas
431 4894 612 4971 dignitates
633 4894 894 4969 ecclesiasticas,

0 4995 22 5068 {i
94 4993 148 5054 vel
179 4993 296 5071 plures
324 4992 534 5069 parochiales
564 4993 724 5055 ecclesias
757 4994 898 5073 recipiat

0 5083 1 5088 ’
96 5092 210 5152 contra
232 5092 396 5152 canonica
412 5089 580 5162 instituta,
605 5092 653 5152 ita
674 5093 785 5153 tamen
810 5092 896 5170 quod

20 5219 24 5240 ι
96 5188 185 5250 circa
209 5187 370 5249 sublimes
389 5192 423 5250 et
441 5187 606 5250 litteratas
627 5204 799 5266 personas,
823 5206 897 5267 que

0 5271 1 5316 t
26 5333 27 5354 2
97 5285 280 5364 majoribus
293 5285 372 5347 sunt
383 5285 554 5347 beneficiis
566 5285 781 5360 honorandae,
796 5304 897 5365 quum

6 5385 27 5440 11
96 5385 181 5446 ratio
196 5382 435 5461 postulaverit,
458 5398 517 5459 per
536 5383 654 5444 sedem
673 5384 897 5461 apostolicam

4 5501 24 5569 ,ς’
97 5499 195 5561 super
213 5483 281 5543 boc
300 5481 411 5543 valeat
430 5481 628 5558 dispensari,
649 5498 738 5543 nunc
758 5498 819 5559 pro
843 5483 897 5543 di-

97 5580 181 5642 lecto
196 5580 269 5641 dlio
283 5581 321 5639 G.
335 5578 461 5640 Marcel
476 5579 598 5641 clerico
611 5579 680 5641 tllic
694 5579 817 5641 nobilis
831 5580 897 5643 viri

6 5669 12 5762 j
97 5680 148 5741 W.
161 5675 302 5749 Marcel,
316 5676 372 5738 cni
385 5675 574 5760 litteratura
587 5676 766 5752 sufficiens,
780 5677 813 5740 et
824 5693 898 5741 mo·

725 305 956 371 EPISTOLAE.
979 307 1058 366 LIB.
1081 305 1103 365 1.

1684 305 1744 366 306

945 465 1663 545 1111111111111111111111111111111111111,
1680 483 1743 529 no-

945 563 997 626 bis
1021 565 1131 628 extitit
1149 565 1320 628 humiliter
1341 565 1578 643 supplicatum,
1603 566 1640 627 ut
1663 580 1745 641 erga

946 663 1056 740 ipsum
1086 663 1346 740 dispensationis
1377 663 1567 743 hujusmodi
1601 662 1744 739 gratiam

947 760 1057 823 lacere
1078 761 1303 839 dignaremur.
1326 763 1407 822 Cum
1431 762 1533 838 igitur
1556 762 1593 823 tu
1614 760 1744 838 11111-

947 876 1038 921 sonae
1052 860 1183 934 merita,
1200 862 1233 921 et
1251 860 1337 921 alias
1351 860 1618 922 circumstantias
1635 858 1743 936 possis

947 958 1066 1020 melius
1084 958 1257 1036 indagare,
1275 974 1337 1020 nos
1354 958 1451 1020 bonis
1469 958 1665 1019 benefacere
1684 972 1746 1017 cu-

946 1057 1087 1136 pientes,
1103 1056 1150 1119 ita
1166 1056 1242 1130 tibi,
1265 1056 1305 1118 de
1326 1059 1421 1134 cujns
1439 1055 1638 1118 discretione
1657 1053 1744 1116 ddu-

947 1154 1033 1217 ciam
1045 1155 1204 1231 gerimus,
1219 1155 1282 1216 hoc
1295 1154 1450 1216 duximus
1460 1152 1741 1225 committendum,

947 1253 993 1328 ut,
1010 1252 1039 1314 si
1053 1252 1173 1315 idonea
1188 1268 1330 1333 persona
1348 1253 1408 1325 est,
1425 1251 1553 1314 meritis
1568 1254 1640 1330 ejus
1656 1266 1742 1328 pen-

948 1351 1041 1425 satis,
1062 1351 1176 1415 valeas
1200 1367 1301 1429 super
1321 1350 1364 1413 iis
1388 1367 1464 1413 curn
1486 1366 1525 1413 eo
1546 1348 1744 1412 auctoritate

947 1450 1137 1528 apostolica
1158 1450 1364 1528 dispensare,
1385 1449 1473 1511 sicut
1492 1448 1618 1511 videris
1636 1462 1743 1526 expe-

948 1548 1031 1610 dire.

987 1646 1106 1710 Datum
1121 1647 1289 1717 Laterani,
1305 1645 1458 1708 kalendis
1473 1643 1597 1717 martii,
1610 1641 1747 1723 pontill-

948 1745 1042 1808 catus
1057 1744 1162 1807 nostri
1177 1760 1266 1806 anno
1279 1744 1397 1822 primu.

988 1847 1032 1906 ln
1052 1847 1199 1906 11111111
1210 1842 1350 1905 enodatae
1369 1841 1478 1903 eidem
1494 1839 1745 1916 archiepiscopo

949 1942 1109 2019 scriptum
1132 1957 1192 2020 pro
1215 1943 1269 2002 W.
1290 1940 1411 2003 clerico
1434 1941 1513 2003 nato
1535 1937 1657 2001 nobilis
1679 1934 1746 1997 viri

949 2039 1127 2105 camerarii
1141 2040 1182 2102 de
1196 2040 1412 2118 Jaquervilla.

1243 2313 1448 2406 tchvtl

949 2521 1002 2582 Ad
1024 2522 1221 2596 episcopum
1240 2514 1531 2579 Sdoerzectensem
1554 2510 1588 2572 et
1611 2506 1748 2570 abbates

989 2621 1024 2680 s.
1046 2619 1228 2691 Gevmvesae
1247 2616 1455 2689 creatorem
1475 2613 1511 2673 S.
1533 2608 1682 2671 Moritur·
1705 2607 1747 2666 de

991 2718 1130 2791 cornera
1141 2716 1319 2777 Periclen.

1239 2880 1356 2939 111111.
1378 2877 1457 2935 1117.

991 3037 1110 3103 lamet,
1122 3033 1169 3085 lib.
1182 3034 1202 3093 l,
1215 3031 1288 3099 epist.
1301 3030 1357 3082 195.
1370 3028 1560 3080 111111Ρο111
1572 3023 1711 3086 du'l'beil.]

951 3182 988 3240 llt
1006 3183 1191 3252 compescant
1207 3173 1390 3233 insolentiam
1409 3169 1510 3230 Erardi
1528 3169 1564 3227 de
1583 3171 1675 3227 Brenn
1700 3165 1749 3240 qul

986 3268 1234 3341 consanguineam
1242 3256 1750 3323 incestuoseetclandeetineduxerat

987 3360 1016 3416 ln
1028 3372 1146 3415 uxorem
1159 3362 1188 3414 et
1202 3362 1352 3427 propterea
1367 3350 1459 3409 luerat
1472 3349 1747 3408 excommunicatus.

990 3526 1170 3599 Honorius,
1187 3526 1262 3597 etc,
1280 3521 1466 3586 venerabili
1480 3519 1577 3582 tratri
1592 3517 1748 3596 episcopo

952 3624 1175 3687 Silvanecteu.
1194 3625 1228 3685 et
1246 3621 1375 3684 dilectis
1395 3619 1474 3681 filiis
1493 3617 1605 3680 abbati
1624 3613 1748 3677 sanctae

951 3721 1128 3785 Genovefae
1145 3722 1178 3784 et
1196 3720 1302 3799 priori
1318 3718 1425 3781 sancti
1439 3715 1578 3778 Martini
1591 3714 1632 3775 de
1647 3714 1748 3773 Gam-

951 3820 1002 3899 pis
1017 3819 1182 3882 Parisien.

990 3916 1110 3980 Anima
1129 3916 1244 3977 nostra
1266 3911 1399 3976 turbata
1421 3909 1472 3972 est
1488 3906 1601 3979 valde,
1622 3920 1662 3967 ac
1683 3904 1749 3965 im·

951 4017 1059 4094 platus
1082 4011 1307 4076 amaritudine
1327 4010 1444 4073 venter
1464 4006 1590 4074 noster,
1612 4000 1750 4065 contur-

950 4113 1093 4191 bataque
1104 4114 1182 4174 sunt
1192 4111 1324 4173 viscera
1336 4109 1462 4180 nostra,
1478 4106 1511 4167 et
1523 4101 1626 4166 lumbi
1639 4098 1747 4162 nostri

951 4211 1065 4276 dolore
1075 4210 1205 4287 repleti,
1219 4208 1377 4287 quoniam
1392 4205 1454 4266 dlii
1465 4199 1630 4267 venerunt
1643 4211 1748 4276 usque

951 4311 991 4372 ad
1012 4311 1155 4388 partum,
1179 4309 1212 4370 et
1231 4323 1308 4369 ecce
1329 4306 1435 4368 virtus
1458 4302 1591 4366 videtur
1606 4298 1749 4361 deficere

951 4408 1106 4486 parienti,
1123 4410 1156 4469 et
1168 4405 1320 4468 efflorere
1335 4403 1389 4467 cui
1403 4400 1621 4465 benedixerat
1634 4396 1750 4459 Domi·

952 4523 1014 4568 nus
1043 4521 1124 4582 ager
1153 4505 1246 4566 satus
1275 4500 1517 4565 exhortationis
1549 4494 1748 4575 apostolicae

952 4605 1079 4666 semine
1093 4604 1171 4665 ante
1183 4617 1337 4663 messem.
1354 4597 1539 4660 Leviatban
1552 4594 1641 4656 enim
1656 4607 1751 4653 sanc·

951 4702 1087 4765 titlcatis
1106 4700 1251 4772 Domini,
1271 4698 1326 4775 qui
1346 4711 1447 4773 snper
1470 4691 1614 4754 montem
1636 4688 1750 4764 caligi-

951 4816 1070 4862 nosum
1100 4799 1233 4874 signum
1266 4792 1473 4864 levaverant,
1508 4790 1545 4851 ut
1571 4786 1749 4850 redderent

951 4898 1095 4975 AEgvptc
1110 4898 1143 4958 et
1165 4890 1407 4955 habitatoribus
1428 4892 1501 4967 ejus
1515 4886 1640 4948 malum
1659 4881 1747 4962 qnod

951 4997 1099 5058 fecerant
1116 4994 1151 5055 in
1168 4991 1248 5053 Sion
1263 4991 1296 5052 et
1308 4987 1494 5053 Jerusalem
1514 4987 1549 5047 in
1568 4981 1748 5061 conspectu

951 5093 1083 5157 Domini
1097 5092 1157 5154 Dei
1176 5088 1298 5157 nostri,
1319 5087 1382 5149 iter
1403 5085 1529 5147 rectum
1543 5098 1603 5161 per
1619 5079 1749 5143 anfrac-

950 5194 1020 5261 tus,
1037 5193 1073 5253 ut
1091 5205 1228 5267 serpens
1244 5188 1428 5255 tortuosus,
1449 5181 1614 5254 distorsit,
1631 5180 1664 5241 et
1682 5176 1746 5239 ob-

952 5289 1076 5352 seravit
1095 5290 1131 5350 11
1149 5286 1264 5358 vactis,
1285 5300 1398 5346 coram
1417 5282 1465 5344 eis
1485 5295 1611 5359 ponens
1634 5276 1745 5338 offen-

952 5386 1097 5449 diculum
1126 5400 1190 5461 qno
1217 5382 1420 5459 impingant,
1450 5381 1483 5441 et
1510 5375 1749 5441 convertantur

951 5486 1145 5546 retrorsum.
1167 5480 1335 5542 Attendite
1356 5478 1460 5554 igitur
1474 5477 1507 5537 et
1525 5475 1635 5536 videte
1649 5473 1679 5533 si
1698 5472 1748 5533 si-

951 5582 1041 5644 milis
1054 5579 1141 5641 sicut
1152 5578 1265 5640 noster
1277 5577 1372 5638 dolor
1382 5576 1432 5636 est
1443 5573 1548 5644 dolor,
1561 5585 1749 5632 111111111-

952 5679 1038 5743 citus
1070 5676 1112 5740 ad
1146 5674 1340 5755 obsequium
1372 5669 1505 5734 Domini
1539 5665 1746 5746 praeparatus
