3982 6196
123 196 191 256 625

128 355 205 416 dem
220 356 333 415 Terrae
348 369 508 415 succursu
531 353 660 416 omarus
680 355 879 427 ordinatum,
896 357 932 417 ut

130 469 198 530 pax
215 452 271 514 vel
295 452 413 514 saltem
434 452 562 527 treugae
585 452 621 511 in
639 451 708 513 toto
730 451 809 514 orbe
824 453 933 514 chris-

129 551 223 612 tiano
258 567 318 627 per
351 549 607 627 quadriennium
640 552 863 623 servarentur,
889 551 931 611 iis

128 648 186 725 qui
225 649 393 711 contraire
428 646 697 724 presumerent,
734 663 793 724 per
825 649 933 709 eccle-

129 746 302 807 siasticam
339 744 580 807 districtionem
612 746 797 807 arctissime
837 761 933 807 coer-

130 844 258 905 cendis.
564 903 566 909 ,

169 941 267 1002 Unde
286 955 399 1016 regem
424 940 458 1001 et
479 939 608 1001 nobiles
636 939 836 1002 memoratos
862 956 934 1001 mo-

128 1039 276 1109 nuimus,
291 1037 482 1113 rogavimus
497 1039 529 1100 et
549 1037 796 1099 obsecravimus
810 1038 847 1096 in
862 1040 931 1098 Do-

129 1137 232 1208 mino,
259 1135 319 1196 snb
339 1135 563 1197 anathematis
577 1135 848 1198 interminatione
863 1135 935 1195 dis-

128 1233 263 1297 trictius
280 1232 469 1294 inhibentes
490 1249 533 1293 ne
552 1233 640 1295 dicto
663 1233 787 1305 comiti,
808 1232 877 1309 qui,
904 1232 934 1292 si

127 1331 247 1393 contra
275 1345 351 1392 eum
380 1330 525 1392 habeant
553 1330 684 1408 aliquas
718 1330 931 1406 quaestiones,

127 1430 268 1505 paratus
283 1429 334 1489 est
348 1428 515 1500 commta,
528 1428 586 1505 qui
599 1442 776 1505 personam
795 1426 829 1488 et
841 1427 933 1487 vices

128 1526 263 1587 nostras
279 1525 315 1586 in
327 1524 477 1602 partibus
493 1525 562 1585 illis
577 1526 662 1601 agie,
679 1526 742 1597 vel,
760 1524 790 1585 si
805 1524 936 1585 malue-

127 1623 207 1695 rint,
239 1638 351 1684 coram
389 1622 498 1695 nobis,
525 1624 576 1684 eis
608 1622 767 1684 exhibere
794 1621 934 1699 justitiae

129 1721 426 1797 complementum,
458 1735 552 1781 arma
581 1720 772 1782 nullatenus
801 1734 934 1781 movere

131 1816 348 1897 praesumant.¹
364 1817 523 1880 Nolentes
538 1817 640 1894 igitur
652 1819 821 1895 negotium
843 1818 934 1895 pacis

131 1919 165 1979 et
177 1917 268 1989 iidei,
281 1916 384 1978 tantis
399 1915 570 1977 laboribus
578 1918 613 1978 et
625 1915 810 1993 dispendiis
825 1931 935 1993 perso-

130 2030 250 2075 narum
278 2014 312 2075 et
336 2028 450 2076 rerum
481 2014 694 2089 procuratum
720 2015 757 2074 in
784 2013 935 2089 partibus

131 2110 334 2188 saepedictis,
363 2111 400 2171 in
427 2111 600 2188 antiquum
625 2109 727 2172 chaos
748 2110 935 2187 aliquorum

130 2208 321 2271 temeritate
329 2207 447 2281 relabi,
463 2207 516 2269 vel
529 2207 684 2285 impediri
696 2193 809 2269 Terrae¹
823 2223 937 2284 snpra·

132 2306 231 2368 dictae
246 2320 452 2378 succursum,
469 2305 662 2367 discretioni
675 2306 740 2367 tuae
755 2321 816 2381 per
829 2308 937 2381 Apos-

135 2402 237 2466 tolica
258 2403 382 2479 scripta
405 2402 600 2463 mandamns
622 2403 795 2480 quatenus,
826 2401 856 2462 si
875 2417 937 2462 rex

135 2502 171 2562 et
189 2498 320 2561 nobiles
343 2499 513 2576 saepedicti
542 2499 676 2561 monitis
702 2499 825 2561 nostris
849 2514 937 2575 prae-

136 2596 341 2674 sumpserint
361 2597 550 2668 contraira‚
581 2597 618 2658 tu
644 2595 936 2674 praesumptionem

136 2695 284 2771 ipsorum
312 2709 371 2771 per
389 2706 565 2754 censuram
582 2694 857 2765 ecclesiasticam,
874 2707 937 2768 ap-

135 2790 317 2867 pellatione
341 2793 479 2861 remota,
502 2803 645 2866 persona
668 2789 759 2865 regis
775 2788 938 2849 duntaxat

133 2890 285 2967 excepta,
301 2903 503 2966 compescas.
514 2888 632 2949 Datum
642 2888 810 2961 Laterani,
826 2890 857 2948 X
867 2885 934 2947 kal.

134 2986 345 3059 novembris,
374 2985 597 3063 pontificatus·
621 2986 727 3047 nostri
760 3001 848 3047 anno
878 3001 936 3045 se-

135 3084 254 3146 cundo.

473 3222 597 3309 XLIX

263 3386 318 3446 Aa
330 3386 529 3458 episcopum
547 3385 817 3445 ambiorzcaasem.

434 3514 466 3571 3l
485 3519 542 3571 oct.
560 3513 641 3571 1217.

167 3631 281 3694 [liegest.
294 3628 341 3679 lib.
355 3628 388 3688 11,
398 3627 475 3693 epist.
493 3625 547 3677 703.
559 3628 617 3679 lise.
630 3627 668 3677 Le
677 3627 753 3677 Porta
764 3626 797 3677 du
810 3625 906 3689 Theil.]

136 3745 340 3818 subreptitiam
365 3742 582 3801 concessionem
602 3743 693 3801 irritat
708 3749 737 3800 et
756 3741 939 3816 praebendam

470 3838 607 3889 reservat.

177 3951 941 4040 HonoriusvenerabiliiratriAmbianen.epis-

139 4069 234 4131 copo.

179 4151 250 4212 Etsi
262 4148 405 4211 velimus
429 4146 464 4207 in
485 4146 638 4207 omnibus
655 4145 719 4207 viis
734 4146 857 4207 nostris
872 4147 941 4207 sol·

138 4249 231 4309 licite
253 4260 454 4323 precavere,
469 4259 523 4317 ne,
536 4242 621 4321 quod
637 4242 734 4315 absit,
748 4243 941 4305 obtineatur

139 4361 159 4407 a
171 4344 267 4406 nobis
278 4342 412 4421 aliquod
422 4340 695 4419 reprehensibile,
707 4339 758 4401 vel
770 4341 941 4403 dissonum

760 195 988 257 EPISTOLAE.
1012 195 1090 256 LIB.
1115 194 1155 254 11.

1726 196 1787 258 526

986 353 1035 415 sic
1050 370 1086 415 se
1110 353 1220 425 babet,
1246 353 1333 432 quod
1358 354 1453 418 bonae
1469 355 1783 419 memoriaeloanne

988 450 1157 528 Stephano
1170 451 1269 512 rebus
1285 451 1440 513 humanis
1451 454 1783 531 exempt0,praeben-

987 548 1074 619 dam,
1086 565 1184 626 quam
1196 548 1298 610 intua
1309 550 1786 627 ecclesiatennissedignosci·

986 646 1052 718 tur,
1069 646 1189 709 dilecto
1206 646 1275 708 illio
1295 647 1439 709 Ricardo
1459 650 1622 710 canonico
1637 649 1785 711 basilicae

985 742 1147 820 principis
1163 745 1410 820 Apostolorum,
1437 762 1533 824 quem
1558 745 1694 808 obtentu
1717 763 1786 807 suae

988 839 1161 916 probitatis
1169 841 1349 917 diligimus,
1362 842 1517 905 duximus
1528 844 1784 906 concedendam.

989 938 1082 999 Unde
1102 938 1131 998 si
1151 954 1211 1014 pro
1229 939 1407 1016 praebenda
1422 941 1494 1017 ipsa
1511 941 1569 1002 alii
1585 942 1786 1003 conserenda

987 1034 1047 1096 tibi
1068 1035 1276 1112 postmodum
1298 1037 1482 1099 direximus
1507 1039 1630 1116 scripta
1658 1041 1783 1110 nostra,

988 1148 1047 1207 per
1075 1131 1303 1210 obreptionem
1325 1134 1358 1196 et
1379 1134 1626 1212 subreptionem
1646 1152 1666 1197 a
1690 1136 1786 1197 nobis

988 1229 1121 1291 obtenta
1136 1231 1281 1303 inerunt,
1299 1248 1399 1308 quum
1415 1248 1476 1294 nec
1490 1234 1534 1295 sit
1547 1248 1609 1295 nec
1624 1233 1725 1295 luerit
1739 1235 1787 1293 in·

988 1326 1145 1388 tentionis
1172 1330 1295 1389 nostrae
1315 1330 1534 1403 concessioni,
1558 1346 1655 1407 quam
1681 1330 1787 1392 mdem

989 1423 1149 1485 canonico
1177 1423 1331 1497 lecimus,
1357 1426 1530 1503 derogare.
1565 1430 1685 1499 Quare·
1701 1429 1784 1505 ips'a,

988 1524 1148 1598 quantum
1164 1522 1204 1582 ad
1226 1522 1374 1584 eamdem
1389 1524 1612 1600 praebendam,
1634 1526 1789 1587 decerni-

989 1634 1149 1679 mnenon
1173 1619 1298 1681 tenere.
1327 1623 1392 1682 Per
1416 1622 1664 1684 concessionem
1677 1624 1787 1684 autern

989 1718 1137 1779 nostram
1152 1716 1187 1776 in
1203 1717 1293 1777 nullo
1308 1714 1536 1795 praejudicinm
1547 1719 1621 1781 ileri
1636 1719 1788 1783 volumus

990 1812 1111 1875 statuto
1122 1808 1229 1874 felicis
1245 1812 1487 1876 recordationis
1499 1818 1682 1878 Innocentii
1696 1834 1788 1893 papae

990 1911 1245 1987 praedecessoris
1259 1913 1376 1984 nostri,
1387 1912 1443 1990 qui
1452 1912 1662 1976 collationem
1672 1915 1789 1990 primae

990 2010 1156 2070 vacaturae
1172 2008 1357 2084 praebendae
1374 2008 1451 2071 Sedi
1466 2012 1786 2088 Apostolicaereser-

990 2106 1790 2186 vavit,quumidnequaquamspecialiterdeprae·

990 2202 1097 2264 benda
1113 2204 1252 2266 Joannis
1269 2206 1413 2266 senserit
1427 2206 1595 2267 antedicti.
1612 2208 1668 2274 Sic
1687 2207 1790 2281 igitur

990 2300 1156 2361 mandatis
1178 2298 1369 2377 apostolicis
1396 2300 1540 2364 debitam
1562 2302 1788 2364 obtinentibus
1895 2294 1898 2301 ’

991 2397 1192 2470 firmitatem,
1210 2396 1411 2459 fraternitati
1429 2399 1496 2460 tuae
1519 2415 1578 2476 per
1596 2400 1789 2476 apostolica

991 2493 1115 2571 scripta
1153 2494 1368 2566 mandamus,
1396 2498 1559 2573 qnatenus
1596 2497 1788 2573 pensionem

991 2607 1253 2669 annuam,quam
1262 2590 1462 2654 demandato
1473 2594 1791 2671 praelatipraedeces·

991 2687 1078 2746 soris
1093 2686 1201 2747 nostri
1221 2688 1255 2747 C.
1278 2688 1390 2763 nepoti
1410 2687 1522 2749 dilecti
1542 2687 1603 2748 tilii
1625 2690 1731 2750 nostri
1751 2693 1787 2750 P.

991 2780 1078 2846 tituli
1094 2785 1216 2845 sanctae
1232 2784 1449 2846 Pudentianae
1470 2784 1657 2862 presbpteri
1675 2786 1790 2847 cardi-

992 2880 1089 2951 nalis,
1116 2879 1300 2942 liberaliter
1326 2881 1532 2954 concessisti,
1560 2880 1664 2944 donec
1688 2882 1790 2944 sitin

991 2974 1152 3038 beneflcio
1167 2970 1371 3054 praebendali
1386 2970 1566 3055 provisum,
1589 2977 1697 3040 eidem
1717 2981 1790 3042 sine

992 3073 1210 3135 diminutione
1225 3076 1414 3150 persolvas;
1431 3075 1624 3137 mandatum
1637 3078 1786 3141 nostrum

992 3187 1092 3249 super
1108 3172 1171 3233 boc
1190 3170 1304 3234 taliter
1317 3170 1525 3251 impleturus,
1543 3172 1628 3251 quod
1647 3175 1789 3252 praedic·
1886 3184 1889 3189 ’

990 3271 1044 3331 tus
1069 3268 1266 3342 cardinalia,
1297 3287 1393 3347 quem
1413 3271 1502 3332 inter
1520 3270 1640 3333 iratres
1659 3273 1791 3334 nostros

992 3364 1130 3442 speciali
1145 3367 1366 3442 praerogativa
1381 3366 1551 3444 diligimus
1569 3370 1731 3439 caritatis,
1750 3370 1792 3431 ad

992 3463 1049 3524 tua
1064 3464 1097 3523 et
1112 3461 1265 3523 ecclesiae
1280 3464 1345 3524 tuae
1363 3465 1535 3525 commoda
1547 3466 1694 3527 strictius
1707 3467 1795 3528 obli-

992 3560 1104 3635 getur,
1130 3560 1163 3620 et
1186 3574 1247 3620 nos
1276 3558 1462 3622 devotionis
1490 3561 1556 3624 tuae
1584 3563 1729 3625 studium
1757 3566 1792 3625 in

993 3657 1133 3718 Domino
1160 3654 1439 3718 commendemus.
1451 3659 1668 3722 Monitionem
1690 3662 1791 3723 etiam

994 3770 1093 3831 quam
1113 3752 1316 3814 fraternitati
1335 3756 1400 3816 tuae
1421 3770 1480 3834 pro
1496 3757 1656 3831 magistro
1670 3762 1706 3818 B.
1724 3756 1794 3820 cle-

994 3851 1064 3912 rico
1075 3850 1265 3913 charissimi
1276 3850 1448 3912 indhrIsto
1460 3851 1521 3912 lilii
1531 3855 1635 3914 nostri
1645 3854 1793 3933 Philippi

994 3949 1083 4024 regis
1104 3950 1307 4009 Francorum
1327 3947 1478 4021 illustris,
1501 3964 1601 4026 super
1614 3951 1793 4027 praebenda

978 4045 1190 4113 ,ambianen
1204 4045 1354 4118 lecimus,
1369 4046 1603 4108 denuntiamus
1613 4048 1744 4110 irritam
1758 4050 1792 4112 et

996 4145 1165 4205 inanem...
1180 4138 1388 4218 Mandantes,
1405 4145 1440 4206 ut
1459 4145 1488 4205 si
1504 4145 1681 4222 praebenda
1695 4148 1793 4210 vacat

994 4242 1117 4303 ibidem
1137 4241 1178 4302 ad
1198 4257 1356 4318 praesens
1374 4242 1486 4319 nepoti
1505 4243 1685 4305 cardinalis
1706 4261 1794 4322 prae·

996 4339 1076 4401 dicti
1089 4338 1252 4411 conteras,
1274 4341 1306 4400 et
1321 4340 1482 4416 assignes
1507 4341 1664 4420 Alioquin
1686 4343 1793 4419 primo

139 4441 320 4513 honestati,
335 4439 535 4517 usqueadeo
550 4439 662 4500 tamen
674 4437 830 4516 frequens
841 4455 942 4501 occu·
995 4439 1188 4500 vacaturam
1206 4438 1329 4499 nostrae
1353 4437 1525 4500 donationi
1541 4454 1693 4501 reserves
1711 4456 1791 4517 per-

141 4539 233 4618 patio
241 4539 274 4601 et
285 4537 510 4600 inverecunda
518 4537 697 4613 petentium
708 4536 941 4613 importunitas
996 4550 1086 4595 sonae
1099 4533 1229 4596 idoneae
1241 4534 1489 4611 conserendam3
1504 4536 1681 4597 sciensnos
1691 4536 1793 4599 dilec-

141 4653 203 4698 nos
216 4636 400 4712 impellunt,
418 4633 504 4711 quod
520 4632 654 4704 iaciant,
669 4649 730 4694 nos
741 4632 864 4694 lactum
875 4650 942 4695 non
995 4632 1039 4693 tis
1061 4632 1139 4691 liliis
1164 4632 1325 4706 magistro
1343 4634 1380 4693 P.
1397 4634 1543 4708 Capuan.
1562 4634 1594 4695 et
1614 4636 1650 4692 P.
1667 4634 1708 4694 de
1727 4637 1792 4696 Ι)...

140 4731 340 4803 recolentes,
358 4730 522 4791 interdum
536 4746 577 4791 ea
592 4730 774 4790 concedere
793 4746 866 4806 quae
885 4730 941 4791 vi·
999 4729 1160 4790 canonico
1185 4730 1323 4789 Trecen.
1351 4728 1491 4789 Parisiis
1513 4731 1794 4792 commorantibus

140 4831 264 4892 dentur
286 4828 412 4890 nostris
442 4827 705 4905 praecedentibus
734 4827 942 4904 jussionibus
996 4842 1056 4903 per
1072 4825 1195 4901 scripta
1208 4827 1320 4885 nostra
1330 4824 1518 4898 mandasse,
1530 4829 1607 4888 utte
1616 4828 1651 4887 in
1660 4830 1795 4891 manda·

143 4927 292 4998 obviare,
317 4942 417 5002 quum
437 4926 584 4986 omnium
606 4923 730 4986 babere
749 4926 942 4986 memoriam
997 4926 1105 4985 torum
1120 4923 1309 4985 nostrorum
1329 4925 1525 4985 executione
1539 4928 1735 5000 cessantem,
1750 4929 1791 4990 ad

143 5025 295 5086 divinum
311 5024 355 5084 sit
372 5022 593 5098 potiusquam
610 5021 804 5082 humanum.
819 5024 943 5086 Verum
997 5037 1038 5082 ea
1059 5036 1118 5097 per
1145 5034 1321 5081 censuram
1345 5021 1617 5097 ecclesiasticam,
1646 5025 1796 5102 appella-

144 5120 359 5183 manifestata
373 5119 514 5180 veritate
533 5117 654 5195 siquid
669 5117 791 5180 iactum
816 5120 866 5181 est
884 5137 945 5196 per
997 5119 1088 5180 done
1108 5119 1235 5179 remota
1255 5119 1466 5195 compellant,
1482 5119 1697 5185 decernentes
1717 5124 1797 5184 irri-

144 5232 306 5287 errorem,
320 5214 434 5276 reduci
442 5214 538 5275 debet
548 5215 590 5275 ad
604 5215 754 5276 semitam
766 5216 941 5292 aequitatis,
998 5217 1067 5277 tum
1085 5216 1117 5276 et
1131 5215 1241 5287 inane,
1259 5216 1288 5275 si
1304 5217 1380 5296 quid
1396 5219 1511 5280 contra
1529 5221 1676 5281 mandati
1689 5222 1796 5284 nestri

144 5318 181 5377 ut
209 5314 364 5376 servetur
391 5313 426 5372 in
453 5310 605 5372 omnibus
634 5311 715 5372 ordo
741 5311 882 5384 debitus,
912 5316 945 5374 et
998 5314 1147 5374 tenorem
1164 5328 1264 5389 super
1287 5314 1393 5390 ipsius
1418 5316 1604 5392 praebendae
1619 5317 1797 5381 collatione

145 5410 391 5488 praeceptorum
406 5406 657 5482 impossibilitas
671 5423 730 5467 sen
743 5408 944 5484 perplexitas
999 5410 1099 5471 luerit
1118 5410 1326 5497 attentatum.
1345 5413 1463 5474 Datum
1483 5415 1638 5475 Laterani
1653 5416 1798 5479 secundo

145 5507 302 5570 evitetur.
312 5506 400 5565 Sane
410 5518 573 5564 memores
584 5520 710 5577 sumus,
723 5504 812 5567 etrei
822 5505 945 5568 veritas
1000 5507 1162 5570 kalendas
1177 5509 1366 5571 novembris
1378 5525 1466 5572 anno
1481 5511 1636 5573 secundo.
