3958 6204
94 279 149 343 189
392 274 477 336 xvl.
492 299 533 319 ·-
553 266 599 333 IN
620 270 752 334 FESTO
775 270 1031 343 SANGTORUM
1051 270 1229 335 JOANNIS
1250 273 1303 338 ET
1323 275 1461 351 PAULI.
1695 280 1776 345 loo,

94 436 227 508 naues,
242 433 328 513 qula
342 431 385 495 de
395 447 462 495 uno
476 430 575 494 Patre
589 431 657 493 Doo
670 431 704 493 et
714 444 782 493 una
794 428 900 493 matre
953 429 1101 508 virgines
1116 432 1218 495 fortes
1229 435 1365 512 propter
1378 448 1514 497 carnem
1526 435 1752 516 incorruptam

93 530 440 599 Ecclesiasecundum
447 527 589 607 gratiam
600 528 671 591 nati
682 529 901 606 suntAEqua·
954 545 1029 606 quae
1043 528 1139 593 tortis
1161 531 1270 593 estad
1290 531 1511 596 resistendum
1524 534 1626 597 vitiis.
1645 536 1751 611 Unde,

93 632 209 703 litatis,
224 630 306 709 quia
318 628 466 706 aequales
477 626 660 689 creduntur
671 642 745 688 esse
757 625 898 697 meritis,
955 627 1033 704 quia
1050 627 1140 690 istud
1159 644 1236 690 raro
1259 629 1390 702 accidit,
1408 633 1568 708 quaeritur
1583 633 1652 695 sic:
1667 638 1752 696 Ma·

94 730 182 793 scut
193 728 230 789 iu
243 728 416 806 passione.
425 728 473 787 De
481 724 691 787 fraternitate
701 722 900 801 aequalitatis
954 729 1075 787 iterem
1092 727 1220 800 sortem
1235 732 1312 802 qais
1330 732 1506 793 inveniet?
1519 729 1632 811 (Prov.
1655 748 1751 807 xxm,
1845 742 1849 747 ’

94 827 219 891 dicitur
242 826 279 885 in
303 823 518 886 Proverbiis:
533 825 720 888 anamotus
738 821 771 883 et
790 824 902 882 disso-
956 821 1020 902 10).
1049 823 1170 884 Mulier
1196 825 1363 900 significat
1389 842 1534 889 carnem.
1565 831 1645 892 Vult
1671 846 1752 907 ergo

94 927 188 988 mites
202 923 257 986 cst
267 927 306 985 m
318 936 422 997 opere
436 934 509 993 sao,
521 920 636 994 frater
649 919 702 981 est
714 933 781 980 sua
794 932 902 993 opera
955 919 1067 981 dicere
1083 941 1091 980 ε
1113 921 1191 993 Quis
1216 922 1364 985 inveniet
1382 940 1515 986 carnem
1537 925 1666 1002 sortem,
1680 943 1756 1005 quae

95 1022 303 1098 moeniis
321 1018 435 1099 (Prov.
452 1032 548 1090 xmu,
566 1015 614 1096 9),
636 1016 723 1078 idest
746 1015 897 1093 aequalis.
955 1017 1082 1079 tantam
1098 1018 1181 1080 solet
1193 1019 1316 1081 babere
1331 1020 1565 1098 fragilitateml

97 1117 308 1189 Dilectionis,
321 1115 400 1194 quia
414 1115 451 1175 in
464 1114 534 1177 rita
557 1130 618 1175 sua
643 1113 834 1176 dilexerunt
852 1128 899 1183 sc,
997 1116 1333 1194 Quatuorquadrigae,
1346 1120 1487 1199 quatuor
1494 1120 1683 1198 Evangelia,
1700 1120 1754 1184 rel

97 1218 129 1280 et
149 1216 186 1276 iu
212 1216 322 1276 morte
347 1229 415 1274 non
443 1213 522 1274 suut
550 1210 708 1288 separati,
730 1211 808 1290 quia
834 1225 901 1271 uno
957 1211 1099 1287 quatuor
1109 1212 1214 1273 status
1226 1212 1383 1275 Ecclesiae
1399 1216 1486 1287 sunt,
1500 1215 1638 1287 scilicet,
1648 1220 1755 1292 Apos-

98 1311 274 1392 martyrio,
291 1310 596 1389 martyrizatistmt,
613 1309 692 1371 etin
708 1325 774 1370 uno
790 1307 904 1385 sepul·
956 1307 1110 1382 talorum,
1135 1310 1331 1387 Martyrum,
1356 1311 1599 1385 confessorum,
1623 1313 1656 1374 et
1676 1314 1756 1375 Vir-

99 1412 180 1473 cbro
204 1409 340 1487 sepulti.
371 1407 467 1470 Unde
494 1408 584 1469 canit
603 1407 753 1469 Ecclesia
768 1422 776 1465 :
790 1408 904 1469 «Hoec
957 1405 1083 1480 girum.
1100 1409 1171 1468 Duo
1194 1409 1323 1471 montes
1339 1408 1379 1471 de
1403 1410 1522 1487 quibus
1535 1411 1754 1486 egrediuntur

99 1509 250 1572 estsere
264 1505 476 1580 fraternitas
490 1520 567 1578 qaae
584 1518 774 1578 scammum
790 1501 904 1578 potati
957 1503 1031 1564 istae
1043 1507 1185 1579 quatuor
1199 1502 1369 1582 quadrigae
1376 1508 1452 1568 suut
1462 1507 1620 1569 divinitas
1633 1506 1756 1568 christi

100 1609 228 1668 uiolari
240 1604 445 1674 certamine,
464 1605 547 1677 quta
566 1616 658 1665 unus
678 1601 745 1677 fult
758 1600 904 1674 spiritus
958 1601 991 1662 et
1005 1600 1205 1662 humanitas.
1218 1604 1265 1664 De
1275 1603 1394 1680 quibus
1405 1604 1573 1665 montibus
1588 1603 1756 1666 diciturin

99 1705 204 1763 tricis
218 1701 254 1761 et
268 1700 480 1770 aeolides».
957 1700 1275 1762 Amoszlatttadtc
1295 1701 1619 1763 stillatamttmantes
1642 1704 1757 1763 dadae-

137 1799 182 1860 Hi
204 1798 286 1858 sunt
305 1794 382 1872 equi
400 1794 465 1855 ruti
498 1794 681 1873 dequibus
704 1791 845 1869 legimus
868 1789 904 1852 in
959 1798 1073 1857 dinem
1104 1793 1218 1875 (Amos
1230 1812 1277 1869 rx,
1295 1797 1358 1876 13).
1371 1797 1563 1859 Istlmontes
1577 1799 1654 1860 sunt
1665 1797 1756 1860 aerei.

100 1894 285 1958 Zacharia:
302 1894 518 1953 «Conversus
532 1907 606 1953 sum
617 1893 650 1955 ot
663 1891 774 1953 levavi
790 1888 905 1952 oculos
959 1891 999 1953 Et
1014 1892 1097 1954 duas
1118 1890 1219 1955 habet
1240 1895 1461 1971 proprietates
1481 1911 1526 1956 aes
1544 1916 1552 1954 ε
1568 1897 1619 1956 est
1638 1895 1756 1955 durum

101 2009 204 2063 meos,
212 1990 469 2066 atridi;etecce
478 1990 620 2067 quatuor
628 1986 905 2066 quadrigaeegre·
960 1989 992 2050 et
1005 2005 1173 2052 sonorum.
1181 1991 1310 2053 Duritia
1321 1991 1477 2054 conuenit
1486 1992 1700 2071 Deitati,quae
1708 1991 1760 2055 est
1871 2020 1874 2025 ·

101 2091 232 2152 mentes
244 2088 406 2149 demedio
421 2089 562 2149 duorum
575 2086 748 2157 montium,
762 2085 796 2146 et
810 2100 907 2145 mon·
960 2086 1154 2148 indeficiens
1167 2088 1199 2150 et
1211 2088 1485 2165 incorruptibilis.
1502 2088 1759 2153 Sonoritaseon·

102 2190 163 2258 tes,
184 2186 319 2247 montes
341 2184 433 2246 aerei.
463 2185 501 2244 ln
521 2183 687 2261 quadriga
708 2182 814 2260 prima
828 2180 906 2257 equi
960 2183 1052 2246 uenit
1069 2183 1279 2246 humanitati.
1306 2186 1344 2246 ln
1365 2201 1495 2247 omnem
1519 2187 1608 2247 enim
1631 2187 1757 2248 terram

102 2285 178 2357 mil,
194 2283 232 2344 iu
248 2282 414 2360 quadriga
424 2281 568 2342 secunda
579 2281 656 2357 equi
664 2279 764 2356 nigri,
776 2280 812 2340 in
822 2294 908 2355 qua·
961 2282 1116 2343 convenit
1129 2297 1231 2342 sonus
1246 2285 1318 2359 ejus
1333 2283 1366 2343 et
1378 2299 1523 2344 suorum.
1546 2284 1589 2344 Hi
1604 2285 1681 2345 sunt
1701 2283 1758 2360 qui

102 2383 198 2458 driga
217 2379 319 2442 tertia
340 2380 417 2457 equi
438 2377 517 2451 albi,
544 2379 580 2439 in
602 2377 765 2455 quadriga
787 2376 907 2453 quarta
961 2380 1161 2456 acceperunt
1174 2379 1284 2440 locum
1302 2379 1418 2441 subtus
1432 2380 1538 2441 altare
1552 2381 1624 2453 Dei,
1645 2396 1761 2442 secun·

103 2477 410 2557 equitariifflach.
430 2477 510 2549 v1,1
533 2476 569 2537 et
592 2472 690 2555 seq).
716 2478 782 2536 Per
804 2489 906 2552 equos
961 2476 1039 2537 dum
1068 2476 1154 2553 quod
1180 2475 1310 2552 legitur
1327 2475 1362 2537 in
1390 2477 1589 2555 Apocalypsi
1614 2494 1622 2537 :
1647 2479 1760 2541 <Cum

104 2576 225 2639 rubros
238 2573 641 2651 significanturnpostoli,
654 2572 753 2649 quiin
762 2571 907 2634 Jeremia
961 2592 980 2635 a
1002 2574 1212 2651 aperuissent
1224 2574 1374 2651 quintum
1386 2571 1545 2650 sigillum,
1559 2575 1629 2636 ridi
1644 2575 1762 2637 subtus

107 2672 265 2772 diquntur
282 2670 540 2733 rubicundiores
551 2670 652 2731 ebore
672 2669 821 2747 antiquo.
838 2671 908 2730 Nec
962 2689 980 2732 c
1001 2671 1108 2734 altare
1123 2671 1251 2732 animas
1266 2670 1515 2733 interfectorum
1530 2675 1665 2749 propter
1677 2688 1760 2732 ver-

105 2772 226 2832 mirum
240 2769 271 2831 si
287 2770 367 2830 sunt
378 2768 566 2841 rubicundi,
585 2767 663 2845 quia
678 2781 779 2843 super
793 2781 907 2827 omnes
962 2769 1079 2830 «bum
1107 2768 1179 2842 Dei,
1207 2770 1239 2830 et
1268 2768 1404 2846 propter
1419 2768 1645 2830 testimonium
1672 2768 1760 2846 quod

107 2869 192 2930 alios
209 2867 307 2929 erant
321 2867 400 2943 igne
418 2865 594 2927 charitatis
619 2864 764 2926 accensi.
784 2865 831 2925 De
843 2880 907 2941 quo
962 2884 981 2927 s
1002 2866 1179 2929 habebant.
1205 2867 1246 2928 m
1259 2864 1446 2927 clamabant
1463 2881 1545 2927 voce
1559 2881 1680 2942 magua
1703 2866 1760 2927 di-

107 2966 185 3042 igne
194 2964 475 3042 diciturzlprcem
484 2963 752 3025 oentmtttereta
760 2962 906 3033 terram,
962 2968 1114 3027 «centes
1131 2986 1138 3025 :
1155 2966 1344 3041 Usquequo,
1372 2964 1521 3036 Domine,
1554 2964 1688 3024 sanctus
1727 2965 1761 3025 et

108 3064 324 3137 ammaum
344 3063 416 3123 atsi
435 3060 475 3122 ut
491 3061 640 3122 ardeat?
655 3057 748 3137 (Luc.
764 3074 824 3131 ΧΠ,
841 3056 906 3137 49).
962 3081 982 3125 a
1002 3077 1103 3125 verus
1120 3078 1187 3122 non
1203 3060 1354 3123 vindicas
1375 3060 1571 3136 sanguinem
1590 3061 1761 3123 nostrumt

108 3164 173 3222 Per
180 3157 811 3238 equosalbossignitlcanturmartyres.
823 3158 908 3219 Nam
963 3178 981 3221 a
1003 3161 1043 3222 ut
1063 3159 1149 3221 datm
1168 3158 1245 3220 sunt
1259 3156 1327 3219 illis
1351 3157 1493 3233 singule
1508 3157 1601 3219 stolae
1617 3157 1713 3229 albae,
1730 3156 1764 3219 et

109 3258 151 3319 de
162 3256 366 3335 martyribus
381 3256 526 3319 dicitur:
543 3257 608 3317 Isti
624 3256 707 3317 sant
727 3258 786 3331 qm
799 3268 908 3316 oeae-
963 3257 1127 3319 «dictum
1155 3256 1205 3319 est
1240 3256 1309 3317 illis
1340 3256 1376 3317 ut
1396 3255 1607 3333 quiescerent
1632 3255 1762 3331 tempus

108 3356 191 3417 mm
204 3370 253 3418 esc
277 3369 410 3431 maana
432 3354 663 3424 tribulatione,
685 3352 721 3415 et
746 3354 909 3414 lacemmt
963 3352 1763 3431 sadhucmodicum,donecimpleaturnumerus

109 3454 210 3517 statua
220 3450 909 3530 suasetdeatbaaemmtcastnsaapatoe
963 3451 1194 3514 «sanctorum
1213 3462 1328 3511 eorum
1352 3450 1409 3527 qui
1437 3448 1660 3511 interficiendi
1684 3451 1761 3512 sunt

110 3554 197 3627 Aorsi
220 3548 339 3629 (Apoc.
361 3564 423 3621 vu,
446 3545 511 3626 14).
538 3548 622 3619 Quia
644 3563 723 3623 ergo
744 3546 909 3622 martyres
964 3567 982 3610 a
1005 3549 1091 3610 sicut
1113 3544 1613 3625 etilli(npoc.v1‚9etseq.).s

113 3647 256 3709 dealbati
272 3647 399 3708 suntin
422 3645 585 3721 sanguina
602 3644 736 3716 Christi,
756 3643 841 3705 bene
860 3643 910 3704 si·
1005 3648 1047 3708 Hi
1060 3646 1138 3708 sunt
1146 3644 1203 3723 qui
1216 3644 1385 3721 accipiunt
1394 3644 1503 3706 locum
1514 3643 1628 3704 subtus
1643 3643 1761 3717 altare,

114 3745 313 3821 gnillcantur
334 3760 394 3821 per
413 3758 518 3821 equos
535 3742 640 3804 albos.
663 3744 703 3802 Et
724 3742 803 3803 nota
823 3741 909 3818 quod
964 3746 998 3807 et
1019 3744 1165 3806 clamant
1185 3758 1245 3819 pro
1264 3741 1411 3803 vindicta
1430 3756 1504 3818 quae
1528 3741 1585 3801 flet
1600 3741 1636 3800 in
1651 3738 1762 3800 tuturo

114 3842 276 3904 dealbatio
301 3842 485 3919 martyrum
509 3840 544 3901 in
566 3839 731 3915 sanguine
753 3838 839 3914 Agni
859 3838 911 3899 est
960 3842 1098 3921 Judicio.
1114 3841 1185 3901 Hoc
1199 3841 1271 3900 est:
1288 3839 1443 3899 ardenter
1452 3834 1764 3914 appetuntsuturum

115 3940 275 4002 munditia
298 3939 371 4000 sira
389 3938 520 4000 novitas
538 3937 627 4008 vitae,
648 3950 722 4014 quae
742 3935 912 3998 confertur
961 3938 1135 4018 judicium,
1165 3937 1200 3996 in
1229 3950 1294 4012 quo
1325 3933 1494 3995 habebunt
1526 3933 1628 3994 stolas
1655 3931 1761 4002 albas,

117 4052 155 4099 ox
165 4037 323 4115 passione
330 4035 466 4097 Christi.
947 4026 952 4032 ’
965 4036 1050 4098 idest
1060 4047 1198 4111 corpora
1212 4033 1369 4108 gloriosa.
1397 4031 1491 4093 Unde
1506 4030 1677 4107 sequitur:
1692 4033 1764 4091 Da-

152 4139 217 4197 Psr
227 4132 455 4213 equosnigros
466 4129 910 4208 significanturcontessores
965 4132 1097 4196 rasum
1110 4115 1379 4194 ttttsstotaeatbm.
1394 4128 1434 4191 Et
1447 4129 1525 4190 nota
1542 4127 1629 4205 quod
1644 4127 1762 4199 altare,

118 4233 167 4309 qui
199 4234 285 4295 aestu
313 4230 516 4308 poenitontiae
546 4230 695 4291 nativum
728 4230 912 4291 amiserunt
966 4231 1045 4309 quia
1057 4227 1199 4291 solidum
1212 4227 1262 4290 est
1276 4228 1309 4290 et
1317 4227 1524 4306 quadratum,
1540 4225 1762 4287 stabilitatem

116 4331 267 4391 colorem.
296 4327 392 4390 Unde
415 4326 497 4388 dicit
517 4328 681 4404 poenitens
700 4327 735 4388 iu
759 4327 909 4389 cantico:
967 4327 1133 4406 significat
1156 4327 1235 4389 vitae
1254 4324 1386 4397 suturae,
1405 4326 1500 4401 cujus
1523 4324 1601 4385 vitm
1622 4322 1764 4399 gloriam

116 4427 331 4491 Decotaraott
352 4439 409 4486 me
426 4430 486 4487 sot.
514 4426 553 4486 ut
577 4425 613 4486 in
637 4424 777 4486 eodem:
798 4427 912 4501 thra
967 4426 1160 4487 sanctinon
1183 4421 1352 4484 habebunt
1375 4420 1573 4499 adplenum
1597 4418 1765 4497 usquead

116 4527 268 4597 mamert
278 4526 446 4599 famosa.
457 4522 756 4599 Parsquosrarios
767 4521 912 4583 etsortes
967 4523 1053 4585 diem
1062 4521 1194 4601 judicii.
1218 4520 1311 4583 Unde
1330 4520 1451 4581 animae
1467 4519 1658 4589 sanctorum
1671 4515 1765 4577 desl-

117 4621 344 4699 rignitlcantur
370 4619 523 4698 virgines
544 4619 719 4697 inquibus
746 4618 912 4696 multipli-
967 4621 1086 4683 derant
1105 4619 1251 4682 futurum
1270 4617 1445 4695 judicium.
1465 4618 1505 4677 Et
1525 4614 1612 4676 istud
1633 4611 1767 4674 deside-

117 4720 194 4781 aitas
208 4722 243 4783 et
253 4719 402 4781 varietas
415 4719 466 4780 est
474 4716 645 4780 virtutum.
661 4717 754 4779 Unde
769 4717 809 4778 de
824 4732 911 4793 qua·
967 4720 1055 4781 rium
1069 4717 1120 4778 est
1134 4718 1260 4778 clamor
1273 4731 1400 4775 eorum.
1416 4712 1556 4788 Propter
1568 4711 1631 4772 boc
1643 4709 1767 4770 dicitur

117 4814 192 4879 libet
222 4816 356 4894 virgine
393 4814 584 4893 specialiter
603 4814 725 4876 dicitur
755 4836 763 4874 ι
792 4814 913 4876 Astitit
968 4816 1054 4896 quod
1068 4813 1145 4875 sunt
1159 4813 1275 4874 subtus
1287 4811 1405 4872 altare.
1421 4808 1576 4871 Nondum
1589 4807 1677 4869 enim
1700 4807 1767 4868 ha-

118 4917 243 4992 Raptae
263 4930 288 4976 a
309 4915 448 4978 dextris
463 4914 577 4975 taison
591 4913 719 4975 vestita
733 4912 913 4980 deaurato,
968 4915 1046 4976 bent
1061 4910 1274 4975 eminentiam
1289 4908 1409 4970 suturae
1423 4906 1551 4983 gloriae.
1568 4905 1661 4967 Unde
1672 4904 1772 4966 Psal-

119 5013 373 5075 circumamicta
395 5011 568 5074 varietate
593 5008 662 5090 (Ps.
689 5014 741 5083 44,
764 5008 829 5090 10),
851 5010 913 5071 boc
968 5030 1042 5074 mus
1065 5010 1147 5073 dicit
1168 5010 1204 5071 in
1228 5022 1371 5085 persona
1404 5004 1550 5068 hominis
1569 5004 1766 5066 morientis:

121 5110 175 5182 0⁸1,
185 5111 345 5173 Virtutum
360 5107 619 5186 multiplicitate.
634 5110 692 5169 Est
705 5108 794 5170 enim
808 5108 915 5184 virgi·
970 5110 1190 5181 Convertere,
1205 5110 1325 5168 antara
1338 5119 1428 5177 mea,
1443 5106 1480 5164 ta
1491 5106 1647 5178 requiem
1660 5103 1768 5170 taam,

121 5205 572 5285 uitasinintegritatecarnis,
580 5206 654 5268 etin
663 5206 914 5282 incorruptione
969 5212 1051 5285 pata
1072 5209 1240 5270 Dominus
1264 5204 1420 5277 beneficit
1441 5203 1502 5264 taor
1528 5198 1596 5281 (Ps.
1624 5201 1693 5269 114,
1719 5186 1766 5276 7),

123 5305 244 5366 mentis.
267 5305 400 5367 Dicitur
423 5305 535 5365 autem
562 5303 597 5363 in
610 5303 708 5364 Libro
722 5302 912 5380 sapientia,
970 5309 1066 5370 Nunc
1088 5304 1184 5376 bene,
1210 5302 1268 5364 sed
1292 5303 1327 5363 in
1352 5299 1594 5378 glorificatione
1620 5294 1769 5371 corporis

126 5401 202 5476 quod
220 5401 429 5480 incorruptio
450 5400 532 5463 tacit
543 5400 732 5477 proximum
746 5416 820 5462 esso
833 5403 913 5475 Dec,
971 5405 1104 5483 optime.
1121 5402 1267 5488 Undeflin
1287 5399 1415 5478 psalmo
1435 5420 1442 5459 ε
1460 5393 1640 5471 Impooeut
1663 5405 1771 5466 super

128 5498 236 5562 struae
247 5500 332 5563 bene
347 5499 914 5576 diciturriralresessecdectrm
970 5503 1082 5566 arare
1117 5502 1216 5563 tuum
1249 5498 1507 5562 etiamnunc
1542 5488 1772 5561 vuuu‚1uest

130 5595 196 5670 quia
209 5597 364 5662 fruuntur
382 5595 569 5676 potioribus
586 5595 692 5659 bouis.
718 5596 801 5659 Sunt
815 5597 916 5660 otiam
971 5598 1079 5663 sancti
1107 5597 1164 5680 qui
1203 5596 1279 5659 sunt
1309 5589 1503 5657 holocausta
1536 5587 1571 5649 in
1604 5584 1770 5648 sacrificio
