3958 6204
104 334 157 395 239
546 322 646 385 xxv.
661 351 702 367 -
717 318 761 382 m
782 318 1061 393 Duhissa'i'idNii
1083 300 1308 399 recussus.
1695 333 1757 394 soc

103 497 152 556 tur
174 511 183 552 ε
203 488 294 551 habe
307 486 509 550 charitatem
530 484 564 546 et
587 483 641 546 iac
659 480 817 562 quidquid
838 479 901 542 vis.
957 479 1074 542 altaris
1088 480 1221 557 dicitur,
1244 483 1481 562 perfectionem
1500 488 1534 552 et
1552 491 1754 557 soliditatem

105 593 148 653 lix
165 589 215 651 eis
239 601 387 663 namque
411 584 542 646 duobus
563 581 730 644 mandatis
755 580 824 643 tota
849 580 905 642 lex
958 579 1084 641 notitiae
1104 582 1163 642 Dei
1187 598 1363 660 possumus
1382 585 1672 667 intelligeremus
1686 608 1754 655 non

105 688 217 767 pendet
224 686 258 747 et
269 683 456 763 prophetas.
465 683 527 743 Hic
536 682 709 743 sstcoccus
717 678 768 739 his
779 678 902 739 tinctus
958 680 1093 753 propter
1106 679 1261 741 duritiem
1274 683 1331 743 sed
1345 685 1479 760 propter
1498 686 1698 751 soliditatem
1714 691 1757 752 ii-

104 787 135 848 in
146 786 239 848 reste
259 781 464 860 pontificali3
481 780 577 858 quasi
592 780 682 842 enim
697 777 748 838 his
764 776 905 851 tingitur
959 774 1012 835 dei
1032 775 1162 853 lapidea
1182 793 1255 840 esse
1269 779 1402 854 dicitur,
1420 782 1507 845 sicut
1525 787 1684 848 Dominus
1706 790 1756 851 ait

104 883 258 951 charitas,
272 880 353 942 dum
368 882 402 941 et
415 878 592 940 dilectione
606 877 666 938 Dei
681 876 715 937 et
727 875 904 937 dilectione
960 872 1077 934 Petro:
1093 878 1142 936 iic
1152 890 1188 937 es
1197 878 1337 949 Petrus,
1351 881 1385 941 ci
1394 887 1595 955 superhaec
1601 886 1753 959 petram,

104 979 245 1060 proximi
265 978 449 1040 coloratur.
468 977 554 1037 ilinc
572 976 623 1037 θεῖ
644 973 728 1052 quod
750 976 904 1034 Summus
959 970 1055 1044 idest,
1071 988 1172 1050 super
1183 974 1270 1037 hanc
1280 976 1357 1037 fidei
1370 977 1571 1053 firmitatem,
1583 985 1755 1055 redidcaho

105 1077 257 1140 Pontifex
269 1091 378 1153 cappa
386 1075 490 1136 rubea
500 1074 648 1136 exterius
658 1074 797 1149 apparet
806 1071 906 1131 indu·
958 1072 1148 1132 Ecclesiam
1168 1088 1283 1135 meam
1307 1072 1437 1153 (Matth.
1467 1093 1538 1152 xvi,
1569 1078 1633 1159 18).
1663 1082 1755 1144 Sicut

106 1180 161 1248 tus,
178 1191 257 1237 cum
274 1173 420 1235 interius
433 1172 569 1234 indutus
584 1172 628 1234 sit
639 1171 731 1232 veste
746 1169 903 1244 candida;
960 1166 1048 1228 enim
1072 1184 1188 1231 mensa
1213 1174 1454 1236 consummatio
1476 1176 1509 1238 et
1524 1177 1682 1254 periectio
1700 1180 1755 1240 al-

107 1275 176 1354 quia
189 1275 224 1335 et
238 1272 386 1334 interius
404 1271 533 1332 clarere
547 1269 644 1331 dehet
661 1285 721 1346 per
740 1268 903 1329 innocen·
959 1265 1111 1338 tarisest,
1122 1267 1168 1328 ita
1180 1270 1300 1332 notitia
1310 1272 1369 1332 Dei
1379 1277 1620 1338 consummatio
1633 1280 1666 1338 et
1678 1290 1756 1354 per-

106 1372 189 1441 itam,
215 1372 251 1432 et
274 1369 428 1431 exterius
453 1368 573 1429 rubere
595 1382 655 1444 per
677 1365 905 1443 proximorum
960 1361 1058 1424 iectio
1069 1364 1119 1426 est
1133 1367 1280 1427 omnium
1295 1367 1468 1431 honorum.
1484 1373 1577 1435 Unde
1586 1374 1709 1436 dicitur
1721 1375 1756 1436 in

107 1468 384 1546 compassionem,
399 1467 433 1529 et
447 1468 483 1527 ut
490 1465 642 1528 ostendat
652 1481 687 1526 se
696 1463 907 1541 semperani-
962 1460 1132 1538 Sapientia
1144 1463 1185 1524 ad
1198 1466 1302 1526 Deum
1312 1487 1320 1526 c
1330 1471 1442 1531 Nosse
1451 1471 1585 1533 cairate
1597 1487 1759 1535 consauc-

108 1584 152 1628 no
165 1565 337 1642 martyrio
352 1581 420 1626 non
439 1564 564 1637 deesse,
583 1561 641 1624 sed
656 1577 788 1640 semper
801 1576 904 1639 para·
959 1560 1057 1620 acuta
1067 1560 1209 1632 justitio
1222 1564 1285 1636 est,
1302 1565 1336 1626 ci
1354 1580 1454 1628 nosse
1465 1570 1644 1640 justitium
1661 1570 1758 1633 tcum

106 1667 168 1727 tum
180 1679 314 1742 ponere
334 1663 483 1724 animam
507 1677 566 1740 pro
588 1660 705 1724 ovibus
730 1661 810 1732 suis,
828 1660 906 1737 quia
960 1660 1068 1718 radic
1090 1660 1144 1720 est
1170 1662 1446 1725 immortalitatis
1468 1661 1562 1743 (Sap.
1582 1684 1639 1739 xv,
1657 1667 1703 1748 3).
1719 1672 1761 1730 Et

107 1776 282 1839 personam
293 1759 384 1837 gerit
394 1759 497 1832 illius,
508 1759 564 1836 qui
574 1775 633 1836 pro
644 1757 762 1820 ovibus
777 1757 906 1819 univer·
961 1754 1120 1817 Dominus
1127 1772 1187 1833 per
1196 1759 1447 1823 ieremiam212c
1456 1766 1760 1840 iocptotteturqui

108 1860 148 1920 sis
167 1857 313 1920 mbram
329 1856 411 1919 iecit
430 1856 657 1918 indumentum
677 1872 785 1917 suum.
802 1857 858 1917 list
872 1855 906 1915 in
960 1853 1142 1929 eiectatur,
1158 1858 1250 1917 scire
1263 1858 1297 1918 ct
1312 1872 1413 1921 ocosse
1426 1875 1483 1922 me
1499 1858 1580 1940 (ier.
1597 1878 1644 1935 rx,
1661 1863 1728 1941 24).

107 1974 139 2018 so
149 1956 280 2019 candor
289 1959 324 2017 et
334 1955 448 2028 ruhor,
461 1955 539 2033 quia
551 1954 710 2032 scripturn
722 1956 772 2015 est
785 1957 908 2016 :Dticc-
1001 1946 1083 2011 Item
1098 1951 1207 2013 aliter.
1226 1956 1291 2015 Per
1310 1955 1454 2033 lapidem
1469 1958 1619 2022 Christus
1634 1961 1762 2023 inteili-

108 2055 155 2116 tus
167 2068 272 2117 cacam
286 2057 455 2115 wrcdidus
474 2055 508 2115 ct
523 2055 734 2115 medicandus
749 2049 855 2131 (Cant.
870 2068 904 2121 v,
961 2047 1050 2123 gitur
1064 2047 1105 2110 de
1120 2066 1184 2127 quo
1204 2051 1284 2112 dicit
1306 2053 1483 2129 Apostolus
1503 2077 1510 2115 :
1526 2060 1606 2132 ipso
1625 2074 1761 2120 summo

108 2152 166 2231 iti).
177 2153 268 2213 Hinc
282 2151 337 2213 est
350 2152 452 2213 etiam
461 2151 549 2229 quod
563 2151 599 2211 in
613 2150 711 2211 mitra
725 2148 907 2227 pontificali
961 2151 1123 2223 aequiori
1137 2152 1249 2224 aptus
1264 2152 1490 2214 Girisiolesc
1501 2152 1636 2232 (Ephes.
1646 2172 1682 2229 ιι,
1691 2157 1759 2235 20).

108 2249 242 2311 fimbriae
256 2250 326 2311 iliae
340 2250 412 2310 sive
425 2249 651 2311 extremitates
667 2247 779 2309 ruheae
791 2249 880 2309 sunt.
962 2246 1027 2305 Per
1041 2243 1186 2321 lapidem
1197 2247 1331 2324 quidem
1338 2249 1460 2311 Christi
1469 2250 1761 2315 humanitasdesi·

143 2349 229 2409 Nam
237 2347 330 2409 sicut
339 2362 400 2424 per
410 2346 475 2408 duo
484 2362 607 2408 cornua
619 2346 812 2422 designatur
820 2344 906 2422 quod
961 2343 1093 2417 guatnr,
1106 2342 1217 2421 dequo
1228 2345 1264 2406 in
1276 2347 1416 2408 Daniele
1426 2346 1559 2425 legitur,
1574 2350 1661 2426 quod
1674 2352 1767 2430 lapis.

108 2448 272 2523 tamquam
297 2445 410 2507 scriba
434 2445 549 2508 doctus
568 2445 603 2506 in
625 2460 729 2522 regno
748 2443 908 2505 coelorum
962 2441 1013 2501 est
1027 2440 1197 2503 abscissus
1212 2443 1253 2504 de
1276 2446 1387 2506 monte
1409 2445 1482 2507 sine
1497 2448 1661 2518 manibus,
1683 2451 1762 2528 quia

109 2543 198 2605 dehet
212 2543 254 2605 tle
269 2544 432 2605 thesauro
443 2543 587 2620 pectoris
597 2542 650 2603 sui
660 2540 810 2619 prolerre
820 2556 908 2602 nova
963 2538 1113 2600 Christus
1123 2539 1165 2601 de
1176 2541 1278 2602 Beata
1286 2541 1424 2618 Virgine
1440 2560 1512 2621 ques
1526 2550 1661 2623 propter
1673 2548 1761 2608 emi·

111 2644 140 2703 et
151 2642 278 2713 cetera,
295 2643 331 2703 θῖ
344 2655 404 2718 per
418 2640 500 2701 duas
517 2640 667 2717 cingulas
683 2639 907 2716 dependentes
962 2635 1109 2696 uentiam
1117 2636 1278 2699 virtutum
1288 2638 1524 2713 monadicum,
1533 2641 1605 2703 sine
1613 2643 1704 2703 virili
1713 2660 1764 2706 se·

110 2739 192 2816 quod
213 2738 367 2800 subditos
391 2738 489 2800 debet
508 2738 628 2800 docere
649 2737 775 2814 duplici
797 2736 905 2809 modo,
962 2733 1051 2794 mine
1065 2733 1265 2797 mirabiliter
1276 2737 1329 2797 est
1341 2737 1450 2810 natus,
1465 2738 1498 2800 et
1512 2738 1586 2801 ions
1599 2741 1633 2801 in
1649 2743 1760 2803 monte

109 2836 207 2899 verbo
217 2836 392 2898 scilicetet
406 2837 569 2914 exemplo,
584 2835 633 2898 ita
647 2837 681 2898 et
690 2851 750 2913 per
760 2833 908 2896 fimbrias
963 2832 1232 2907 magnumtotum
1250 2833 1392 2911 replevit
1402 2835 1516 2897 orbem
1530 2838 1706 2900 terrarum.
1723 2842 1763 2902 Et

111 2932 184 2994 ilias
194 2933 319 2994 rubeas
334 2935 422 3010 ignis
437 2933 495 2995 ilie
509 2933 718 3009 intelligitur,
735 2948 832 3009 quem
844 2948 906 2994 re·
962 2929 1004 2989 de
1031 2945 1097 3007 quo
1117 2946 1176 3007 per
1194 2932 1407 2993 Psalmistam
1428 2933 1550 2996 dicitur
1568 2954 1576 2995 :
1597 2940 1763 3010 Lapidem

109 3031 156 3091 nit
169 3032 332 3093 Dominus
351 3032 482 3092 mittere
495 3031 531 3092 in
550 3031 685 3094 terram.
708 3033 804 3092 ilunc
821 3046 909 3108 pree-
962 3020 1574 3105 occisireprohaveruntcedisccocics,
1586 3035 1763 3108 icicfcctus

109 3127 192 3190 latus
203 3130 237 3190 in
246 3144 285 3189 se
295 3128 420 3190 hahere
430 3130 463 3190 et
472 3129 507 3189 in
520 3126 596 3190 aliis
606 3128 704 3191 debet
713 3128 906 3190 accendere.
963 3125 1015 3186 cst
1035 3129 1073 3186 tn
1089 3128 1325 3204 concionanti
1340 3127 1410 3207 (Ps.
1428 3131 1497 3201 117,
1515 3130 1587 3210 22);
1603 3132 1763 3209 quoniam

110 3226 261 3290 Charitas
297 3226 380 3288 Abel
414 3229 596 3304 martyrem
637 3227 726 3296 iecit,
761 3227 907 3289 charites
963 3222 1114 3285 Christus
1132 3240 1229 3301 quem
1244 3225 1459 3299 aedificantes,
1477 3226 1574 3300 idest,
1584 3229 1692 3291 iudaei
1707 3246 1765 3292 re-

110 3323 277 3386 Ahraham
312 3324 354 3386 de
380 3326 514 3402 propria
536 3326 627 3387 terra
655 3325 689 3387 θῖ
711 3324 908 3400 cognatione
963 3320 1764 3404 probaveruntdiccntcs:Noiucncshuucreccu

110 3421 230 3494 eduxit,
240 3422 390 3485 charitas
398 3425 536 3499 Moysen
551 3422 592 3483 ad
603 3421 834 3485 liberationem
844 3421 910 3482 fra·
962 3418 1766 3501 resupcrnostisucxrmli),hiciactusestinoa·

110 3516 194 3578 trum
204 3518 404 3591 transmisit,
417 3521 450 3580 et
458 3518 535 3596 quid
547 3519 818 3596 persingulosiN
822 3517 908 3578 ullus
963 3518 1020 3593 put
1032 3518 1157 3593 anguli.
1174 3519 1270 3597 Quia,
1280 3521 1366 3581 sicut
1376 3522 1554 3596 Apostolus
1565 3523 1612 3584 ait
1629 3545 1636 3583 ε
1651 3528 1763 3586 lisoi-

112 3617 300 3678 sanctorum
320 3615 362 3676 ah
378 3616 453 3693 ipso
472 3616 569 3678 initio
583 3617 699 3677 mundi
714 3616 833 3688 extitit,
851 3615 907 3695 qui
963 3613 1051 3676 tavit
1062 3618 1157 3677 iilum
1176 3620 1281 3685 Deus,
1296 3618 1330 3679 et
1345 3619 1439 3679 dedii
1460 3622 1507 3681 iiii
1527 3634 1652 3681 umnec
1675 3625 1764 3694 qaod

111 3712 203 3774 nohis
226 3712 427 3776 charitatem
451 3714 508 3776 aut
530 3713 633 3776 verbo
654 3716 713 3776 aut
732 3714 818 3776 iacto
840 3730 906 3776 non
962 3712 1131 3786 estsuper
1144 3728 1246 3774 omits
1261 3729 1387 3775 amanen
1402 3713 1539 3793 (Philip.
1554 3731 1591 3787 ιι,
1603 3713 1649 3794 9).
1662 3718 1765 3794 Lapi-

111 3813 400 3875 commendaverit.
415 3814 907 3890 Haecdemumipsosmartyres
962 3809 1002 3869 de
1016 3808 1119 3886 igitur
1134 3810 1242 3886 posito
1271 3826 1371 3887 super
1398 3811 1516 3882 altare,
1547 3828 1622 3888 quae
1646 3830 1761 3876 mensa

111 3911 149 3971 ad
164 3911 278 3972 omnia
292 3927 417 3987 genera
443 3911 685 3973 tormentorum
706 3911 854 3984 adduxit,
874 3913 906 3973 et
962 3906 1092 3980 dicitur,
1121 3907 1297 3985 episcopus
1321 3908 1462 3972 effundit
1483 3909 1593 3969 oleum
1609 3913 1761 3973 sanctum

111 4007 179 4071 hac
189 4008 324 4086 quidam
331 4008 497 4070 tormenta
508 4009 907 4087 quasiquaedamilumina
962 4021 1062 4083 super
1074 4020 1148 4067 eum
1164 4004 1316 4068 iaciendo
1332 4006 1477 4084 quinque
1491 4022 1608 4068 cruces
1619 4007 1659 4069 de
1674 4009 1759 4080 oleo,

112 4105 242 4168 suerunt
257 4106 299 4168 de
321 4106 441 4184 quihus
455 4108 490 4168 in
505 4107 632 4185 psalmo
649 4129 656 4168 :
681 4110 805 4170 Orines
817 4109 906 4181 licc-
963 4119 1062 4164 unam
1079 4103 1114 4165 in
1128 4103 1237 4165 medio
1252 4107 1288 4166 et
1299 4105 1442 4181 quatuor
1462 4105 1498 4167 iu
1514 4106 1688 4182 cornibus3
1710 4108 1760 4169 si-

114 4201 165 4262 tus
183 4203 262 4263 tuos
285 4202 460 4263 inussisti
485 4216 593 4277 super
614 4218 670 4264 mc
690 4201 759 4283 (Ps.
784 4205 835 4275 87,
859 4202 905 4282 8).
962 4202 1086 4264 militer
1099 4202 1132 4264 et
1146 4202 1187 4263 de
1202 4201 1393 4264 chrismate.
1413 4205 1478 4264 Per
1492 4203 1601 4265 oleum
1618 4205 1760 4283 Spiritus

114 4299 171 4359 Sed
184 4299 326 4360 humina
350 4300 454 4361 muita
469 4300 503 4361 et
523 4315 617 4378 aquae
638 4300 751 4363 multas
772 4301 907 4362 illorum
964 4300 1104 4361 Sanctus
1116 4299 1325 4376 intelligitur,
1339 4300 1380 4362 de
1395 4316 1459 4378 quo
1472 4301 1553 4364 dicit
1568 4303 1672 4365 isaias
1687 4321 1762 4381 pro·

114 4395 307 4459 charitatem
322 4397 519 4473 extinguere
537 4413 604 4459 nou
623 4401 812 4477 potuerunt.
833 4398 905 4471 Vel,
962 4397 1061 4473 pheta
1082 4418 1090 4457 t
1112 4399 1368 4472 conputrescet
1385 4401 1514 4474 jupam
1540 4414 1563 4460 a
1585 4402 1674 4474 facie
1697 4406 1762 4464 olet

113 4509 169 4566 per
186 4494 294 4556 altare
314 4494 576 4573 uniuscujusque
595 4497 746 4561 nostrum
761 4496 907 4558 animam
963 4494 1021 4573 (is.
1037 4511 1072 4567 x,
1087 4494 1153 4575 27).
1171 4496 1315 4573 Spiritus
1338 4498 1478 4559 Sanctus
1497 4497 1620 4559 dicitur
1636 4499 1757 4569 oleum,

114 4587 339 4666 intelligimus,
356 4609 430 4670 ques
445 4592 629 4656 aedificetur
641 4596 781 4658 Domino
797 4611 840 4655 ex
852 4595 907 4655 la·
963 4593 1041 4670 quia
1051 4594 1139 4655 sicut
1148 4595 1324 4670 episcopus
1334 4593 1475 4655 effundit
1483 4594 1593 4654 oleum
1604 4610 1704 4670 super
1713 4598 1761 4656 ai·

117 4685 242 4761 pidihus
256 4689 355 4760 rivis,
376 4690 473 4763 idest,
490 4706 533 4752 ex
556 4692 735 4754 virttrtibus
754 4692 858 4754 variis
876 4694 909 4754 et
963 4692 1044 4764 tare,
1057 4690 1104 4751 ita
1115 4691 1276 4763 Christus,
1289 4691 1346 4767 qui
1360 4692 1412 4751 θεῖ
1426 4693 1580 4751 Summus
1592 4692 1757 4765 Pontifex,

118 4781 264 4845 diversis.
291 4784 419 4847 'rabula
438 4788 595 4851 roborata
616 4791 713 4866 signo
739 4791 848 4852 crucis
868 4790 908 4852 de
963 4788 1103 4850 effundit
1116 4788 1242 4864 gratias
1257 4802 1358 4863 super
1375 4787 1481 4848 altare
1495 4791 1657 4861 nostrum,
1672 4791 1759 4866 quod

118 4879 290 4944 chrismate
313 4885 548 4962 superponitur
565 4887 728 4965 reliquiis,
752 4888 830 4965 quia
850 4904 909 4967 per
964 4888 1014 4948 est
1036 4901 1095 4947 cor
1113 4885 1274 4956 nostrum,
1298 4885 1376 4961 quia
1397 4884 1469 4961 ipse
1493 4886 1544 4946 est
1564 4885 1761 4950 distributor

117 4980 263 5057 exempla
298 4983 490 5044 sanctorum
520 4984 714 5046 accenditur
745 4982 906 5059 charitas,
963 4984 1111 5046 omnium
1129 4981 1313 5060 gratiarum
1331 4997 1390 5060 per
1408 4981 1568 5060 Spiritum
1590 4986 1758 5059 Sanctum,

119 5089 185 5150 quae
201 5078 311 5156 operit
333 5080 579 5144 multitudinem
600 5083 824 5160 peccatorum.
844 5087 910 5147 Per
964 5081 1049 5143 sicut
1063 5081 1145 5141 dicit
1157 5079 1333 5157 Apostolus
1349 5082 1437 5142 :Atii
1452 5081 1558 5142 datur
1571 5097 1688 5145 sermo
1701 5100 1762 5145 sco·

119 5171 257 5237 chrisma
272 5177 474 5255 intelligitur
488 5179 631 5257 Spiritus
647 5182 761 5244 Sancti
773 5181 907 5256 donum,
961 5180 1115 5255 ιιῖθιῖῖῖιθ,
1131 5182 1321 5241 citissimo
1336 5179 1503 5251 scientiae,
1520 5183 1581 5241 otii
1589 5182 1686 5253 tides,
1699 5185 1762 5242 ciii

117 5284 176 5345 quo
190 5272 316 5348 tabula,
331 5275 430 5345 idest,
454 5275 601 5339 charitas
620 5280 907 5356 superinungitur,
963 5278 1081 5355 arctio
1096 5276 1289 5339 amictuum
1301 5274 1329 5356 (l
1345 5278 1419 5338 Cor.
1436 5291 1496 5349 xn,
1512 5278 1558 5356 8).
1577 5278 1761 5353 Unicuique

118 5368 189 5442 quia
208 5386 267 5435 cor
289 5374 442 5436 nostrum
465 5374 507 5436 ad
532 5376 760 5438 conservanda
781 5378 910 5440 secreta
964 5374 1062 5436 datur
1075 5374 1184 5451 gratia
1195 5389 1256 5452 per
1268 5389 1367 5452 quam
1381 5374 1524 5452 Spiritus
1538 5376 1679 5435 Sanctus
1689 5390 1762 5437 ma-

118 5465 258 5531 salecha
271 5471 418 5550 Spiritus
435 5473 548 5534 Sancti
561 5473 670 5549 gratia
680 5473 868 5538 roboratur.
964 5472 1100 5534 niiestat
1113 5488 1149 5534 se
1164 5471 1317 5533 hahitare
1340 5472 1377 5533 in
1397 5471 1503 5543 nohis,
1519 5471 1573 5532 vel
1588 5486 1649 5548 per
1662 5488 1761 5549 quam

154 5565 268 5630 Postea
276 5585 357 5631 uero
367 5568 456 5647 lapis
468 5570 525 5647 qui
536 5585 651 5632 mensa
663 5570 796 5646 dicitur,
810 5588 911 5650 super
966 5570 1110 5647 Spiritus
1123 5570 1264 5634 Sanctus
1277 5568 1467 5631 manifestat
1478 5567 1574 5629 nohis
1585 5569 1645 5631 Dei
1659 5569 1765 5632 diiec-

120 5658 217 5726 tltare
236 5666 426 5747 adaptatur.
453 5670 518 5729 Per
538 5668 684 5747 lapidem
697 5684 772 5748 quae
795 5686 910 5765 mensa
963 5668 1099 5731 tionem.

249 5804 368 5850 naraon..
390 5802 468 5847 rous
486 5791 523 5861 il.
1569 5788 1625 5861 ¹05
