3980 6206
128 344 188 405 821
756 350 988 411 EPISTOLAE.
1010 352 1089 412 LIB.
1112 354 1154 413 11.

1718 361 1779 420 ,22

127 505 265 569 clericis
280 505 482 586 supradictis
496 509 545 570 sic
559 509 594 571 in
615 510 817 573 necessariis
839 512 927 574 etin
980 513 1103 575 nostre
1122 513 1316 583 donationis
1338 515 1596 596 eleemosynam,
1623 519 1777 581 animad-

126 603 201 681 ipse
226 604 415 677 subvenias,
439 607 473 668 et
496 606 600 669 iacias
621 606 656 670 in
677 609 735 670 tna
754 609 927 687 provincia
981 611 1141 673 vertimus
1149 610 1221 674 lore
1229 613 1466 676 collocandam.
1477 616 1676 677 Videbamus
1687 618 1775 678 enim

126 699 313 774 subveniri,
325 702 413 781 quod
425 702 502 780 ipsi,
519 704 738 769 subventione
750 705 925 767 caritativa
981 708 1127 784 quotidie
1150 712 1341 773 memoratae
1365 711 1492 785 domus,
1509 714 1545 775 ut
1570 712 1631 775 tob
1654 716 1686 777 et
1706 716 1776 775 Το-

126 797 263 867 firmati,
284 800 488 878 assumptam
512 818 648 863 causam
672 802 789 864 lortius
804 819 924 879 prose·
980 804 1081 874 biam,
1099 822 1280 883 pauperum
1294 808 1424 870 turbam
1448 810 1489 871 ad
1514 827 1550 872 se
1573 811 1775 872 diffluentem

126 897 284 974 quantur.
312 900 432 959 Datum
449 900 615 972 Laterani,
628 902 688 961 Vll
703 900 926 978 kalendasjn·
980 904 1137 966 diuturna
1161 905 1356 967 victualium
1380 907 1669 971 administratione
1692 909 1775 969 reli-

126 993 177 1066 lii,
190 994 404 1070 pontificatus
417 997 524 1059 nostri
543 1011 632 1059 anno
646 998 803 1059 secundo.
980 1016 1068 1074 cere,
1085 1003 1290 1065 mortuorum
1309 1005 1344 1065 in
1361 1005 1504 1077 christo,
1521 1020 1661 1083 corpora
1675 1004 1776 1081 digna

467 1155 593 1243 cccx
668 1137 671 1141 ›
980 1101 1198 1162 veneratione
1232 1101 1374 1178 sepelire
1401 1119 1409 1163 :
1439 1105 1472 1164 et
1502 1103 1539 1164 ut
1571 1105 1704 1165 renatos
1740 1102 1774 1163 in

124 1280 180 1339 Aci
193 1279 405 1356 magistrum
418 1279 453 1342 et
466 1280 599 1355 fratres
613 1283 734 1343 domas
746 1282 925 1359 hospitatis
959 1324 962 1328 ι

357 1378 694 1452 Hierosotpmttaooe.

422 1489 532 1563 idion.
547 1491 628 1549 litt.
748 1528 751 1535 ·

230 1595 360 1658 [ibcinan
368 1597 481 1649 bionum.
490 1597 635 1661 Horma,
644 1598 665 1660 l,
675 1598 714 1659 lt,
723 1612 750 1657 n,
763 1598 815 1664 it]

980 1197 1110 1259 Christo
1125 1198 1335 1261 Macbabaess
1351 1214 1417 1262 non
1433 1201 1561 1262 tantum
1578 1200 1612 1260 in
1627 1216 1777 1277 pagano·

979 1310 1053 1356 rum
1069 1294 1222 1357 confiniis
1238 1298 1348 1360 castra
1358 1297 1581 1359 munitissima
1596 1296 1773 1370 collocare,

978 1394 1216 1456 verumetiam
1237 1408 1297 1472 pro
1320 1395 1444 1458 Christi
1466 1395 1599 1457 nomine
1621 1396 1776 1472 propria·

966 1506 1053 1551 rum
1083 1490 1234 1553 litatione
1270 1507 1490 1569 personarum
1520 1492 1775 1554 Amalecbarum

979 1588 1136 1666 impetum
1155 1590 1340 1662 retinendo,
1364 1590 1557 1653 christianae
1576 1589 1654 1651 tidei
1673 1590 1776 1650 sami·

121 1693 176 1751 iiis
193 1706 320 1751 annnam
332 1701 447 1752 centum
465 1709 627 1753 marcarum
649 1696 762 1769 argenti
782 1695 923 1754 reddituro

162 1782 199 1839 ab
221 1781 347 1852 andrea,
376 1784 534 1855 Hnngarie
557 1798 638 1858 rege,
666 1798 847 1854 concessum,
872 1801 923 1858 pro

159 1870 291 1931 custodio
305 1873 393 1929 castri
408 1873 530 1946 biargati
545 1873 706 1932 mnirmat.

164 1980 334 2041 Honorius
376 1981 571 2059 episcopus,
601 1997 717 2044 servus
750 1999 922 2045 servornm

123 2078 196 2148 liei,
213 2079 290 2149 eto,
308 2077 439 2141 dilectis
454 2079 571 2141 tiliis...
586 2080 745 2156 magistro
758 2082 794 2142 et
807 2081 923 2143 tratri-

978 1701 1097 1749 narnm
1110 1702 1306 1765 propagare.
1318 1689 1388 1750 Nos
1397 1688 1501 1764 igitur
1511 1687 1699 1765 saepedictae
1710 1686 1775 1748 do-

979 1801 1052 1846 mus
1083 1800 1152 1849 non
1176 1787 1306 1847 tantum
1336 1785 1458 1847 divinae
1489 1786 1623 1863 pietatis
1649 1785 1775 1846 intuitu

978 1882 1187 1957 coadjutores
1215 1882 1303 1944 eilici
1332 1884 1524 1962 cupientes,
1552 1883 1610 1945 sed
1637 1884 1706 1945 tam
1738 1883 1775 1943 in

977 1980 1123 2052 achone,
1136 1981 1257 2043 Gbrato
1272 1981 1305 2043 et
1319 1983 1470 2058 Margato
1484 1981 1580 2043 nobis
1592 1981 1772 2057 impensas,

978 2076 1115 2137 delicias
1131 2078 1164 2138 et
1185 2077 1330 2138 bonores
1351 2077 1502 2139 nolentes
1524 2076 1776 2163 ingratitudinis

122 2173 187 2235 bns
207 2175 324 2237 domus
337 2176 512 2253 hospitalis
527 2177 852 2254 Hierosolymitanas,
867 2194 923 2239 sa·
978 2173 1149 2250 preterire
1166 2174 1309 2247 silentio,
1325 2175 1439 2237 nostra
1449 2176 1702 2252 nostrorumque
1712 2173 1775 2234 ba·

123 2272 228 2334 lutem
243 2273 276 2334 et
291 2274 508 2350 apostolicam
523 2274 800 2337 benedictionem.
977 2287 1095 2332 nonum
1109 2271 1347 2334 deliberatione
1363 2272 1513 2349 legitima
1536 2272 1572 2333 in
1587 2273 1642 2348 Jus
1659 2272 1691 2332 et
1710 2286 1771 2332 su·

156 2372 247 2431 ‘Cum
261 2386 281 2431 a
295 2370 390 2432 nobis
405 2373 538 2449 petitur,
559 2375 622 2434 etc.
638 2375 920 2451 Eapropter,stc.,
977 2368 1120 2445 predicti
1146 2370 1289 2445 Margati
1318 2370 1405 2447 quod
1430 2370 1521 2431 recte
1549 2369 1585 2431 ln
1608 2367 1772 2431 frontibus

122 2483 233 2542 usquc
247 2484 399 2531 assensu.
416 2473 572 2531 annuum
585 2474 716 2534 centum
734 2486 921 2533 marcarum
976 2482 1182 2543 paganorum
1197 2469 1298 2529 situm
1319 2469 1380 2536 est,
1400 2467 1675 2529 sustentationem
1691 2480 1772 2543 per·-

122 2565 256 2640 argenti
276 2566 441 2629 redditum
465 2568 559 2629 vobis
574 2584 634 2645 pro
654 2570 804 2631 custodia
819 2570 921 2631 castri
977 2566 1121 2641 petuam,
1140 2563 1184 2626 ob
1207 2565 1430 2627 reverentiam
1452 2565 1552 2627 etiam
1576 2564 1716 2626 fratrum
1735 2564 1772 2624 in

121 2663 336 2741 sestrtqnod
351 2666 496 2741 Margati
513 2666 644 2738 dicitur,
659 2683 679 2728 a
695 2668 870 2729 carissimo
884 2668 921 2729 in
977 2664 1159 2725 memorato
1174 2664 1283 2731 castro
1307 2663 1598 2736 commorantium,
1616 2660 1772 2740 aquibus

111 2758 255 2821 norisio
283 2758 354 2820 ilio
385 2761 501 2825 nostro
529 2760 663 2823 andrea
688 2761 814 2824 illustri
841 2776 922 2838 rege
976 2759 1011 2820 in
1024 2761 1138 2822 nostin
1151 2761 1295 2823 transitu
1303 2761 1446 2837 benigne
1460 2760 1721 2838 receptissimus
1738 2758 1773 2821 et

121 2855 307 2932 Hungarire
328 2856 368 2918 de
388 2858 602 2935 proventibus
617 2859 739 2921 salium
758 2861 853 2936 regni
868 2860 921 2921 ani
976 2857 1160 2921 honorilice
1185 2860 1391 2936 pertractati,
1415 2859 1457 2920 de
1471 2857 1686 2936 proventibus
1710 2872 1770 2919 sa-

121 2953 212 3030 apnd
224 2954 366 3017 zolacha
381 2956 437 3032 pia
447 2955 649 3019 liberalitate
660 2973 865 3030 concessum,
878 2959 921 3018 si·
975 2956 1057 3018 lium
1071 2956 1168 3033 regni
1182 2956 1288 3019 nostri
1303 2959 1435 3019 centnm
1450 2972 1580 3018 marcas
1593 2970 1724 3032 semper
1735 2955 1772 3015 in

120 3053 180 3113 cut
193 3050 302 3128 ipsum
319 3054 410 3130 juste
429 3069 470 3116 ac
490 3053 629 3130 pacifice
652 3054 820 3126 obtinetis,
836 3058 870 3117 et
884 3056 920 3117 in
975 3054 1126 3131 paschali
1139 3056 1288 3131 tempore
1303 3054 1453 3116 dedimus
1472 3055 1508 3116 in
1528 3055 1666 3130 argento
1681 3052 1769 3130 apud

121 3149 273 3227 ejusdem
296 3150 386 3226 regis
408 3150 529 3213 litteris
551 3152 682 3229 planias
710 3153 917 3225 continetur,
975 3150 1117 3214 bolecha
1151 3152 1224 3213 sine
1252 3151 1442 3214 conditione
1472 3150 1710 3229 persolvendas
1738 3150 1772 3212 et

118 3246 217 3309 vobis
229 3249 262 3309 et
284 3263 345 3323 per
361 3264 422 3310 vos
448 3248 562 3311 domni
579 3250 701 3312 restrae
722 3250 919 3314 auctoritate
974 3250 1175 3312 contulimus
1189 3249 1225 3311 in
1247 3253 1441 3327 perpetuum
1461 3249 1688 3327 possidendas.
1704 3251 1772 3309 Ve-

120 3344 788 3424 apostolicacontirnamuaetpraesentis
804 3346 919 3424 scripti
974 3362 1048 3407 rum
1075 3347 1153 3424 qnia
1173 3347 1224 3407 rei
1249 3350 1351 3422 gestae
1376 3346 1538 3408 memoria
1557 3346 1648 3408 lacili
1674 3347 1772 3423 lapsu

118 3442 307 3518 patrocinio
316 3444 570 3505 communimus.
580 3443 629 3507 Ad
639 3446 800 3521 majorem
808 3446 918 3506 autem
974 3444 1165 3506 mortalium
1188 3445 1316 3505 mentes
1341 3443 1481 3514 deserit,
1503 3444 1569 3504 nisi
1595 3444 1770 3519 scripturae

118 3539 394 3613 reievidenliam,
409 3542 558 3603 tenorem
571 3541 757 3602 litterarum
769 3541 918 3617 ipsarum
974 3541 1188 3603 monumento
1216 3526 1484 3609 commendetur,
1514 3540 1547 3601 et
1572 3540 1770 3602 auctoritate

119 3636 162 3699 de
182 3636 285 3699 verbo
304 3638 345 3699 ad
366 3637 504 3699 verbum
513 3638 675 3715 iussimus
697 3638 918 3713 praesentibus
973 3638 1067 3715 regia
1080 3637 1253 3709 solidetur,
1270 3639 1308 3698 ut
1320 3637 1425 3699 baeoa
1440 3636 1536 3698 nobis
1555 3635 1645 3698 iacta
1665 3638 1772 3698 dona·

119 3736 288 3797 annotari.
303 3735 366 3807 Qui
378 3736 456 3797 talis
467 3738 541 3798 est:
972 3735 1155 3798 donostris
1172 3736 1427 3813 nostrorumque
1443 3750 1672 3797 successorum
1687 3749 1770 3812 ope·

159 3834 198 3893 In
210 3833 345 3894 nomine
361 3835 491 3895 Sanctae
506 3832 679 3895 Trinitatis
693 3833 918 3896 etindiridnae
973 3832 1165 3895 ribnssalva
1176 3848 1306 3910 semper
1315 3834 1348 3895 et
1355 3833 1553 3896 inconcussa
1562 3836 1766 3910 permaneat,

118 3931 268 3992 unitatis
282 3930 434 3993 Andreas
446 3931 506 3995 Dei
516 3931 624 4008 gratia
637 3931 830 4007 Hungariae,
839 3933 919 3994 Dal·
972 3931 1169 4007 praesentem
1189 3930 1413 3993 concessimus
1437 3930 1592 4007 paginam
1607 3930 1769 3991 secretio-

116 4027 243 4099 matiae,
273 4028 426 4100 Crontiae,
451 4031 577 4100 Ramae,
605 4028 742 4096 Serviae,
772 4029 915 4102 Galitiae,
973 4026 1134 4102 rissigilli
1148 4027 1265 4098 nostri,
1280 4042 1393 4088 aureae
1410 4026 1568 4089 videlicet
1581 4025 1693 4097 bullae,
1710 4041 1769 4087 ca-

116 4124 390 4203 Lodomircaeqne
409 4141 472 4187 rex
493 4126 533 4187 in
552 4127 759 4204 perpetuum.
775 4128 916 4188 Muniil-
972 4126 1101 4186 ractere
1113 4125 1148 4185 in
1170 4123 1575 4201 perpetuumroboratam.
1721 4194 1725 4199 ,

116 4222 237 4285 centiae
252 4223 377 4300 regalis
391 4224 609 4295 immensitas,
630 4223 709 4286 licet
727 4225 769 4287 ad
785 4225 916 4301 ignotos
1012 4225 1129 4285 Datum
1143 4222 1230 4299 apud
1254 4224 1441 4298 Margatum
1465 4237 1525 4299 per
1539 4238 1673 4285 manum
1695 4238 1768 4282 ma·
1827 4210 1829 4214 ’

115 4320 151 4383 et
171 4320 322 4397 cognitos
337 4320 473 4385 dilatari
494 4321 622 4394 debeat,
639 4322 714 4384 illos
728 4325 840 4385 tamen
860 4323 915 4384 di·
970 4320 1067 4396 gistri
1092 4319 1277 4395 Hugnerini
1306 4320 1393 4381 aulae
1423 4320 1526 4396 regiae
1552 4320 1765 4391 cancellarii,

114 4418 206 4480 vinoe
221 4417 354 4494 pietatis
372 4417 496 4481 intuitu
520 4419 658 4495 largiori
677 4420 786 4496 gratia
803 4419 915 4482 lovere
968 4432 1058 4481 anno
1071 4419 1256 4479 MCCXVII.
1268 4417 1458 4479 Venerabili
1470 4418 1622 4479 iohanne
1638 4417 1768 4492 strigo-

114 4513 261 4579 debetet
281 4515 449 4592 amplecti,
474 4531 534 4593 per
555 4533 695 4594 quornm
719 4533 838 4578 manus
862 4519 916 4579 ut·
970 4515 1091 4588 niensi,
1119 4515 1302 4577 reverendo
1324 4516 1502 4578 Bertlioldo
1518 4515 1692 4577 colocensi
1709 4530 1768 4575 ar-

116 4613 194 4689 pote
221 4612 488 4689 dispensatorum
517 4613 664 4676 tidelinm
692 4631 759 4676 non
787 4616 914 4677 tantum
970 4612 1192 4689 cbiepiscopis
1216 4610 1445 4683 existentibus,
1462 4612 1585 4672 (tolano
1603 4610 1767 4687 Quinqua-

114 4710 914 4786 largientismemoriaecommendatur,sedetiam
970 4710 1182 4782 ecclesiensi,
1205 4709 1377 4770 Desiderio
1395 4707 1606 4780 cerasiensi,
1621 4710 1765 4785 symone

114 4809 405 4873 succrescentibus
432 4824 522 4871 verae
549 4809 723 4886 religionis
751 4810 914 4873 tructibus
970 4807 1193 4879 waradiensi,
1214 4807 1384 4869 Willelmo
1406 4806 1636 4878 Transilvano,
1665 4807 1785 4867 Petro·

113 4907 177 4969 Dei
190 4905 301 4967 cultus
325 4907 536 4970 incessanter
555 4907 726 4969 dilatatur.
751 4910 832 4969 Cum
846 4908 914 4970 ita-
970 4905 1159 4976 deuriensi,
1188 4902 1332 4965 Roberto
1357 4903 1614 4980 vesprimiensi,
1640 4902 1764 4965 Jacobo

112 5019 191 5081 qne,
208 5004 306 5080 prout
319 5020 363 5066 ex
378 5006 541 5082 suscepta
552 5005 833 5082 peregrinationis
847 5006 915 5067 otii·
969 5002 1154 5074 watiensi,
1183 5000 1349 5078 Stephano
1375 4999 1609 5077 zagabriensi,
1637 5000 1764 5061 Tboma

113 5101 170 5163 cio
183 5100 390 5174 tenebamur,
413 5102 450 5163 in
466 5105 569 5164 Terra
583 5105 706 5165 Sancta
721 5103 834 5165 divino
848 5119 912 5166 ra·
967 5099 1121 5177 agriensi
1137 5099 1241 5161 electo
1262 5098 1428 5176 episcopis
1443 5098 1604 5161 ecclesias
1620 5097 1763 5159 feliciter

111 5213 268 5260 caremus
282 5199 431 5271 senasio,
438 5201 579 5277 etprout
585 5201 685 5262 antea
691 5200 913 5262 didiceramus
967 5197 1243 5275 gubernantibus,
1254 5199 1273 5258 J
1277 5196 1331 5257 ula
1344 5197 1509 5269 Palatino,
1524 5195 1682 5272 Dionysio
1697 5210 1764 5255 ma·

111 5296 251 5369 andito,
286 5297 549 5359 sacratissimum
586 5298 703 5359 domus
738 5298 912 5376 hospitalis
967 5295 1070 5371 gistro
1083 5295 1344 5357 'lavarnicornm
1362 5296 1395 5356 et
1416 5293 1535 5356 comite
1560 5291 1762 5362 Noricastri,

112 5394 229 5458 Sancti
246 5392 411 5457 iohannis
421 5395 580 5472 Baptistae
593 5396 634 5457 de
642 5396 828 5458 Jerusalem
848 5396 913 5458 col·
968 5396 1053 5455 Ocnz
1079 5392 1201 5454 curiali
1222 5392 1358 5465 comite,
1381 5391 1554 5468 Rapbapm
1576 5390 1762 5467 woywoda,

110 5491 239 5568 legium
251 5489 418 5567 largifluis
428 5492 588 5554 virtutum
603 5493 759 5569 operibus
769 5492 912 5569 fragres·
966 5493 1120 5552 Bancone
1132 5490 1229 5561 bano,
1246 5495 1279 5552 et
1293 5490 1425 5551 caeter-is
1438 5487 1615 5550 comitibus
1627 5489 1763 5550 comita·

109 5603 200 5661 cere,
216 5586 282 5652 tide
303 5590 567 5667 perspiceremus
587 5590 730 5663 oculata,
747 5606 909 5668 nusquam
965 5591 1018 5649 tus
1032 5587 1232 5650 tenentibus.
1249 5588 1356 5664 Regni
1371 5586 1477 5648 nostri
1489 5601 1577 5647 anno
1592 5587 1680 5647 Xlii.

108 5685 243 5756 melius,
267 5701 368 5762 quam
393 5686 429 5747 in
453 5687 553 5765 liujus
571 5687 689 5751 domus
713 5688 934 5765 suffragium,
1003 5685 1097 5747 Nulli
1125 5701 1217 5762 ergo,
1241 5686 1318 5758 etc,
1344 5684 1467 5747 nostrae
1493 5683 1759 5746 confirmationis
