3946 6196
82 323 141 386 als
715 314 944 381 nrlsroum.
968 314 1046 377 me.
1071 316 1112 378 n.
1671 282 1737 381 'ele

82 484 270 557 institutus,
283 484 318 545 et
332 481 490 561 praedicta
506 480 648 544 ecclesia
663 483 772 543 sancti
787 484 888 543 Bene-
941 481 1032 553 tiam,
1044 478 1254 543 honestatem
1269 478 1301 541 et
1308 478 1484 542 utilitatem
1499 478 1649 543 ecclesiae
1662 494 1738 544 con·

81 583 164 645 dicti
179 583 215 643 in
231 597 297 659 qua
312 582 391 642 sunt
404 580 572 642 abbatissa
587 581 621 642 et
632 579 795 641 moniales
810 577 888 640 sunt
940 579 1111 640 timentem.
1145 577 1411 639 Praenominatus
1445 592 1525 639 uero
1561 577 1738 642 abbatissae

84 682 262 757 eonngnae,
280 681 313 742 et
327 679 435 742 sancti
450 679 585 741 vedasti
598 679 739 740 ecclesia
754 694 814 755 pro
828 678 888 739 de-
942 680 1186 753 procuratorex
1200 675 1340 736 adverso
1352 674 1533 752 respondit,
1545 675 1739 753 petitionem

83 781 171 842 lectu
199 779 345 854 alicujus
369 778 426 857 qui
452 777 610 852 praeesset
635 776 824 845 canonicis,
856 779 888 838 et
942 776 1013 851 eJ'us
1028 788 1095 834 non
1109 788 1183 834 esse
1197 772 1363 834 ullatenus
1380 772 1616 835 admittendam
1631 775 1741 837 multi·

83 876 297 954 quotidianos
310 874 400 935 inter
413 875 504 951 ipsos
518 889 679 935 excessus
693 873 885 949 corrigeret,
942 872 1020 948 plici
1032 872 1172 942 ratione,
1189 871 1355 940 videlicet,
1369 871 1447 949 quia
1458 873 1656 950 rescriptum
1670 874 1739 934 im-

84 975 256 1052 peteretur
278 972 314 1033 in
338 971 568 1050 spiritualibus
592 971 625 1033 et
651 970 887 1049 temporalibus
942 969 1106 1046 patratum
1120 967 1496 1042 luerattacitareritate,
1514 969 1738 1049 scilieetquod

84 1089 149 1134 non
165 1071 331 1133 modicam
352 1070 534 1142 laesionem,
557 1070 644 1131 idem
663 1069 889 1146 praedecessor
942 1081 1056 1127 curam
1082 1066 1135 1128 vel
1162 1065 1483 1127 administrationem
1513 1067 1660 1144 aliquam
1692 1068 1739 1129 ibi

85 1172 236 1231 noster...
266 1168 378 1230 abbati
402 1167 724 1239 Praemonstratensl,
753 1167 787 1228 et
814 1168 887 1243 ejus
941 1164 1072 1240 gereret
1090 1163 1277 1240 abbatissa3
1306 1180 1407 1241 quum
1428 1165 1644 1242 inquisitores
1670 1167 1740 1227 suis

9 1346 10 1349 Ἴ
85 1267 226 1344 collegis
236 1266 306 1327 suis
321 1265 413 1327 dedit
426 1265 546 1327 litteris
559 1266 595 1326 in
608 1264 784 1336 mandatis,
801 1262 889 1325 utad
942 1260 1061 1323 litteris
1078 1263 1239 1333 asserant,
1264 1262 1350 1339 quod
1376 1261 1545 1325 abbatissa
1564 1265 1662 1340 gerit,
1679 1264 1738 1337 ibi,

8 1366 10 1371 ’
85 1381 160 1427 eum
197 1362 418 1442 personaliter
445 1363 653 1432 accedentes,
683 1361 773 1424 circa
798 1376 889 1438 prae·
942 1358 1217 1437 licetntcumque,
1235 1359 1381 1421 cilicium
1402 1360 1596 1423 decanatus.
1613 1363 1739 1424 Etcum

86 1465 189 1525 missa
214 1463 247 1525 et
275 1461 343 1524 alia
371 1476 445 1538 quae
475 1476 591 1538 pacem
625 1459 775 1521 ecclesiae
803 1474 887 1520 con·
942 1453 1065 1518 iactum
1084 1455 1273 1535 hujusmodi
1293 1456 1497 1519 abbatissam
1512 1459 1743 1536 principaliter

86 1560 275 1638 tingebant,
312 1558 496 1621 statuerent
530 1575 604 1636 quae
634 1557 819 1630 honestati,
856 1556 888 1617 et
943 1555 1104 1630 tangeret,
1124 1570 1294 1633 nunquam
1315 1554 1424 1617 luerat
1440 1556 1598 1632 evocata3
1614 1557 1742 1619 duobus

8 1696 9 1699 =
87 1658 227 1721 utilitati
259 1656 411 1719 ecclesiae
445 1651 683 1733 cognoscerent
718 1654 886 1732 expedire.
943 1653 1071 1713 tantum
1096 1651 1349 1731 inquisitoribus
1368 1669 1443 1715 cum
1457 1654 1563 1716 tribus
1582 1655 1742 1732 scripturn

8 1738 10 1765 ³
89 1755 181 1828 Quod
197 1754 383 1817 licetillius
398 1754 595 1816 auctoritate
609 1752 756 1815 mandati
769 1752 811 1813 ad
833 1768 890 1814 ec-
945 1749 1071 1823 inisset,
1092 1750 1192 1812 tertio
1216 1766 1252 1812 se
1276 1751 1467 1813 nullatenus
1489 1755 1671 1815 excusante
1692 1754 1744 1815 te·

8 1842 9 1851 ³
88 1854 225 1917 clesiam
240 1853 347 1930 ipsam
362 1852 592 1924 accessissent,
612 1850 819 1930 postmodum
832 1852 889 1913 ta·
944 1862 1035 1909 mare
1050 1848 1304 1925 procedentibus
1326 1850 1400 1927 post
1422 1849 1680 1927 appellationem
1701 1851 1743 1912 ad

90 1967 165 2013 men
181 1949 332 2028 pluribus
354 1949 430 2011 aliis
454 1949 565 2012 causis
580 1947 890 2027 supervenientibus
945 1945 1063 2008 Sedem
1091 1946 1316 2023 apostolicam
1350 1946 1392 2008 ab
1429 1947 1546 2010 eadem
1576 1947 1744 2010 abbatissa

92 2048 278 2128 praepediti,
294 2047 474 2126 procedere
496 2048 529 2109 in
552 2046 742 2125 hujusmodi
757 2047 890 2123 negotio
945 2042 1056 2105 taliter
1064 2044 1336 2121 interjectam,ne
1346 2044 1387 2106 ad
1396 2044 1522 2122 aliquid
1529 2047 1745 2123 procederent

8 2150 9 2157 ’
89 2147 326 2225 nequiverunt;
359 2146 544 2223 praesertim
578 2145 656 2224 quia
684 2140 819 2223 quidam
850 2144 890 2205 de
945 2140 1161 2219 quodineJus
1174 2142 1622 2219 praejudiciumredundaret.
1637 2147 1745 2216 Quare

88 2242 262 2305 canonicis
274 2242 431 2304 nolebant
445 2242 571 2320 aliquid
586 2258 687 2320 super
707 2242 889 2304 consuetu·
946 2238 1033 2300 idern
1061 2240 1258 2317 procurator
1281 2240 1323 2300 iis
1350 2242 1384 2302 et
1404 2240 1481 2302 aliis
1502 2241 1616 2304 multis
1637 2242 1745 2303 medis

88 2341 224 2403 dinibus
239 2340 389 2402 ecclesiae
413 2336 594 2402 immutari.
616 2343 786 2418 Quumque
804 2356 893 2418 prae·
945 2336 1076 2413 praelati
1097 2336 1277 2399 subdecani
1298 2337 1516 2400 intentionem
1532 2340 1743 2417 impugnans,

88 2439 168 2501 dicti
184 2438 287 2499 abbas
300 2439 335 2499 et
346 2436 482 2513 collegae
495 2438 602 2515 ipsius
619 2454 739 2500 causas
753 2438 890 2500 dilatio·
945 2433 1075 2497 dicebat
1089 2450 1156 2496 non
1174 2436 1288 2497 valere
1300 2436 1334 2497 id
1349 2436 1435 2513 quod
1450 2437 1501 2497 illi
1517 2437 1583 2499 duo
1598 2438 1654 2515 qui
1663 2454 1745 2515 pro-

88 2536 139 2598 nis
154 2535 346 2613 hujusmodi
371 2535 412 2597 ad
422 2537 631 2598 audientiam
645 2536 740 2598 Sedis
750 2537 892 2613 Aposto-
945 2534 1117 2596 cesserant
1129 2550 1230 2611 super
1243 2536 1458 2596 excusatione
1475 2536 1576 2607 tertii,
1592 2536 1747 2598 videlicet

8 2646 10 2703 3
89 2635 162 2696 licae
189 2633 260 2694 suis
282 2633 402 2695 litteris
428 2633 639 2706 detulissent,
659 2650 720 2695 nos
742 2634 890 2711 ipsarum
946 2630 1032 2708 quod
1046 2631 1160 2693 morbo
1176 2631 1349 2694 laborabat
1363 2632 1542 2694 incurabili
1559 2633 1745 2711 rescripse-

8 2706 10 2773 ῗ
89 2733 205 2795 tenore
226 2731 375 2809 plenarie
391 2731 570 2804 intellecto
586 2732 711 2794 eisdem
727 2731 839 2793 abbati
859 2733 893 2793 et
945 2730 1033 2802 runt,
1053 2745 1128 2791 cnm
1147 2745 1248 2807 super
1267 2730 1330 2791 boc
1349 2746 1410 2792 nec
1425 2730 1594 2808 publicum
1612 2733 1745 2793 instra*

8 2884 9 2899 ,
89 2832 158 2907 ejus
170 2828 320 2905 collegis,
335 2829 457 2890 nostris
466 2829 617 2890 dedimus
628 2829 748 2891 litteris
759 2829 795 2891 in·
805 2845 893 2907 prae·
946 2828 1103 2900 mentum,
1121 2844 1182 2889 nec
1197 2828 1302 2905 ipsius
1316 2829 1407 2891 tertii
1424 2828 1543 2892 litterae
1563 2833 1747 2907 appareant

8 2970 9 2973 ,
90 2927 204 3004 ceptis,
226 2926 263 2987 ut
286 2942 352 2987 uon
380 2928 571 2988 reverentes
593 2927 713 2988 taciem
732 2926 890 3000 hominis,
946 2925 1089 3003 alicujus
1109 2925 1212 3002 sigilli
1238 2927 1422 2989 authentici
1441 2927 1624 2989 munimine
1641 2928 1745 2990 robo-

8 3046 10 3115 ξ
91 3023 147 3085 sed
162 3022 324 3085 babentes
343 3039 412 3101 prae
427 3024 533 3086 oeulis
551 3024 657 3086 solum
673 3027 788 3098 Deum,
804 3041 893 3103 prae-
946 3025 1040 3091 ratae,
1067 3039 1129 3085 nec
1148 3023 1349 3085 credendum
1364 3024 1456 3087 sitin
1482 3041 1541 3086 suo
1556 3025 1641 3088 lacto
1656 3026 1744 3088 duo-

8 3144 10 3183 :
93 3121 171 3183 dicti
200 3120 456 3198 praedecessoris
481 3123 589 3184 nostri
613 3123 805 3184 mandatum
831 3122 892 3184 ad·
946 3120 1008 3182 bus
1016 3122 1195 3198 praedictis,
1210 3139 1311 3201 quum
1322 3123 1362 3185 de
1374 3139 1411 3184 se
1421 3123 1508 3185 terre
1519 3124 1744 3187 testimonium

8 3270 10 3275 ,
93 3220 232 3298 implere
256 3222 428 3294 curarent3
452 3219 713 3283 contradictores
735 3237 795 3298 per
808 3236 891 3282 cen·
946 3218 1133 3282 videantur.
1158 3220 1207 3282 Ad
1228 3221 1379 3282 ultimum
1394 3233 1487 3291 vero,
1504 3221 1672 3299 professus
1694 3226 1746 3286 est

8 3330 9 3341 ¹
89 3332 203 3379 suram
230 3317 490 3380 ecclesiasticam
517 3319 767 3397 compescendo.
799 3318 892 3380 Unde
947 3331 983 3378 se
1001 3333 1069 3378 non
1086 3333 1183 3394 posse
1205 3317 1358 3379 sulficere
1383 3318 1424 3379 ad
1439 3335 1574 3380 causam
1593 3321 1745 3383 tractan-
1825 3317 1827 3321 ’

88 3416 237 3478 uolentes
263 3416 432 3494 tamquam
465 3416 526 3477 lilii
561 3416 758 3478 obedientiae
792 3431 893 3493 super
946 3413 1034 3482 dam,
1060 3415 1172 3491 utpote
1196 3414 1238 3474 ad
1260 3414 1552 3478 contradicendum
1581 3419 1613 3479 et
1633 3419 1744 3495 impe-

8 3520 10 3533 '
88 3513 130 3574 iis
163 3514 346 3591 procedere
360 3513 523 3586 ordinate,
545 3514 586 3575 de
605 3515 784 3576 multorum
806 3529 891 3591 pru·
946 3511 1102 3573 trandum
1144 3510 1371 3574 tantummodo
1415 3513 1624 3588 destinatus,
1671 3516 1750 3579 licet

89 3611 225 3674 dentum
248 3612 397 3673 virorum
426 3611 583 3685 consilio,
610 3611 764 3689 diligenti
792 3627 893 3688 snper
947 3608 1119 3670 confessus
1131 3608 1232 3671 luerit
1246 3608 1449 3671 abbatissam
1464 3612 1650 3688 appellasse
1660 3630 1749 3691 prae-

91 3710 177 3771 statu
196 3709 365 3787 praedictae
385 3709 494 3771 sancti
510 3709 646 3772 vedasti
663 3709 814 3771 ecclesiae
833 3709 891 3770 in·
947 3706 1081 3778 dictam,
1098 3707 1184 3767 sicut
1207 3707 1242 3766 in
1263 3707 1526 3783 praecedentibus
1545 3710 1746 3772 continetur.

89 3807 268 3883 quisitione
292 3806 487 3884 praehabita,
509 3807 595 3869 sicut
614 3807 753 3884 apparet
770 3823 812 3869 ex
836 3807 893 3868 lit·
947 3803 1194 3881 Objeetionibus
1218 3820 1298 3866 vero
1332 3804 1521 3881 hujusmodi
1550 3823 1745 3884 responsum

88 3904 169 3966 teris
196 3904 389 3967 eorumdem
417 3902 595 3967 abbatissae
623 3904 783 3982 praelatae,
818 3922 892 3983 quae
946 3901 1075 3964 exstitit
1089 3918 1133 3963 ex
1151 3902 1303 3975 adverso,
1319 3903 1404 3980 quod
1420 3919 1556 3965 necesse
1580 3921 1647 3966 non
1667 3904 1745 3967 iue-

89 4001 123 4061 in
149 4000 331 4079 saepedicta
359 4002 468 4063 sancti
496 4001 632 4063 vedasti
660 4002 803 4063 ecclesia
834 4003 890 4063 ut·
945 4003 1000 4060 rat
1013 3999 1048 4060 in
1063 3999 1183 4061 litteris
1197 4001 1395 4077 apostolicis
1412 4000 1451 4062 de
1468 4002 1626 4079 praedicta
1643 4002 1749 4066 abba-

89 4114 231 4177 eumque
258 4099 438 4161 decanatus
461 4100 548 4175 gerit
573 4099 736 4170 olfloium,
764 4101 890 4162 certum
945 4097 1028 4158 tissa
1052 4097 1254 4159 mentionem
1277 4097 1406 4172 haberi,
1438 4101 1622 4177 praesertim
1643 4118 1743 4179 quum

89 4195 175 4257 diem
217 4212 278 4274 pro
311 4194 452 4260 termino
494 4196 725 4276 praefixerunt,
756 4214 821 4275 quo
856 4198 891 4258 in
946 4194 1047 4257 iidem
1071 4195 1279 4273 postulantes
1301 4213 1370 4258 suae
1390 4198 1511 4261 etatum
1527 4199 1746 4262 ecclesiaere-

89 4295 195 4357 sancti
221 4294 359 4357 vedasti
371 4295 525 4368 ecclesia,
547 4298 645 4373 prout
660 4296 819 4373 expedire
833 4296 890 4357 vi·
947 4293 1095 4365 formari,
1119 4294 1311 4357 nullatenus
1337 4295 1546 4359 intenderent
1567 4313 1740 4371 enervare,

89 4390 222 4465 debant,
246 4391 458 4455 instituerent
479 4393 715 4457 subdecanum.
734 4394 797 4455 Sed
812 4395 891 4472 quia
947 4391 1745 4471 immojurarepotiusjurisdictionemabbatissae

88 4489 171 4566 ipsa,
195 4490 271 4566 post
293 4489 442 4567 elapsum
462 4489 550 4552 diem
565 4493 598 4553 et
615 4492 806 4564 terminum,
833 4509 893 4570 per
946 4490 1125 4566 praedictae,
1141 4491 1238 4553 sicut
1265 4507 1308 4553 ex
1329 4507 1368 4553 eo
1393 4492 1567 4553 manifeste
1593 4495 1743 4570 apparet,

88 4587 312 4664 quadraginta
325 4587 397 4650 dies
419 4604 440 4650 a
455 4589 621 4666 praedictis
636 4589 891 4667 inquisitoribus
947 4586 1033 4665 quod
1048 4604 1123 4648 cum
1136 4587 1304 4650 abbatissa
1323 4605 1389 4649 non
1404 4591 1606 4665 competeret
1629 4606 1744 4651 curam

8 4676 10 4703 ¹
88 4686 891 4765 expectata,corameisrenuitcomparere,iidem
945 4701 1063 4761 gerere
1078 4686 1277 4757 animarum,
1293 4685 1371 4748 talis
1387 4702 1528 4763 persona
1549 4688 1659 4749 estitit
1670 4688 1745 4749 ins·

8 4788 9 4791 ’
85 4783 182 4857 juxta
198 4781 340 4844 sormam
355 4784 511 4862 rescripti
528 4785 710 4863 apostolici
725 4784 892 4849 honestati
946 4783 1054 4855 tituta,
1069 4799 1143 4860 qnae
1161 4782 1203 4844 ad
1218 4783 1539 4846 administrationem
1554 4784 1743 4861 hujusmodi

86 4883 121 4940 et
129 4864 268 4943 utilitati
274 4881 426 4943 ecclesiae
436 4884 614 4959 providere
625 4884 785 4957 volentes,
802 4899 892 4945 eum·
946 4880 1132 4943 faciendam
1152 4880 1215 4943 luit
1233 4880 1403 4942 sulliciens
1419 4882 1452 4942 et
1474 4882 1658 4960 condigna;
1681 4901 1743 4946 nec

89 4975 162 5038 dem
189 4981 219 5040 J.
248 4977 473 5040 subdecanum
505 4980 540 5041 in
570 4984 752 5044 memorata
785 4984 891 5045 sancti
946 4978 1098 5041 obstabat
1112 4978 1193 5040 illud
1213 4978 1242 5039 si
1257 4978 1430 5040 excusatio
1445 4979 1535 5041 tertii
1550 4996 1617 5042 non
1636 4982 1745 5044 conti·
1854 5056 1861 5061 α

8 5088 10 5113 ³
88 5075 226 5138 vedasti
256 5076 399 5138 ecclesia
420 5078 558 5155 provide
582 5080 782 5152 statuerunt,
806 5069 893 5142 sicut
946 5076 1088 5141 uebatur
1109 5077 1145 5139 in
1159 5075 1290 5156 publico
1304 5076 1538 5150 instrumento,
1558 5088 1658 5162 quum
1673 5080 1746 5142 ins·

86 5172 121 5232 in
141 5186 257 5235 eorum
278 5173 412 5249 litteris,
437 5175 607 5254 inquibus
628 5177 728 5240 etiam
743 5179 811 5240 alia
827 5194 891 5257 exss
945 5176 1114 5237 tramenta
1132 5173 1323 5253 huiusmodi
1343 5191 1409 5236 non
1431 5174 1513 5237 liunt
1536 5177 1571 5238 in
1594 5176 1744 5254 partibus

86 5270 289 5346 primuntur,
307 5275 526 5352 propterque
542 5275 584 5337 ad
601 5274 634 5336 id
648 5275 892 5339 rationabiliter
947 5273 1138 5345 Gallicanis,
1156 5272 1214 5334 sed
1229 5272 1310 5334 satis
1323 5272 1621 5336 debebatsulilcere
1636 5274 1665 5335 si
1677 5274 1743 5336 duo

84 5367 214 5431 inducti
230 5369 376 5445 luerunt,
390 5371 522 5449 plenius
539 5374 737 5436 continetur.
946 5371 980 5434 id
1012 5371 1100 5449 quod
1126 5370 1169 5433 de
1202 5369 1301 5433 tertio
1327 5371 1455 5449 collega
1476 5371 1645 5444 sciebant,
1672 5372 1742 5437 suis

127 5467 238 5537 Quare
259 5471 462 5531 memoratus
478 5472 508 5532 J.
527 5471 715 5549 postulabat
729 5472 893 5536 instanter
947 5469 1067 5532 litteris
1083 5467 1298 5541 testabantur,
1320 5469 1439 5548 quibus
1454 5466 1593 5540 debebat
1605 5469 1686 5533 fides
1707 5472 1743 5535 in

88 5562 334 5627 ordinationem
349 5566 390 5627 de
404 5567 477 5643 ipso
491 5568 674 5631 eteoclesia
683 5567 804 5631 factam
817 5585 893 5632 aue·
946 5568 988 5630 iis
1001 5570 1034 5629 et
1044 5567 1120 5629 aliis
1137 5566 1300 5640 adbiberi,
1313 5567 1497 5644 praesertim
1510 5583 1609 5645 quum
1623 5567 1658 5629 in
1671 5585 1745 5647 par·

86 5659 223 5724 toritate
237 5663 430 5740 Apostolica
444 5666 649 5741 confirmari,
666 5669 778 5745 utpote
791 5668 892 5746 justi·
945 5665 1034 5728 tibus
1061 5664 1132 5727 illis
1153 5664 1241 5727 lama
1261 5664 1446 5726 communis
1471 5664 1593 5728 babent
1610 5666 1744 5730 tertium

231 5807 349 5852 rumen.
371 5809 446 5852 rens
466 5797 502 5855 ll.
1569 5799 1603 5855 ll
