3958 6204
202 316 262 378 347
680 306 859 372 HONOIlIl
880 308 926 369 111
947 303 1387 368 ornum-sumentis.
1788 306 1851 369 318

203 477 268 547 ets,
290 476 327 537 ut
344 474 372 536 si
392 488 497 551 nsque
518 470 615 533 modo
641 469 704 532 iuit
722 467 860 544 gulosus
881 467 1000 531 amodo
1053 465 1176 528 bonum
1197 482 1279 544 opus
1298 479 1343 527 ex
1364 463 1536 527 voluntate
1558 478 1626 527 non
1646 465 1791 537 ducitur,
1817 468 1853 531 et

201 573 261 635 nat
288 571 429 644 sobrius,
460 570 491 631 si
517 568 709 631 luxuriosus
734 567 793 630 ilat
820 566 941 638 castus,
970 565 999 627 sl
1053 579 1124 627 rem
1143 565 1227 642 jnsti
1255 563 1328 625 sine
1358 561 1469 624 fructu
1496 562 1651 643 peccator
1677 565 1850 640 operatur.

202 687 325 733 avarus
340 670 397 730 ilai
411 668 538 743 largus,
555 665 585 727 si
600 665 763 742 superbus
778 664 835 726 liat
849 663 998 735 humilis,
1054 664 1144 723 Crux
1157 662 1268 722 autem
1283 660 1405 722 dicitnr
1415 676 1435 722 a
1445 661 1606 722 cruciatu.
1621 663 1710 721 Crux
1721 662 1853 723 tollitur

203 768 233 829 si
246 766 426 829 iracundus
440 764 498 825 ilat
510 764 714 835 mansuetus,
725 763 769 833 et,
781 763 817 824 ut
833 761 1001 838 generali·
1054 757 1272 837 spiritualiter
1297 759 1331 819 et
1360 757 1589 819 materialiter.
1624 757 1854 834 spiritualiter

203 867 255 927 ter
269 865 389 934 dicam,
402 863 431 922 si
447 860 645 923 criminosus
658 859 908 922 liutrirtuosns.
921 857 999 919 Etsi
1053 871 1133 919 vero
1157 855 1284 917 duobus
1308 856 1425 928 modis,
1451 855 1616 927 videlicet,
1647 870 1707 933 per
1729 856 1853 919 mentis

202 962 280 1024 talis
294 959 404 1032 luerit,
422 960 500 1020 tnnc
522 956 701 1033 abnegabit
714 956 940 1033 semetipsum,
965 956 1001 1016 ut
1054 954 1320 1031 compassionem
1346 953 1381 1016 et
1400 953 1512 1015 carnis
1538 953 1763 1016 afflictionem.
1786 958 1854 1016 Per

203 1057 315 1120 dicere
328 1056 439 1118 valeat
454 1072 528 1118 cum
551 1054 732 1132 apostolo:
754 1058 836 1116 Vico
850 1056 1000 1131 eoojem
1055 1051 1174 1114 mentis
1207 1050 1472 1128 compassionem
1508 1050 1667 1127 affligitur
1700 1051 1851 1129 spiritus.

203 1171 273 1218 non
284 1170 357 1232 epo,
377 1154 464 1216 olvit
479 1153 597 1215 autem
612 1157 649 1215 tn
670 1167 725 1214 me
739 1152 896 1215 Christus
911 1150 998 1228 (Gal.
1055 1151 1135 1210 Cum
1151 1149 1240 1210 enim
1259 1149 1333 1226 quis
1357 1148 1526 1239 cruciatur
1539 1147 1575 1209 in
1594 1148 1694 1211 corde
1714 1166 1855 1227 compa·

202 1269 239 1324 11,
255 1251 320 1331 20).
337 1253 418 1313 Cum
432 1252 521 1313 enim
537 1250 660 1327 impius
673 1248 714 1310 ab
728 1249 900 1325 impietate
915 1263 1000 1309 con·
1054 1247 1167 1309 tiendo
1182 1248 1345 1325 proximo,
1371 1246 1450 1309 tunc
1472 1247 1586 1325 utique
1606 1263 1739 1309 crucem
1764 1247 1855 1310 tollit

204 1350 355 1422 vertitur,
367 1348 774 1427 procertodioerepotest:
785 1345 1002 1423 nonsumqui
1055 1360 1130 1407 cum
1143 1344 1316 1422 Apostolo,
1337 1344 1394 1422 qui
1413 1344 1544 1406 dicebat
1563 1360 1571 1404 :
1589 1347 1671 1411 (luis
1690 1346 1855 1418 infimae·

204 1446 344 1519 fueram,
368 1447 458 1523 quia,
480 1446 646 1517 videlicet,
672 1460 739 1506 non
762 1446 813 1506 est
831 1444 867 1504 in
891 1443 1000 1520 culpa,
1055 1444 1125 1514 tur,
1141 1443 1176 1503 et
1188 1457 1250 1519 eqo
1266 1457 1336 1504 non
1357 1443 1530 1515 infirmor,
1546 1445 1624 1516 quic
1636 1445 1855 1505 wendelino·-

204 1541 284 1605 licet
297 1543 385 1605 idem
399 1545 443 1605 sit
455 1543 489 1604 in
505 1545 636 1614 natura,
646 1540 915 1604 secundumillud
929 1555 1003 1617 pro·
1056 1540 1126 1611 tur,
1144 1540 1178 1602 et
1191 1554 1254 1616 epo
1267 1554 1336 1600 non
1352 1555 1441 1601 uror
1458 1536 1504 1618 <ll
1517 1540 1592 1600 Gor.
1613 1554 1661 1611 xl,
1682 1538 1750 1618 29).
1770 1541 1854 1601 Cum

204 1640 390 1719 piraticum:
405 1637 999 1716 Verrermploaerooseruotffrov.
1056 1648 1135 1698 vero
1156 1635 1326 1699 cruciatur
1344 1637 1380 1698 in
1399 1650 1540 1713 corpore
1560 1635 1737 1712 affligendo
1758 1637 1854 1715 seip-

204 1753 265 1809 xn,
286 1736 331 1816 7).
348 1737 507 1799 Conversi
526 1752 668 1812 namque
688 1736 782 1812 impii
803 1749 871 1795 non
889 1734 999 1806 erunt,
1056 1750 1141 1805 sum,
1156 1734 1431 1796 tunoetiamcnm
1443 1732 1741 1809 Apostolocrucem
1753 1733 1853 1806 tollit,

205 1849 272 1895 non
287 1833 366 1910 quia
381 1833 516 1894 omnino
526 1847 592 1893 non
608 1833 706 1894 erunt
720 1831 755 1892 in
769 1831 927 1903 essentia,
944 1831 1001 1892 sed
1057 1831 1113 1909 qui
1127 1831 1176 1893 ait
1191 1852 1200 1892 ι
1215 1832 1352 1908 Gesttpo
1365 1845 1491 1906 corpus
1502 1845 1619 1893 meum
1636 1832 1672 1893 et
1685 1835 1723 1893 in
1735 1834 1855 1893 cerel·

204 1946 270 1992 non
287 1932 385 1991 erunt
399 1929 433 1990 in
450 1929 630 2006 impietatis
652 1929 760 2006 culpa.
787 1928 855 2004 Ipsi
869 1927 1001 2005 quidem
1058 1927 1452 2005 carcassonensem
1469 1930 1567 1991 :Misi
1579 1932 1856 1991 munduacruci-

205 2028 283 2089 sunt
295 2042 354 2103 per
367 2028 531 2099 naturam,
546 2026 603 2087 sed
620 2041 687 2086 non
702 2024 767 2103 ipsi
777 2025 855 2087 sunt
868 2038 929 2103 per
936 2041 1003 2086 ma·
1056 2028 1151 2099 fimas
1169 2027 1233 2099 est,
1256 2026 1290 2087 et
1312 2040 1374 2101 epo
1396 2029 1534 2089 mundo.
1554 2025 1649 2087 Unde
1667 2025 1825 2087 Salomon
1843 2047 1853 2086 ι

204 2124 324 2185 liliam.
1057 2126 1121 2190 oui
1143 2124 1284 2185 docmate
1311 2122 1424 2184 nutrit
1446 2137 1589 2185 ameum
1614 2138 1729 2194 mam,
1754 2121 1853 2193 idest,

247 2220 403 2297 Sequitur
419 2239 426 2280 :
443 2219 540 2282 tollat
547 2235 680 2282 crucem
693 2235 787 2282 snam
798 2222 832 2282 et
845 2220 1004 2297 sequatur
1057 2234 1191 2280 carnem
1206 2235 1279 2295 quae
1291 2219 1420 2281 servire
1434 2218 1541 2291 debet,
1555 2219 1677 2293 postea
1688 2232 1857 2280 mersen·

204 2331 268 2379 me.
292 2316 426 2377 Duobus
450 2316 556 2377 modis
578 2331 712 2379 crucem
728 2318 898 2393 portamus
919 2332 1003 2393 :per
1058 2313 1489 2393 ttetoorttnmocemffrov.
1505 2328 1600 2387 xxix,
1616 2312 1682 2395 21).

204 2414 325 2475 mentis
337 2412 600 2489 compassionem
610 2414 644 2475 et
655 2413 766 2475 carnis
776 2413 1001 2488 afflictionem
1096 2411 1317 2474 Materialiter
1338 2427 1469 2490 quoque
1486 2412 1613 2474 duobus
1641 2411 1749 2473 modis
1769 2427 1856 2474 crux

205 2509 263 2572 sed
282 2508 341 2571 alii
363 2511 496 2585 portant
514 2525 648 2571 crucem
672 2511 747 2587 post
769 2509 949 2582 diabolum,
969 2514 1003 2573 et
1056 2509 1195 2582 tollitur,
1216 2507 1416 2585 insignum,
1444 2509 1608 2582 videlicet,
1629 2509 1805 2585 religionis
1821 2512 1857 2571 et

205 2605 265 2668 alii
278 2609 352 2683 post
366 2608 481 2667 Deum.
502 2607 583 2667 Post
595 2606 764 2669 diabolum
780 2607 912 2684 portant
924 2623 1003 2668 oru-
1057 2605 1257 2683 supplicium
1273 2605 1450 2684 passionis.
1465 2609 1503 2668 In
1518 2607 1650 2683 signum
1660 2606 1854 2682 religionis3

205 2718 277 2765 cem
291 2703 348 2779 qui
363 2702 456 2764 duris
470 2702 639 2765 laboribus
654 2704 687 2765 et
705 2703 905 2781 quibuslibet
926 2704 1002 2765 aliis
1057 2704 1143 2765 sicut
1156 2705 1234 2765 sunt
1248 2703 1382 2780 quidam
1392 2703 1448 2781 qui
1460 2703 1733 2780 portanisignum
1743 2704 1856 2765 crucis

205 2800 313 2861 modis
327 2798 479 2875 affligunt
493 2814 638 2871 carnem,
651 2802 688 2862 ut
699 2800 827 2877 possint
841 2801 1002 2877 proximis
1057 2800 1092 2862 in
1102 2800 1305 2862 indumentis
1318 2800 1399 2872 suis,
1412 2802 1449 2862 ut
1460 2800 1635 2863 ostendant
1644 2816 1680 2863 se
1689 2801 1855 2877 spiritua·

205 2910 336 2969 nocere,
358 2895 411 2958 vel
434 2897 602 2958 terrenam
625 2895 767 2972 gloriam
790 2900 822 2960 et
842 2897 1001 2961 bonorem
1056 2898 1134 2960 liter
1149 2898 1356 2974 mancipatos
1367 2897 1410 2959 ad
1422 2897 1617 2976 obsequium
1634 2897 1799 2960 crucitixi.
1817 2901 1856 2960 lu

205 3009 336 3070 capere.
358 2995 440 3055 Post
460 2992 627 3054 Christum
642 3008 775 3055 crucem
789 2996 923 3071 portant
946 2996 1002 3073 qul
1057 2996 1256 3073 supplicium
1271 2995 1438 3072 passionis
1451 2996 1484 3057 et
1498 2995 1578 3058 boni
1588 2995 1720 3073 quidem
1733 2995 1856 3056 etmali

205 3089 278 3152 solo
292 3089 353 3151 Dei
366 3104 622 3151 amorecarnem
637 3104 732 3151 suam
742 3092 923 3153 macerant.
938 3091 1002 3152 Sed
1057 3092 1113 3169 qni
1128 3108 1189 3170 pro
1197 3092 1331 3170 justitia
1343 3092 1398 3154 rel
1413 3091 1541 3153 offensa
1558 3092 1806 3170 suspendentur
1818 3092 1855 3154 in

205 3202 289 3247 crux
310 3186 362 3246 est
375 3186 537 3263 portanda
554 3186 701 3263 quotidie
723 3187 764 3248 ab
785 3187 912 3259 electis,
935 3202 1002 3248 non
1056 3205 1171 3265 cruce3
1188 3189 1464 3267 quemadmodum
1480 3189 1601 3264 legitur
1615 3189 1652 3250 in
1671 3188 1855 3266 Evangelio

205 3283 292 3343 sicut
305 3282 440 3359 quidam
456 3282 512 3359 qui
527 3283 797 3359 aliquotempore
806 3284 923 3346 vivunt
932 3300 1003 3346 cas·
1056 3286 1143 3364 quod
1152 3288 1250 3364 juxta
1262 3302 1397 3348 crucem
1410 3290 1489 3350 Jesn
1505 3286 1571 3349 duo
1585 3286 1733 3348 lamones
1748 3285 1856 3348 cruci·

203 3380 249 3452 te,
264 3381 298 3442 et
316 3378 383 3442 alio
402 3380 550 3457 tempore
566 3379 749 3453 luxuriose,
769 3381 836 3443 alio
854 3382 1002 3459 tempore
1056 3383 1116 3445 lixi
1129 3383 1274 3454 luerunt,
1291 3399 1379 3444 nnus
1393 3398 1413 3444 a
1428 3384 1557 3445 dextris
1568 3386 1602 3446 et
1613 3383 1701 3445 alius
1715 3383 1855 3445 asinis-

205 3477 282 3538 sunt
303 3475 417 3548 sobrii,
434 3476 502 3538 alio
519 3477 669 3554 tempore
693 3476 788 3539 ebrii.
811 3478 886 3540 Alio
904 3479 1001 3540 modo
1055 3480 1129 3542 tris.
1146 3482 1186 3542 nt
1199 3479 1275 3542 ideo
1298 3496 1383 3542 crux
1402 3480 1524 3542 dicitur
1544 3495 1564 3542 a
1588 3480 1749 3552 cruciatu,
1774 3480 1855 3557 quia

203 3572 305 3635 bomo
317 3573 406 3635 tollit
425 3588 557 3635 crucem
578 3589 686 3635 suam.
705 3577 813 3637 Suam
827 3574 919 3647 dicit,
935 3591 1002 3637 non
1056 3577 1312 3654 quotiescorpus
1323 3577 1856 3653 nostrumaifligimus,totiescrn·

204 3670 361 3742 alienam,
378 3671 602 3733 voluntariam
615 3686 681 3733 non
696 3672 857 3745 coactam,
871 3675 1003 3750 sponta-
1056 3689 1127 3736 cem
1142 3675 1325 3751 portarum.

203 3782 301 3829 neam
316 3783 383 3830 non
399 3767 550 3841 invitam,
571 3784 631 3845 per
645 3769 817 3846 patienda
831 3770 999 3842 virtutem,
1095 3772 1250 3848 Legimus
1265 3774 1408 3849 quatuor
1424 3770 1529 3835 fuisse
1546 3787 1670 3848 genera
1685 3772 1856 3847 lignorum

204 3880 271 3926 non
285 3865 508 3942 perangaria
525 3867 729 3940 servitutem,
746 3868 825 3946 quia
843 3870 911 3930 Deo
934 3884 1001 3931 non
1055 3868 1090 3928 in
1101 3882 1200 3930 cruce
1211 3868 1343 3929 Domini
1353 3868 1691 3931 nostrilesncbristi.
1702 3869 1854 3931 Primum

203 3961 336 4038 placent
363 3964 478 4025 coacta
498 3963 647 4027 servitia.
679 3966 888 4042 Spontaneus
912 3966 1001 4027 enim
1056 3965 1184 4041 lignum
1211 3964 1275 4027 run
1301 3965 1427 4042 palma,
1454 3966 1636 4027 secundum
1661 3980 1854 4044 cypressus,

203 4058 282 4120 tulit
296 4074 429 4121 crucem
443 4063 553 4133 lesus,
570 4060 611 4122 de
621 4076 685 4138 quo
695 4061 819 4138 legitur
831 4082 840 4122 ι
854 4063 902 4126 st
911 4066 1002 4136 boja
1054 4063 1190 4124 tertium
1202 4062 1303 4133 oliva,
1319 4063 1473 4140 quartum
1485 4062 1548 4124 iuit
1562 4063 1682 4125 cedrus
1695 4079 1763 4126 non
1779 4066 1857 4127 sine

203 4160 280 4217 lens
293 4158 357 4216 stoi
368 4170 508 4217 cracem
521 4157 633 4218 estoit
653 4161 691 4218 in
706 4173 786 4220 eum
800 4162 859 4231 qui
874 4161 1002 4220 dicitur
1055 4158 1175 4235 grandi
1190 4159 1341 4236 mysterii
1356 4158 1609 4235 signiscatione.
1626 4161 1744 4222 Palma
1763 4161 1855 4223 enim

205 4253 376 4312 Colouriae
393 4256 486 4313 tecte
506 4249 617 4329 (ioan,
636 4268 707 4325 xix,
725 4254 789 4331 17).
811 4257 902 4316 Grnx
921 4271 1000 4332 ergo
1054 4256 1187 4332 signum
1201 4256 1351 4319 victoriae
1365 4258 1428 4329 est,
1444 4257 1522 4334 quia
1536 4272 1580 4318 ex
1593 4272 1633 4319 ea
1647 4257 1855 4320 coronaban-

205 4346 381 4409 sanitatem
389 4348 544 4419 restituit,
554 4348 816 4413 benedictionem
827 4351 998 4429 impendit,
1054 4354 1109 4415 tur
1119 4353 1249 4430 antiqui
1267 4354 1422 4417 victores.
1439 4356 1479 4417 nt
1493 4354 1550 4416 ubi
1564 4356 1614 4417 est
1628 4356 1720 4419 taum
1739 4356 1852 4418 victo-

204 4442 556 4521 discernitaperiidis,
572 4444 726 4508 liberata
741 4449 909 4525 periculis,
926 4448 1001 4511 hos·
1053 4452 1105 4512 ria
1118 4454 1156 4514 ut
1168 4450 1307 4513 victoria
1325 4452 1446 4524 crucis,
1460 4453 1505 4512 -in
1525 4469 1590 4529 qua
1608 4452 1714 4514 David
1735 4454 1854 4516 noster

201 4541 253 4602 tes
268 4541 416 4616 expellit,
437 4541 581 4605 victores
602 4544 784 4606 constituit.
801 4546 891 4607 Crux
909 4563 1000 4624 mys-
1052 4564 1132 4610 vere
1150 4564 1253 4610 manu
1277 4547 1374 4611 iortls
1400 4547 1434 4610 et
1456 4551 1592 4626 aspectu
1617 4549 1854 4615 desiderabilis

201 4639 323 4700 terium
336 4639 768 4719 fidetiirmamentumspei,
780 4642 999 4705 clavisscien·
1053 4660 1156 4706 manu
1174 4644 1293 4708 inermi
1314 4646 1348 4708 et
1366 4646 1465 4707 etiam
1485 4646 1577 4707 cruci
1594 4646 1695 4708 affixa
1716 4648 1853 4712 Goliatlr

202 4736 269 4807 tiae,
290 4735 396 4798 torma
418 4738 569 4815 justius,
594 4740 842 4816 magnificentia
868 4757 998 4819 regum,
1051 4741 1173 4819 dejecit
1186 4743 1220 4804 et
1233 4741 1413 4803 debellavit
1430 4757 1547 4804 aereas
1566 4743 1764 4819 potestatesi
1781 4746 1852 4822 Cy-

200 4832 308 4908 gloria
342 4834 572 4908 sacerdotum,
608 4835 746 4914 inopum
779 4837 996 4910 sustentatio,
1053 4853 1188 4914 pressus
1201 4840 1252 4900 est
1266 4839 1367 4901 arbor
1383 4838 1462 4902 boni
1477 4839 1600 4901 odoris.
1621 4841 1662 4902 nt
1679 4842 1769 4904 certe
1783 4858 1853 4906 non

201 4944 386 5006 pauperum
404 4932 599 5004 consolatio,
618 4923 790 4996 cecorum
801 4935 880 5007 dux,
902 4935 997 4998 clau·
1052 4937 1104 4998 est
1115 4936 1197 4998 odor
1209 4937 1386 4999 sicutodor
1398 4937 1518 5010 crucis
1531 4938 1852 5015 crpusodoremulta

200 5024 317 5087 <lorum
335 5025 485 5099 baculus,
509 5044 584 5105 spes
599 5029 862 5108 desperatorum,
878 5047 997 5095 resur·
1051 5048 1192 5112 corpora
1205 5035 1395 5096 sanctorum
1406 5050 1480 5113 quae
1500 5035 1715 5108 dormierant,
1734 5048 1854 5102 surre-

200 5122 305 5185 rectio
317 5124 534 5185 mortuorum.
1051 5133 1184 5204 xerunt,
1201 5132 1235 5193 et
1251 5134 1415 5194 venerunt
1437 5132 1473 5194 in
1496 5133 1645 5196 saroam
1667 5132 1852 5210 ennom,

240 5221 331 5281 Crux
351 5220 463 5282 autem
490 5220 712 5298 spiritualiter
728 5225 763 5288 et
778 5226 999 5290 materialiter
1052 5227 1181 5291 scilicet
1194 5228 1394 5307 Jerusalem,
1415 5231 1449 5292 et
1469 5230 1697 5307 apparuerunt
1719 5232 1849 5296 multis.

198 5315 337 5378 tollitur.
358 5316 485 5379 Inritus
504 5319 615 5380 summ
633 5320 713 5382 tulit
730 5338 865 5384 crucem
883 5324 997 5385 Simon
1052 5325 1147 5388 Oliva
1167 5342 1227 5388 suo
1245 5327 1386 5404 liquore,
1412 5327 1470 5404 qui
1490 5329 1621 5390 ceteris
1641 5332 1850 5406 supernatat,

199 5414 389 5489 Cyrenaeus,
406 5414 447 5476 de
462 5430 526 5492 quo
549 5413 670 5492 legitur
691 5418 778 5494 quod
797 5421 998 5497 angamave-
1051 5423 1315 5486 misericordiam
1325 5425 1470 5502 praeiert,
1482 5425 1516 5487 et
1525 5426 1561 5487 in
1570 5442 1728 5505 pressura
1738 5430 1852 5492 crucis

198 5514 278 5572 runt
292 5514 417 5573 eumut
428 5511 560 5573 tolleret
571 5528 704 5576 crucem
714 5519 806 5577 lesu.
824 5520 918 5579 ilino
930 5534 995 5579 au·
1052 5521 1233 5598 eliquatum
1248 5523 1300 5585 est
1322 5521 1403 5585 illud
1419 5522 1541 5596 oleum,
1557 5523 1644 5601 quod
1665 5526 1852 5590 Samarita-

198 5606 265 5668 tem
281 5606 380 5670 homo
393 5607 430 5667 in
442 5608 852 5690 angariacrncemportei,
865 5615 996 5691 quando
1052 5633 1115 5680 nus
1128 5617 1252 5683 infudit
1265 5619 1458 5684 uulneribus
1473 5620 1626 5685 sauciati.
1646 5621 1772 5684 cedrus
1791 5640 1852 5689 ar-
