3946 6196
104 399 167 460 aba

107 558 221 620 nullus
236 555 359 619 audeat
371 555 528 619 retinere.
538 555 724 632 Religiosas
734 572 815 619 sane
825 573 909 619 con-

108 656 306 718 suetudines
334 671 354 716 a
379 654 679 732 praedecessoribus
697 655 817 717 vestris
837 655 869 716 et
889 670 909 716 a

107 754 202 815 robis
228 754 390 814 hacteuus
417 751 609 813 observatas
636 752 747 828 aliqua
776 751 910 814 levitate

104 851 232 915 mutari
268 867 329 912 seu
361 850 460 912 etium
494 850 724 927 possessiones
759 850 909 911 ecclesias

105 949 264 1020 alienari,
278 949 343 1009 nisi
358 947 399 1009 de
410 947 538 1008 abbatis
548 948 756 1025 providentia
769 948 909 1009 tlatcum

106 1064 278 1109 consensu
306 1046 444 1122 capituli
467 1046 520 1106 vel
551 1046 687 1123 majoris
715 1047 748 1107 et
766 1045 910 1106 sanioris

3 1222 4 1227 ἵ
106 1146 213 1223 partis
228 1144 346 1221 ipsius,
371 1143 561 1220 Apostolica
585 1144 781 1206 auctoritate
796 1143 911 1220 prohi-

105 1243 236 1304 bemus.
260 1244 428 1304 Praeterea
444 1240 613 1303 libertates
628 1244 661 1303 et
683 1241 909 1304 immunitates

106 1341 313 1402 monasterio
323 1340 434 1400 vestro
450 1354 637 1411 concessas,
650 1339 735 1401 sicut
750 1324 910 1400 hactenus

107 1438 296 1501 observatae
315 1438 400 1509 sunt,
419 1438 509 1498 ratas
530 1436 690 1498 babemus
705 1437 738 1498 et
752 1453 809 1498 eas
829 1453 909 1514 per·

110 1536 222 1614 petuis
238 1534 442 1613 temporibus
456 1535 602 1596 illibatas
615 1551 810 1613 permanere
832 1552 912 1596 san-

108 1635 227 1696 cimus
248 1634 453 1696 auctoritate
465 1649 594 1710 quoque
606 1633 796 1710 apostolica
811 1634 911 1695 nihil·

106 1733 239 1793 ominus
277 1732 434 1793 duximus
468 1731 719 1809 prohibendum,
753 1747 796 1794 ne
822 1732 910 1795 tillus

105 1830 287 1892 advocatus
311 1831 370 1892 aut
394 1830 546 1893 minister
569 1832 641 1907 eJus
668 1830 777 1891 locum
801 1830 910 1909 ipsum

104 1929 156 1990 vel
169 1945 245 2006 quae
261 1928 302 1989 ad
319 1943 394 1989 eum
409 1928 576 2005 pertinent
591 1943 745 2004 gravare,
760 1945 820 1989 seu
836 1929 912 2006 qui-

104 2025 252 2087 buslibet
284 2026 513 2087 exactionibus
540 2024 681 2101 fatigare
709 2028 907 2103 praesumat3

105 2124 162 2185 sed
186 2123 230 2184 iis
254 2140 329 2201 quae
355 2123 537 2200 antiquitus
557 2124 588 2185 ei
603 2140 761 2185 concessa
786 2124 911 2186 suntet

104 2221 144 2281 ad
162 2225 235 2299 ejus
246 2222 412 2298 justitiam
432 2222 609 2298 pertinent,
630 2224 805 2284 contentus
818 2222 911 2283 exis-

103 2320 164 2380 tat.
195 2319 349 2380 Decimas
377 2334 507 2396 quoque
536 2319 578 2380 ad
605 2321 662 2396 jus
690 2319 909 2381 ecclesiarum

1 2411 2 2416 ’
103 2417 293 2478 vestrarum
314 2418 515 2494 spectantes,
542 2433 615 2495 quae
640 2416 736 2478 laicis
758 2417 911 2479 detinen-

103 2518 172 2587 tur,
190 2514 373 2576 redimendi
386 2516 420 2576 et
434 2514 599 2576 liberandi
621 2515 661 2575 de
683 2514 837 2576 manibus
852 2531 912 2577 eo-

105 2626 181 2673 rum
196 2612 230 2674 et
244 2612 286 2673 ad
301 2612 461 2674 ecclesias
476 2612 518 2673 ad
534 2628 617 2689 quas
632 2612 798 2691 pertinent
812 2629 911 2675 revo-

1 2691 2 2718 ³
105 2710 216 2782 candi,
235 2709 373 2771 liberam
399 2710 493 2771 vobis
512 2712 545 2772 et
559 2726 674 2771 earum
691 2711 909 2772 ecclesiarum

1 2859 2 2874 ,
106 2808 272 2870 ministris
294 2808 334 2869 de
349 2809 547 2870 auctoritate
562 2809 676 2871 nostra
698 2809 909 2871 concedimus

103 2908 311 2969 facultatem.

145 3005 364 3067 Prohibemus
376 3005 514 3082 insuper
529 3022 571 3067 ne
584 3005 713 3084 aliquos
729 3005 908 3067 interdicto

1 3095 2 3100 ’
104 3104 157 3164 vel
172 3104 539 3166 excommunicationis
553 3103 647 3165 vobis
658 3104 746 3182 juste
763 3103 909 3181 supposi-

105 3203 170 3273 tos,
199 3201 239 3262 ad
268 3200 414 3263 officium
442 3202 495 3263 vel
520 3202 785 3264 communionem
806 3202 908 3263 eccle·

1 3331 2 3340 ,
103 3299 274 3360 siasticam
301 3299 475 3377 quisquam
500 3299 650 3376 recipere
668 3300 740 3360 sine
759 3315 907 3376 congrua

1 3391 2 3398 ’
103 3396 332 3458 satisfactione
347 3398 536 3474 praesumat,
550 3397 615 3457 nisi
628 3398 712 3458 forte
723 3397 907 3473 periculum

102 3497 220 3556 mortis
236 3495 417 3566 immineat,
442 3495 478 3556 ut
497 3495 574 3556 dum
591 3496 802 3572 praesentiam
825 3511 906 3556 ves-

101 3598 189 3655 tram
204 3592 327 3653 habere
342 3593 575 3669 nequiverunt,
595 3593 771 3670 paralium
787 3609 908 3654 secuu-

103 3692 181 3751 dum
205 3690 344 3752 formam
372 3690 529 3752 Ecclesiae
562 3690 791 3752 satisfactione
820 3706 908 3767 prae-

1 3795 2 3800 ’
103 3791 206 3850 missa
222 3790 376 3866 oporteat
397 3788 536 3864 ligatum
551 3788 690 3850 absolvi.
703 3790 783 3848 Cum
795 3789 906 3850 autem

101 3887 261 3964 generale
289 3886 502 3947 interdictum
528 3886 626 3948 terrae
660 3886 771 3958 fuerit,
807 3886 908 3948 liceat

102 3985 197 4047 robis
216 3985 341 4046 clausis
359 3984 485 4062 januis
504 3984 649 4045 exclusis
672 3985 905 4063 excommuni-

102 4085 183 4146 catis
207 4086 241 4145 et
263 4082 460 4153 interdictis,
487 4098 554 4143 non
568 4082 707 4159 pulsatis
721 4083 902 4159 campanis,

102 4196 280 4259 suppressa
312 4195 405 4250 voce,
434 4179 547 4240 divina
577 4178 686 4240 officia
722 4179 903 4240 celebrare.

1 4317 2 4320 =
103 4281 138 4339 lu
164 4278 415 4356 parochialibus
443 4277 471 4337 si
483 4276 619 4354 quidem
643 4276 794 4338 ecclesiis
823 4293 905 4355 quas

102 4374 230 4437 habetis
257 4375 359 4436 liceat
385 4374 479 4435 vobis
502 4373 692 4452 sacerdotes
718 4373 842 4449 eligere
873 4375 905 4435 et

102 4473 292 4534 dioecesano
326 4472 480 4548 episcopo
513 4471 736 4547 praesentare,
767 4471 901 4549 quibus,

101 4571 129 4631 si
145 4571 258 4632 idonei
284 4569 419 4641 fuerint,
447 4568 620 4646 episcopus
638 4584 753 4629 curam
773 4568 904 4629 anima-

100 4685 172 4729 rum
201 4667 402 4742 comnrittat3
439 4666 485 4727 ita
521 4666 653 4744 quidem
679 4666 763 4743 quod
798 4666 829 4726 ei
862 4667 902 4728 de

1 4805 2 4856 3
101 4764 342 4843 spiritualibus,
358 4763 452 4825 vobis
468 4765 577 4825 autern
593 4763 633 4824 de
650 4763 899 4839 temporalibus,

101 4863 240 4925 debeant
262 4861 476 4939 respondere.
507 4860 657 4922 chrisma
685 4877 776 4933 cero,
792 4862 901 4922 oleum

102 4962 264 5032 sanctum,
288 4959 556 5021 consecrationes
577 4959 743 5029 altarium,
767 4975 826 5020 seu
842 4959 902 5020 ba-

1 5093 2 5126 3
100 5058 283 5129 silicarum,
297 5057 524 5119 ordinationes
537 5057 774 5117 monachorum
787 5057 844 5134 qui
859 5058 900 5119 ad

99 5172 211 5217 sacros
236 5156 361 5217 fuerint
380 5154 514 5215 ordines
541 5154 756 5231 promovendi
777 5155 899 5216 adlue-

99 5270 219 5315 cesano
246 5253 435 5329 suscipietis
457 5254 623 5330 episcopo,
647 5252 823 5330 siquidem
843 5270 901 5314 ca-

97 5352 241 5412 tholicus
255 5350 371 5424 l'uerit3
386 5352 419 5411 et
431 5352 573 5426 gratiam
587 5352 621 5412 et
633 5350 898 5412 communionem

98 5450 320 5510 sacrosanctae
341 5452 499 5509 Romanae
514 5447 607 5509 Sedis
628 5448 791 5520 habuerit,
813 5451 845 5511 et
859 5465 898 5510 ea

1 5603 2 5618 ,
98 5546 896 5623 vobisvolueritsiuepravitatealiquaexhibere.

1 5625 2 5686 Ῑ
98 5645 253 5723 Alioquin
270 5643 311 5705 ad
325 5660 564 5721 quemcumque
585 5645 769 5706 malueritis
783 5644 899 5706 catho-

98 5740 197 5807 licum
222 5742 405 5804 antistitem
421 5741 616 5815 recurratis,
629 5743 685 5821 qui
701 5744 813 5804 nostra
828 5741 897 5804 fre-

747 395 977 459 EPISTOLAE.
1000 396 1079 456 LIB.
1103 395 1127 456 Ι.

1706 343 1765 457 aa

964 560 1017 618 tus
1041 554 1249 627 auctoritate,
1276 552 1369 615 robis
1390 552 1476 633 quod
1500 553 1687 633 postulatur
1707 552 1764 615 in-

964 652 1108 730 dulgeat.
1133 653 1280 731 siquem
1303 668 1382 714 vero
1395 653 1585 730 episcopum
1605 655 1764 714 Romanae

966 751 1060 812 Sedis
1082 752 1346 813 communionem
1369 750 1544 812 habentem
1573 754 1606 811 et
1634 750 1674 810 de
1698 765 1763 827 quo

964 849 1095 926 plenam
1113 848 1296 911 habueritis
1308 848 1459 910 notitiam
1475 864 1533 925 per
1547 864 1606 909 vos
1617 848 1763 909 transire

965 948 1153 1023 contigerit,
1167 946 1209 1007 ab
1230 947 1289 1007 illo
1304 945 1544 1008 benedictionis
1561 961 1716 1006 rasorum
1732 946 1765 1006 et

964 1045 1580 1106 vestrorumconsecrationisaltarium
1591 1045 1623 1105 et
1633 1042 1765 1103 ordina·

964 1142 1071 1204 tiones
1086 1144 1326 1205 monachorum
1342 1142 1538 1205 auctoritate
1552 1142 1646 1203 Sedis
1658 1144 1765 1218 Apos-

964 1242 1072 1302 tolicae
1088 1242 1238 1319 recipere
1250 1242 1402 1304 valeatis.

1004 1340 1171 1401 Praeterea
1182 1340 1309 1402 licitum
1324 1340 1368 1401 sit
1388 1340 1482 1401 vobis
1498 1340 1533 1400 in
1555 1337 1665 1400 causis
1687 1352 1766 1398 ves·

965 1437 1025 1498 tris
1053 1437 1207 1498 civilibus
1240 1437 1360 1500 fratres
1392 1437 1522 1499 vestros
1554 1435 1691 1497 idoneos
1722 1432 1763 1494 ad

965 1534 1207 1596 testificandum
1222 1536 1396 1608 adducere,
1413 1536 1511 1613 atque
1526 1536 1674 1612 ipsorum
1695 1532 1765 1593 tes·

965 1633 1103 1694 timonio
1122 1634 1207 1695 sicut
1225 1636 1352 1696 rectum
1381 1633 1481 1695 luerit
1507 1633 1540 1694 et
1567 1630 1764 1709 propulsare

964 1728 1122 1807 injuriam
1151 1734 1183 1792 et
1207 1731 1374 1808 Justitiam
1402 1731 1585 1792 vindicare.
1613 1729 1661 1790 Ad
1691 1728 1763 1787 llaec

965 1827 1151 1905 adjicimus,
1173 1845 1214 1890 ue
1234 1828 1337 1906 aliqui
1362 1828 1518 1889 monachi
1538 1827 1592 1888 uel
1609 1824 1765 1888 conversi

965 1925 1025 1985 sub
1038 1926 1244 2003 professione
1258 1927 1375 1988 domus
1391 1929 1510 1989 vestrae
1526 1924 1676 1986 adstricti
1690 1923 1763 1983 sine

965 2039 1129 2085 consensu
1148 2024 1278 2086 abbatis
1301 2027 1333 2086 et
1347 2025 1485 2103 majoris
1503 2023 1609 2102 partis
1625 2020 1762 2099 capituli

965 2123 1068 2183 vestri
1090 2123 1277 2201 proaliquo
1298 2123 1509 2201 fidejubeant,
1525 2122 1578 2183 vel
1594 2120 1634 2181 ab
1650 2120 1762 2196 aliquo

965 2220 1139 2297 pecuniam
1165 2223 1278 2282 mutuo
1306 2221 1471 2298 accipiant
1500 2220 1587 2281 ultra
1619 2218 1763 2295 pretium

965 2319 1102 2395 capituli
1121 2319 1223 2381 vestri
1239 2319 1448 2396 providentia
1463 2318 1677 2380 constitutum
1694 2315 1761 2376 nisi

965 2417 1099 2494 propter
1125 2416 1334 2478 manifestam
1354 2417 1470 2478 domus
1488 2417 1609 2478 restrae
1636 2414 1764 2475 utilita-

964 2516 1042 2575 tem.
1068 2514 1160 2588 Quod
1188 2515 1217 2575 si
1239 2514 1348 2576 facere
1372 2513 1456 2575 forte
1477 2511 1761 2591 praesumpserint,

964 2628 1031 2673 non
1045 2613 1199 2674 teneatur
1214 2615 1396 2674 conventus
1411 2611 1536 2690 probis
1551 2610 1762 2688 aliquatenus

964 2710 1175 2786 respondere.
1202 2709 1249 2771 Ob
1271 2710 1425 2772 vitandas
1447 2725 1527 2771 vero
1550 2707 1762 2769 saecularium

963 2807 1264 2885 frequentationes,
1290 2808 1430 2869 liberum
1457 2808 1501 2870 sit
1529 2806 1634 2879 vobis,
1667 2806 1762 2866 salvo

959 2907 1036 2982 jure
1060 2906 1238 2968 dioecesani
1262 2905 1408 2983 episcopi
1433 2907 1466 2967 et
1491 2905 1640 2967 ecclesias
1662 2919 1764 2980 paro-

964 3003 1093 3075 chialis,
1119 3004 1266 3066 oratoria
1291 3006 1327 3065 in
1342 3003 1491 3081 grangiis
1511 3003 1631 3065 vestris
1655 2999 1778 3064 cons-'

963 3103 1085 3174 truere,
1098 3103 1130 3164 et
1145 3103 1179 3162 in
1195 3103 1289 3180 ipsis,
1304 3118 1379 3163 curn
1395 3118 1532 3163 necesse
1545 3100 1656 3171 fuerit,
1666 3099 1760 3161 vobis

963 3200 995 3261 et
1014 3199 1150 3261 familiae
1167 3202 1285 3263 vestrae
1308 3199 1422 3262 divina
1443 3199 1554 3262 officia
1578 3198 1759 3260 celebrare.

963 3299 1042 3358 Paci
1067 3315 1196 3377 quoque
1228 3301 1262 3361 et
1291 3298 1526 3376 tranquillitati
1557 3300 1677 3358 vestrae
1701 3312 1764 3372 pa-

961 3396 1056 3456 terna
1077 3397 1111 3456 in
1136 3397 1303 3473 posterum
1333 3396 1558 3457 sollicitudine
1587 3393 1762 3472 providere

961 3492 1122 3565 volentes
1139 3494 1318 3555 autoritate
1339 3490 1529 3570 apostolica
1548 3491 1761 3569 prohibemus

962 3590 1049 3651 infra
1076 3590 1249 3652 clausuras
1275 3591 1424 3652 locorum
1457 3606 1517 3651 seu
1544 3589 1761 3666 grangiarum

961 3689 1147 3749 vestrarum
1167 3688 1278 3749 nullus
1302 3689 1456 3765 rapinam
1481 3704 1540 3749 seu
1564 3684 1718 3748 furtumf
1740 3716 1760 3731 -

961 3801 1047 3857 cere,
1072 3786 1182 3861 ignem
1195 3802 1375 3863 apponere,
1395 3786 1592 3862 sanguinem
1608 3784 1757 3855 fundere,

961 3883 1128 3944 hominem
1142 3883 1267 3944 temere
1280 3898 1399 3960 capere
1415 3883 1466 3945 vel
1479 3882 1680 3953 interlicere,
1698 3896 1759 3942 seu

960 3982 1152 4042 violentiam
1182 3981 1303 4042 audeat
1330 3996 1498 4042 exercere.
1520 3980 1758 4041 constituimus

960 4081 1106 4157 insuper,
1124 4082 1160 4141 ut
1173 4079 1274 4140 abbas
1289 4080 1345 4157 qui
1356 4095 1415 4156 pro
1427 4079 1576 4155 tempore
1588 4077 1699 4150 fuerit,
1716 4078 1758 4140 ad

960 4177 1085 4237 nullius
1100 4177 1342 4255 archiepiscopi
1357 4177 1411 4238 vel
1430 4176 1575 4254 episcopi
1596 4176 1759 4254 synodum

960 4291 1020 4334 seu
1041 4277 1251 4347 conventum,
1273 4276 1339 4336 nisi
1359 4277 1487 4337 tanturn
1506 4275 1647 4337 Romani
1670 4277 1760 4336 Pon-

960 4372 1070 4444 tillcis,
1083 4374 1135 4434 vel
1146 4376 1219 4452 ejus
1230 4374 1342 4451 legati,
1356 4373 1515 4435 accedere
1526 4373 1756 4451 compellatur.

960 4471 1172 4547 sepulturam
1186 4488 1315 4549 quoque
1330 4472 1436 4549 ipsius
1452 4472 1516 4534 loci
1532 4471 1671 4532 liberam
1684 4488 1758 4532 esse

958 4568 1178 4642 decernimus,
1194 4570 1230 4631 ut
1246 4586 1360 4632 eorum
1372 4569 1539 4631 deuotioni
1552 4569 1585 4630 et
1599 4572 1757 4630 extremae

957 4667 1122 4729 voluntati
1137 4668 1194 4745 qui
1209 4684 1245 4728 se
1255 4668 1325 4728 illic
1338 4667 1472 4744 sepeliri
1484 4667 1754 4739 deliberaverint,

958 4765 1023 4825 nisi
1039 4764 1122 4826 forte
1138 4766 1415 4827 excommunicati
1429 4764 1481 4826 vel
1497 4764 1664 4825 interdicti
1677 4765 1754 4836 sint,

958 4863 1069 4922 nullus
1083 4861 1232 4934 obsistat,
1250 4863 1466 4924 salvatamen
1477 4860 1608 4939 justitia
1621 4861 1756 4924 illarum

957 4960 1212 5021 ecclesiaruma
1237 4959 1356 5038 quibus
1384 4961 1589 5020 mortuorum
1616 4975 1757 5037 corpora

956 5057 1182 5118 assumuntur.
1196 5057 1345 5119 Obeunte
1357 5072 1437 5118 uero
1448 5058 1491 5129 te,
1506 5072 1593 5118 nunc
1607 5057 1756 5134 eiusdem

955 5154 1020 5215 loci
1042 5153 1170 5228 abbate,
1191 5155 1391 5216 veltuorum
1413 5154 1559 5232 quolibet
1582 5171 1758 5216 successo-

955 5268 1039 5326 rum,
1065 5253 1177 5313 nullus
1205 5253 1252 5313 ibi
1276 5252 1422 5330 qualibet
1450 5252 1672 5330 subreptionis
1694 5268 1754 5313 as-

954 5350 1037 5412 tutia
1057 5366 1117 5411 seu
1138 5350 1297 5412 uiolentia
1320 5353 1543 5429 praeponatur,
1569 5349 1636 5409 nisi
1658 5365 1755 5426 quem

955 5447 1074 5509 fratres
1090 5448 1256 5510 communi
1269 5465 1435 5518 consensu
1451 5448 1504 5510 rel
1516 5447 1654 5509 fratrum
1677 5463 1755 5523 pars

954 5547 1090 5624 majoris
1104 5548 1137 5609 et
1152 5547 1295 5609 sanioris
1315 5546 1447 5608 consilii
1458 5545 1637 5607 secundum
1651 5548 1753 5607 Deum

953 5645 987 5705 et
1004 5644 1092 5706 beati
1107 5645 1277 5708 Benedicti
1294 5644 1443 5722 regulam
1466 5643 1672 5727 prociderint
1686 5645 1752 5709 eli-

951 5742 1110 5818 gendum.
