3982 6196
756 342 984 402 EPISTOLAE.
1009 343 1086 402 LIB.
1111 343 1151 401 ΙΙ.

419 530 631 618 CXXXVII

259 682 313 739 Ad
331 679 519 751 capitulum
538 676 788 738 Placentinum.

424 808 457 866 IX
472 806 527 865 leb.
546 806 625 865 itii.

162 934 275 1002 [Campb
289 934 355 986 llisl.
368 932 512 984 Ecclesiast.
524 932 551 982 di
562 931 693 989 Piacenra
705 937 725 981 t.
735 931 767 989 Il,
778 945 804 995 p.
818 929 885 994 lii.]

125 1051 275 1126 Significat
295 1063 328 1107 so
349 1048 441 1106 electo
463 1047 628 1105 Placentino
648 1045 770 1119 propriis
792 1043 925 1101 manibus

157 1153 263 1197 munus
279 1136 504 1195 consecrationis
518 1132 695 1207 impendisse
701 1148 710 1203 ;
731 1131 849 1190 mandat
869 1131 923 1200 eis,

160 1235 190 1286 ut
200 1228 241 1284 illi
256 1240 333 1285 nuuc
344 1228 480 1299 episcopo
493 1223 683 1281 reverentiam
694 1228 723 1278 et
732 1220 924 1278 obedientiam

160 1315 340 1389 impendant.

166 1415 337 1477 Honorius
352 1413 668 1491 episcopusservus
683 1424 855 1471 servorum
866 1406 925 1468 Dei

127 1513 258 1574 dilectis
271 1511 351 1572 tiliis
366 1511 511 1587 capitulo
522 1507 727 1579 Placentino,
741 1505 926 1567 salutemet

127 1610 345 1688 apostolicam
360 1608 636 1670 benedictionem.

165 1708 363 1770 Venientem
376 1704 649 1783 adapostolicam
662 1702 780 1764 sedem
789 1715 927 1763 venera·

127 1806 228 1866 bilem
243 1805 381 1866 fratrem
400 1803 561 1874 nostrum,
578 1801 767 1879 episcopum
781 1798 925 1859 Placen-

128 1904 248 1974 tinum,
264 1903 344 1963 tunc
358 1901 510 1972 electum,
527 1899 670 1974 benigne
684 1895 880 1973 recepimus,
895 1895 928 1954 et

127 2001 158 2062 ei
172 1999 320 2079 propriis
339 1998 494 2060 manibus
513 2012 650 2057 munere
665 1991 926 2056 consecrationis

126 2099 291 2176 impenso,
310 2097 418 2173 ipsum
434 2094 475 2156 ad
495 2111 555 2156 vos
577 2110 652 2155 cum
671 2092 785 2154 lavore
805 2091 927 2151 nostrae

126 2195 245 2272 gratim
261 2194 479 2255 remittentes.
498 2189 715 2254 UniversItati
732 2190 853 2250 vestrae
868 2202 929 2263 per

127 2292 318 2371 Apostolica
334 2290 458 2367 scripta
477 2288 683 2360 mandamus,
700 2288 863 2364 quatenus
878 2284 929 2345 ei·

128 2391 201 2452 dem
214 2392 375 2466 tanquam
391 2385 516 2464 pastori
532 2386 644 2447 vestro
658 2381 858 2460 impendatis
873 2395 930 2440 re-

127 2488 315 2549 verentiam
324 2486 356 2548 et
363 2483 586 2546 obedientlam
593 2482 661 2544 tam
667 2480 821 2552 debitam,
830 2493 928 2557 quam

130 2583 297 2645 devotam.

169 2681 291 2742 Datum
307 2677 497 2740 Laterani2
511 2676 555 2737 id.
573 2674 745 2746 februarii,
759 2673 930 2750 pontillca·

128 2776 182 2839 tus
197 2774 306 2838 nostri
320 2791 408 2836 anuo
424 2771 580 2835 secunde.

414 2949 647 3038 CXXXVIII

142 3099 195 3157 Ad
207 3098 492 3171 Aradeguoensem
505 3095 701 3167 episcopum
716 3090 748 3152 et
763 3089 918 3151 abietem

391 3193 665 3267 Buruoltenscm.

436 3320 469 3378 13
478 3319 532 3377 rob.
546 3318 625 3377 itia.

223 3438 362 3503 [bouquet.
378 3434 479 3487 Recueil
489 3433 533 3484 des
547 3432 608 3484 hist.
624 3438 645 3482 t.
656 3431 725 3494 XIX,
741 3447 768 3496 p.
778 3431 838 3489 ism

340 3518 449 3579 Regost,
460 3513 506 3564 lib.
519 3514 551 3574 ss,
563 3513 637 3577 epist.
648 3511 715 3579 disq

131 3623 363 3684 Recrudescente
385 3622 469 3679 tertio
492 3620 537 3677 vel
560 3626 753 3692 quartaque
774 3616 933 3675 innocentii

167 3722 298 3786 ternpore
312 3718 409 3769 exorta
423 3717 484 3768 erat
498 3710 572 3767 inter
585 3706 827 3779 burdegalensem
844 3720 877 3762 ac
893 3705 935 3762 Bt·

166 3805 341 3861 turicensem
356 3799 599 3872 archiepiscopos,
614 3794 810 3855 controversia
822 3792 857 3851 de
875 3794 932 3865 pri·

168 3899 265 3949 matus
283 3891 347 3964 jure
368 3889 398 3946 in
422 3895 573 3960 utrumque
596 3884 795 3957 Aquitanicam
817 3882 932 3955 provin·

167 3980 255 4049 ciam,
267 3993 359 4036 novos
374 3977 517 4035 Honorius
529 3976 595 4032 illue
606 3989 658 4031 eos
670 3972 786 4045 delegat
794 3970 914 4045 judiees.

172 4114 341 4176 Honorius
366 4112 597 4189 episcopus...,
625 4106 811 4169 venerabili
839 4104 934 4167 fratri

1716 348 1775 406 638

977 500 1065 561 idem
1089 498 1372 579 arehiepIscopus,
1398 517 1510 579 quum,
1534 504 1778 580 propterman-

978 596 1089 658 datum
1103 598 1181 660 dicti
1194 598 1449 676 praedecessorIs
1462 600 1567 662 nostri
1581 601 1666 679 quod
1678 617 1778 679 super

978 695 1119 757 diversis
1143 695 1285 772 negotiis
1314 699 1528 759 emanaverat
1546 699 1587 759 ad
1610 700 1775 772 eumdem,

978 791 1206 868 multipliciter
1216 793 1406 869 occupatae,
1421 794 1527 870 ipsius
1538 810 1573 855 se
1588 810 1655 856 non
1665 798 1777 873 posset

979 888 1169 965 conspectui
1195 892 1408 966 praesentare,
1438 893 1669 968 procuratores
1700 908 1777 953 suos

979 985 1137 1047 absentiae
1153 1003 1273 1048 causas
1290 989 1323 1049 et
1336 987 1421 1049 alias
1445 990 1658 1066 exceptiones
1674 991 1779 1051 ratio-

980 1083 1315 1161 nabilesallegaturos
1324 1086 1430 1162 ipsius
1441 1086 1481 1148 ad
1490 1087 1637 1165 ejusdem
1649 1086 1778 1149 abbatis

979 1180 1191 1257 praesentIam
1206 1182 1384 1245 destInavit
1395 1203 1403 1242 ε
1416 1183 1482 1261 qui,
1492 1200 1534 1245 ex
1544 1200 1584 1245 eo
1597 1183 1778 1246 sentientes

980 1278 1103 1339 dictum
1138 1279 1426 1357 archiepiscopum
1457 1279 1499 1342 ab
1527 1281 1643 1343 eodem
1665 1282 1778 1361 judice

980 1377 1168 1452 aggravari,
1183 1378 1280 1455 quod,
1292 1393 1366 1438 cum
1377 1379 1482 1439 morte
1492 1378 1696 1441 mandatoris
1708 1383 1778 1457 jem

980 1473 1182 1549 exspirasset
1199 1474 1402 1548 mandatum,
1427 1476 1462 1537 in
1482 1491 1583 1537 eausa
1599 1477 1672 1553 ipsa
1685 1476 1780 1537 testi-

980 1570 1081 1633 nabat
1095 1571 1285 1649 procedere,
1302 1573 1345 1641 et,
1360 1573 1401 1634 ad
1416 1572 1490 1634 loca
1505 1590 1571 1636 non
1586 1574 1656 1636 tuta
1672 1575 1779 1636 citans

981 1667 1142 1740 eumdem,
1158 1668 1266 1730 locum
1276 1670 1316 1730 ad
1330 1686 1427 1747 quem
1438 1687 1554 1733 secure
1565 1671 1677 1749 posset
1689 1687 1781 1732 acee-

981 1765 1070 1837 dere,
1088 1764 1151 1826 sibi
1165 1766 1290 1828 volenti
1305 1767 1345 1829 de
1360 1768 1542 1846 praemissis
1557 1769 1689 1846 plenius
1700 1768 1781 1830 odo-

982 1877 1076 1934 cere,
1106 1863 1279 1939 assignare
1307 1863 1460 1937 nolebat,
1491 1864 1525 1924 in
1563 1865 1674 1926 multIs
1703 1864 1780 1925 alite

982 1959 1129 2022 mandati
1148 1960 1232 2022 tinas
1245 1961 1421 2031 excedens,
1434 1962 1540 2039 ipsius
1557 1962 1692 2023 nomine
1708 1976 1782 2023 nos·

981 2058 1067 2119 tram
1082 2057 1286 2120 audientiam
1305 2059 1525 2136 appellarunt.

1023 2155 1165 2232 Ideoque
1197 2158 1316 2217 vestrm
1352 2172 1412 2234 per
1438 2156 1628 2233 apostolica
1657 2157 1781 2233 scripta

982 2252 1189 2324 mandamus,
1202 2256 1376 2329 quatenus,
1392 2253 1420 2315 si
1436 2252 1487 2315 est
1500 2254 1558 2326 ita,
1575 2253 1731 2315 revocato
1746 2254 1781 2313 in

983 2351 1113 2412 irritum
1138 2350 1296 2429 quidquid
1321 2350 1516 2413 inveneritis
1533 2352 1606 2428 post
1627 2350 1781 2427 appella-

983 2448 1106 2511 tionem
1120 2447 1310 2525 bujusmodi
1323 2448 1521 2510 attentatum
1536 2449 1571 2509 in
1586 2448 1702 2509 eodem
1717 2463 1781 2508 ne-

983 2546 1084 2622 gotio,
1106 2546 1203 2623 juxta
1230 2544 1406 2624 praefatum
1431 2544 1511 2607 dicti
1529 2545 1783 2623 praedecessoris

985 2642 1089 2704 nostri
1112 2642 1314 2715 mandatum,
1331 2643 1554 2720 appellatione
1568 2643 1706 2714 remota,
1721 2658 1782 2703 ra-

983 2739 1074 2801 tione
1086 2740 1211 2816 praevia
1226 2739 1426 2817 procedatis.
1442 2739 1599 2817 Alioquin
1615 2741 1726 2816 partes
1742 2739 1783 2800 ad

985 2837 1108 2913 prioris
1120 2837 1244 2914 jndicis
1258 2837 1436 2899 remittatis
1448 2853 1600 2908 examen,
1617 2837 1785 2915 appellan-

985 2938 1050 2997 tem
1060 2934 1096 2995 in
1106 2935 1261 3011 expensis
1272 2934 1429 3010 legitimis
1438 2935 1705 3007 condemnantes,
1718 2950 1785 2995 non

986 3032 1137 3094 obstante
1166 3031 1402 3094 constitutione
1427 3032 1566 3094 concilii
1601 3031 1784 3107 generalla,

987 3145 1052 3206 qua
1067 3131 1204 3191 cavetur
1218 3143 1260 3189 ne
1276 3130 1351 3206 quis
1364 3130 1450 3191 ultra
1465 3129 1549 3191 duas
1562 3129 1678 3192 ditatas
1689 3133 1786 3192 extra

987 3241 1082 3286 suam
1104 3224 1273 3287 dioecesim
1295 3240 1354 3302 per
1373 3224 1500 3287 litteras
1515 3224 1723 3302 apostolicas
1744 3225 1786 3286 ad

983 3322 1147 3401 judicium
1161 3323 1250 3385 trahi
1272 3322 1386 3399 possit.
1403 3324 1522 3385 Datum
1537 3322 1704 3394 Laterani,
1718 3322 1787 3383 idi·

918 3468 923 3477 .
986 3420 1048 3481 bus
1071 3418 1243 3493 februarii,
1269 3420 1479 3497 pontificatus
1505 3420 1712 3482 nostriauno
1734 3436 1789 3482 se-

988 3517 1107 3579 cundo.

1292 3620 1483 3706 CXXXIX

988 3759 1041 3818 Ad
1053 3753 1209 3817 abbatem
1220 3757 1339 3815 Fossa
1356 3757 1468 3817 Novae
1480 3755 1513 3816 ei
1527 3753 1678 3828 fratrem
1691 3757 1790 3817 Hart-

1129 3853 1243 3911 rtcam
1264 3854 1419 3923 ejusdem
1431 3851 1648 3912 monasterti.

1292 3972 1326 4029 13
1338 3969 1394 4029 leb.
1408 3972 1486 4029 itte.

991 4080 1104 4144 [Legitur
1120 4078 1190 4144 apud
1204 4080 1344 4142 Maurique,
1361 4078 1455 4139 annal.
1469 4076 1584 4137 cisterc,
1595 4082 1615 4127 t.
1629 4077 1672 4136 lv,
1686 4091 1713 4141 p.
1723 4077 1790 4142 lta]

133 4212 291 4290 episcopo
326 4207 555 4285 andegavensi
576 4204 626 4286 (a)
656 4207 689 4266 et
714 4204 834 4265 dilecto
866 4202 935 4263 [1110
990 4188 1073 4249 lubet
1097 4186 1330 4245 informationem
1355 4185 1417 4243 deri
1443 4186 1473 4243 in
1501 4185 1676 4243 monasterio
1696 4185 1792 4241 Sancti

133 4309 247 4371 abbati
263 4308 303 4368 de
318 4306 476 4383 Burgolio
494 4302 553 4386 (b),
581 4302 830 4379 andegavensis
853 4300 938 4360 dioe-
1027 4275 1171 4335 L⁸¹¹f0¹¹¹II
1186 4274 1226 4377 ἅθ’
1236 4276 1345 4332 Alma
1359 4290 1444 4348 iulet
1461 4281 1536 4333 ῦῑθῑΰ
1551 4283 1610 4333 tim
1626 4273 1792 4331 monasterii

134 4408 232 4479 cesis,
257 4405 408 4465 salutem.
1027 4380 1114 4439 quom
1134 4363 1253 4422 abbans.

173 4501 389 4566 'transmissa
405 4498 500 4560 nobis
514 4496 715 4560 venerabilis
731 4495 844 4557 fratris
864 4510 937 4554 nos·
1032 4485 1076 4543 M.
1089 4481 1305 4544 abbessancti
1315 4480 1537 4543 Laurentiide
1548 4487 1685 4554 Aversa,
1698 4482 1793 4558 qnasi

132 4603 178 4664 ¹¹⁰1
203 4597 462 4675 Burdegalensis
487 4593 732 4671 archiepiscopi
749 4590 795 4672 (c)
825 4591 939 4668 queri·
991 4580 1098 4642 brutis
1109 4579 1248 4651 brndor,
1272 4594 1308 4640 se
1329 4579 1438 4655 ipsum
1465 4577 1796 4654 nominereeognos·

134 4699 249 4761 monia
265 4695 458 4767 declaravit,
478 4692 575 4772 quod,
593 4708 667 4752 cum
685 4689 792 4751 felicis
808 4704 937 4749 memo·
993 4681 1093 4749 ceret,
1109 4678 1187 4738 dum
1202 4676 1290 4738 totus
1310 4675 1501 4744 dissolutus,
1519 4674 1585 4734 imo
1600 4674 1794 4751 liquatusnin

135 4799 196 4858 rim
214 4799 239 4857 Ι.
263 4793 313 4874 (d)
337 4796 428 4869 Papa
451 4791 678 4869 praedecessor
700 4789 812 4848 noster
826 4785 938 4847 abbati
994 4773 1282 4850 carnisoperibuS,
1297 4770 1795 4879 etquodammodosuperiorem

134 4893 278 4972 Majoris
303 4890 497 4952 monasterii
526 4885 729 4949 TurouensIs
758 4884 827 4944 suis
860 4884 939 4944 olim
993 4876 1061 4935 vim
1075 4872 1228 4943 rationis,
1241 4886 1314 4946 quae
1325 4885 1386 4930 nec
1397 4869 1496 4930 etiam
1510 4884 1545 4928 1n
1556 4868 1637 4929 cain
1648 4869 1795 4931 extincta

136 4988 451 5053 dedissetlitterisin
464 4985 628 5047 mandatis
643 4982 785 5044 uttestes
801 4996 897 5042 senes
908 4982 940 5041 et
995 4971 1115 5042 extitit,
1132 4986 1151 5030 a
1174 4985 1210 5029 se
1229 4967 1399 5037 abdicans,
1416 4965 1680 5027 abominationes
1695 4967 1797 5027 innu-

136 5085 401 5151 valetudinarios
410 5080 701 5162 quosvenerabilis
714 5079 818 5140 irater
829 5078 941 5138 noster
995 5063 1796 5145 merasperpetraret,indomoDomiuiscelerata

136 5183 358 5249 Bituricensis
384 5180 655 5258 archiepiscopus
668 5175 715 5257 (e)
741 5175 843 5238 vellet
863 5190 942 5252 pro-
996 5167 1099 5228 multe
1114 5165 1250 5236 faciem,
1267 5178 1340 5240 quae
1353 5177 1415 5245 nec
1435 5162 1507 5223 sine
1529 5161 1795 5240 pudorereierri,

137 5286 262 5345 ducere
286 5282 401 5341 contra
434 5278 546 5348 istum,
578 5275 626 5336 sic
654 5274 828 5351 reciperet,
855 5271 941 5350 quod
997 5281 1058 5326 nec
1081 5263 1153 5324 sine
1172 5262 1312 5323 horrore
1331 5270 1468 5337 possent
1488 5257 1704 5338 audir1(nam
1726 5259 1797 5321 haec

137 5381 225 5444 nulli
251 5378 347 5440 fleret
370 5374 600 5454 praejndicium
627 5372 680 5434 vel
697 5386 889 5447 gravamen,
911 5372 944 5430 et
998 5363 1075 5423 sunt
1084 5362 1158 5439 ipsa
1167 5359 1270 5421 verba
1280 5358 1400 5419 summi
1411 5354 1608 5434 pontilicis).
1621 5359 1686 5418 Per
1697 5361 1799 5434 Apos-

138 5475 349 5541 idemabbas
374 5474 471 5534 unico
496 5471 605 5533 edicto
630 5467 941 5539 citasseteumdem,
997 5460 1097 5522 tolica
1126 5457 1249 5535 scripta
1279 5455 1393 5529 stricte
1428 5454 1608 5527 mandavit,
1635 5455 1734 5532 atque
1764 5455 1799 5515 iu

176 5609 384 5683 (otduillelmo
408 5604 445 5663 de
473 5604 661 5662 Bellomonte.
710 5672 717 5685 ι

181 5683 220 5755 (o)
237 5682 332 5737 lnce.
364 5676 402 5749 (c)
420 5675 562 5735 duillelmi
577 5676 728 5731 Amanevr.
826 5761 831 5770 ¹

1037 5590 1079 5664 (l)
1096 5590 1291 5649 Innocentius.

1038 5667 1075 5739 (e)
1090 5661 1226 5720 Girardue
1237 5659 1273 5717 de
1288 5660 1366 5718 Cros.
