3968 6204
138 296 173 356 13
444 295 487 354 11.
504 293 602 355 -ΙΝ
620 294 915 355 PURIFICATION
920 293 945 354 E
965 293 1118 353 BEATAE
1138 293 1327 353 VIRGINiS
1343 294 1494 353 MARIAE
1756 291 1794 349 il

138 451 259 531 templi,
284 451 348 529 qui
367 452 471 514 simul
488 453 599 531 juncti
621 454 697 515 sunt
723 453 942 531 quadraginta
997 468 1095 525 mam,
1113 468 1185 529 quae
1201 453 1341 529 suscipit
1360 467 1485 524 semen,
1502 450 1598 523 idest,
1615 450 1794 525 diligenter

140 553 224 625 dies3
248 554 284 612 et
300 551 360 613 isti
381 551 454 613 dies
472 551 668 614 dicebantur
684 551 755 613 dies
771 552 943 628 purgatio·
997 550 1090 611 audit
1103 549 1239 611 verbum
1259 551 1329 611 Dei.
1354 552 1474 611 Semen
1495 551 1545 611 est
1563 547 1791 620 rerbane13

139 651 198 721 uis,
215 649 307 726 qnod
333 650 370 709 in
395 651 445 710 eis
469 651 675 726 purgabatur
694 651 849 710 muliera
865 667 944 726 pre·-
997 647 1119 707 benum
1131 649 1181 708 est
1195 649 1283 707 enim
1295 648 1410 708 andire
1421 647 1557 708 verbum
1570 646 1640 713 Dei,
1658 645 1795 705 sedme-

139 747 239 809 tlurio
279 748 460 823 sanguinis
500 750 564 809 sui.
602 750 637 809 Si
668 764 747 811 vero
785 748 942 808 feminam
996 745 1062 804 lius
1086 747 1136 806 est
1159 746 1301 821 operari,
1328 747 1413 823 quod
1434 762 1499 805 non
1519 745 1688 805 auditores
1710 742 1794 817 legis

139 845 343 922 peperisset,
373 845 546 907 immunda
574 846 661 906 esset
694 845 942 922 quatuordecim
993 844 1076 919 jusu
1098 844 1174 904 sunt
1198 844 1286 918 apud
1312 846 1426 915 Deum,
1456 843 1513 903 sed
1540 842 1683 903 tectores
1709 839 1793 915 legis

140 942 265 1013 diebus,
288 943 344 1002 rel
365 943 493 1004 duabus
505 943 775 1015 hebdomadibus
796 946 829 1004 et
844 968 849 981 =
862 961 944 1004 era·
993 941 1274 1016 Justificabuntnr.

138 1040 228 1116 ginta
245 1055 310 1101 sex
324 1040 442 1101 diebus
458 1046 608 1103 maneret
620 1043 654 1101 in
668 1043 830 1117 sanguine
845 1042 941 1118 pnri-
1036 1039 1113 1097 Triu
1143 1038 1309 1114 principue
1343 1038 1490 1098 cavenda
1524 1038 1610 1107 snnt,
1637 1053 1710 1097 cnm
1740 1051 1794 1095 res
1854 1070 1858 1077 ·

139 1138 308 1198 ticauouis
319 1154 403 1198 suae.
414 1142 494 1198 Cum
508 1139 618 1200 essent
628 1141 752 1215 expleti
765 1141 835 1201 dies
846 1139 941 1215 puri·
997 1135 1101 1209 exigit
1124 1137 1160 1196 ut
1188 1135 1326 1195 verbum
1352 1136 1411 1195 Dei
1438 1134 1637 1211 proteratur,
1666 1150 1708 1194 ne
1736 1135 1795 1194 ant

139 1235 308 1297 ficationis
319 1239 405 1313 ejm,
418 1253 478 1313 pro
489 1237 558 1298 tilio
569 1239 640 1299 sive
652 1254 713 1314 pro
724 1238 793 1298 lilia
804 1238 943 1299 debebat
997 1233 1117 1308 tepide,
1131 1234 1189 1294 aut
1198 1233 1336 1309 trepide,
1349 1235 1406 1294 ant
1420 1233 1583 1294 invidiose
1599 1232 1792 1293 retineatur.

138 1348 283 1409 puerum
312 1334 517 1409 praesentare
545 1335 581 1394 in
608 1335 741 1411 temple,
765 1335 798 1397 et
821 1336 941 1395 efferre
996 1333 1021 1390 T
1024 1331 1118 1406 epide
1142 1330 1182 1391 de
1206 1330 1413 1392 auditoribus
1438 1331 1636 1401 distidenteS,
1666 1329 1795 1405 trepide

139 1445 264 1505 agnum
280 1431 318 1490 in
333 1430 566 1492 holocaustum
587 1433 619 1494 et
639 1433 765 1508 pullum
781 1432 942 1494 columbae
997 1427 1272 1489 irrationabiliter
1291 1428 1457 1496 timentes,
1473 1428 1637 1488 invidiose
1657 1426 1794 1486 fratrent

139 1527 192 1589 rel
207 1528 378 1589 turturem
398 1545 457 1605 pro
473 1531 620 1604 peccato.
642 1531 676 1591 Si
692 1532 802 1592 autem
818 1546 944 1607 pauper
998 1542 1063 1585 ner]
1093 1528 1252 1587 amantes.
1285 1527 1321 1585 ln
1348 1526 1454 1602 primo
1480 1524 1566 1597 ndei,
1593 1524 1793 1584 insecundo

140 1626 222 1697 erat,
239 1628 275 1686 et
291 1640 359 1685 non
374 1628 504 1702 peterat
518 1642 639 1703 agnum
654 1628 787 1701 afferre,
805 1628 943 1690 debebat
998 1624 1079 1699 spei,
1096 1624 1132 1683 in
1147 1624 1244 1684 tertio
1259 1624 1432 1685 charitatis
1446 1623 1593 1685 detectus
1609 1623 1795 1698 deprehen-

140 1723 265 1783 efferre
287 1722 372 1783 duos
395 1724 503 1799 pullos
523 1725 760 1798 columbarum,
784 1729 842 1788 ant
860 1727 942 1788 duas
998 1722 1096 1782 ditur.
1114 1722 1236 1783 Iterum
1248 1722 1312 1782 tria
1329 1723 1475 1783 cavenda
1489 1725 1576 1792 sunt,
1592 1739 1633 1783 ne
1648 1723 1792 1791 incante,

140 1822 301 1881 tortines.
328 1822 442 1882 Primo
467 1822 637 1884 sciendum
662 1824 816 1900 estquod
840 1827 942 1885 Beate
997 1836 1038 1878 ne
1059 1822 1194 1892 temere,
1211 1836 1253 1879 ne
1276 1820 1450 1881 ambitiose
1467 1821 1576 1881 oleum
1592 1820 1792 1880 effundatur.

140 1919 243 1993 virgo
254 1920 438 1982 Marianon
447 1921 621 1983 tenebatur
631 1922 942 1995 subtstalege.enn
998 1918 1132 1979 incaute
1147 1934 1189 1977 ne
1211 1918 1361 1978 sanctum
1384 1919 1480 1978 detur
1502 1918 1651 1989 curribus,
1670 1922 1794 1978 temere

142 2015 942 2094 eninrlexdicat:Mutierquoesusceptoselntne
997 2015 1136 2076 nt’ddei
1162 2017 1296 2091 regulas
1322 2033 1364 2077 ne
1391 2018 1529 2077 excellat
1556 2018 1611 2093 qni
1636 2016 1793 2093 loquitur,

139 2117 322 2187 pepererit
338 2123 542 2187 inescatum,
560 2120 791 2193 pueerepnnn
811 2122 885 2178 dies
901 2122 942 2179 ud
997 2113 1172 2173 ambitiose
1186 2129 1227 2173 ne
1241 2116 1367 2188 ‹tllaerat
1383 2130 1455 2189 qum
1469 2130 1529 2173 sua
1545 2114 1704 2181 suntsed
1720 2130 1793 2190 quae

141 2214 306 2287 inpressu
341 2214 456 2287 tempti
490 2215 661 2275 abstineut
685 2214 777 2293 (Ler.
808 2232 873 2287 nn,
894 2216 939 2294 2).
995 2214 1075 2271 lesu
1094 2210 1228 2269 Clrristi.
1253 2212 1382 2269 Rursus
1403 2210 1550 2270 cavenda
1566 2210 1643 2270 sunt
1658 2211 1733 2280 tria,
1752 2226 1794 2270 ne

141 2310 241 2369 Beata
257 2309 368 2370 Maria
388 2310 475 2386 quod
490 2327 557 2371 non
574 2314 719 2388 suscepit
736 2329 849 2374 semen
864 2313 939 2385 viri,
997 2307 1236 2383 intempestive,
1260 2322 1302 2366 ne
1319 2309 1591 2383 praesumptuose,
1608 2324 1651 2367 ne
1666 2308 1794 2368 infruc-

141 2406 199 2467 sed
215 2407 372 2483 concepit
387 2408 427 2468 de
448 2409 574 2485 Spiritu
590 2411 720 2481 Sancte,
738 2411 825 2472 sicut
836 2412 943 2487 scrip-
996 2408 1091 2467 tuose
1105 2405 1242 2466 verbum
1258 2405 1318 2465 Dei
1339 2405 1537 2481 proseratur.
1560 2406 1793 2481 Intempestive

143 2506 209 2565 tum
226 2505 304 2565 est:
325 2506 480 2579 Spiritus
497 2508 646 2569 suiectus
666 2510 888 2582 superveniet
904 2513 942 2569 iu
997 2505 1073 2565 ante
1097 2502 1322 2564 maturitatem
1340 2502 1489 2578 corporis
1506 2505 1539 2563 et
1554 2503 1689 2578 animae3
1707 2519 1795 2579 prac-

142 2602 184 2673 te,
219 2604 255 2663 et
284 2604 403 2664 virtus
436 2605 606 2666 Altissiini
635 2607 848 2668 obntnbrabtt
882 2606 942 2668 titt
997 2603 1198 2676 sumptuose,
1230 2599 1301 2659 sine
1331 2598 1459 2673 ostici03
1489 2598 1694 2661 infructuose
1721 2602 1793 2661 sine

142 2698 236 2777 (Luc.
251 2717 277 2771 1,
291 2699 359 2780 35).
373 2704 455 2763 Jure
469 2718 537 2764 non
549 2702 723 2765 tenebatur
735 2704 795 2765 sub
810 2705 894 2780 lege,
910 2707 942 2767 et
996 2698 1115 2774 gratia·
1153 2700 1246 2757 Bona
1272 2697 1323 2756 esi
1351 2696 1443 2767 fides,
1474 2697 1560 2773 quod
1596 2697 1683 2758 Sicut
1714 2698 1794 2760 dicit

143 2797 215 2859 ideo
228 2798 337 2860 Beata
353 2799 457 2874 Virgo
472 2800 590 2873 Maria,
606 2816 668 2862 nec
680 2803 852 2877 purganda
866 2803 939 2875 fuit,
995 2795 1172 2872 Apostolus
1186 2816 1193 2854 :
1206 2796 1419 2868 Iirtpossibttc
1433 2795 1568 2855 estsine
1578 2796 1644 2867 stete
1653 2801 1793 2868 placere

142 2909 202 2957 nec
228 2895 322 2957 filius
348 2896 548 2968 efferendus,
579 2899 657 2975 qnia
685 2899 780 2974 virgo
808 2900 941 2977 proprie
995 2898 1067 2955 Deo
1082 2892 1196 2972 (Hebr.
1213 2907 1260 2963 xr,
1279 2890 1323 2969 6).
1353 2891 1416 2953 Sed
1431 2892 1596 2952 modicum
1616 2893 1705 2953 valet
1721 2894 1794 2954 sine

142 3007 207 3052 nen
238 2992 365 3054 dicitur
397 2994 529 3066 mulier,
558 2996 652 3072 qnasi
678 3001 823 3071 mollier,
855 2999 941 3074 qnod
997 3007 1107 3068 opere,
1135 2990 1221 3066 quod
1242 2989 1327 3049 sient
1346 2988 1427 3051 dicit
1444 2989 1569 3052 Jacob:
1592 2994 1695 3052 Fides
1718 2995 1793 3052 stne

141 3089 318 3152 mollitiem
353 3092 466 3153 carnis
499 3108 566 3153 non
600 3094 715 3165 sensit,
752 3111 813 3155 nee
841 3096 942 3157 etiam
996 3089 1309 3162 operibusincrtne
1323 3088 1374 3147 est
1391 3086 1474 3166 (iac.
1491 3103 1527 3159 11,
1546 3086 1613 3166 26).

141 3202 255 3249 semen
270 3189 429 3265 suscepit,
447 3190 534 3266 qnod
552 3191 593 3252 de
611 3192 737 3267 Spiritu
757 3194 888 3265 Sancte,
906 3197 942 3254 ut
1036 3187 1100 3247 Ohl
1119 3186 1197 3262 quot
1212 3183 1290 3245 snut
1311 3184 1360 3244 illi
1378 3186 1436 3262 qui
1457 3186 1597 3247 audiunt
1611 3186 1644 3247 et
1670 3186 1794 3247 intelli-

141 3284 300 3358 dinimus,
329 3287 468 3364 accepit,
497 3289 529 3349 et
552 3289 626 3349 ideo
651 3305 718 3350 non
741 3290 856 3352 habirit
871 3291 941 3352 dies
996 3285 1078 3359 gunt
1087 3282 1189 3345 rerba
1199 3283 1269 3352 Dei,
1280 3283 1338 3342 sed
1353 3283 1393 3343 de
1405 3283 1447 3343 iis
1463 3284 1548 3343 ninii
1561 3284 1639 3345 boni
1650 3284 1790 3347 iaciunt!

140 3383 363 3460 purgationis,
380 3386 416 3447 ut
430 3386 629 3461 purgaretur
644 3402 664 3448 a
678 3387 842 3463 profluvio
858 3405 941 3449 sen·
996 3382 1035 3441 ut
1050 3382 1129 3456 quot
1143 3380 1220 3440 sunt
1237 3378 1286 3438 illi
1301 3380 1358 3455 qui
1378 3380 1518 3442 audiunt
1536 3381 1672 3443 verbum
1688 3383 1747 3443 Dei
1761 3387 1793 3445 et

140 3481 265 3555 guinis,
289 3481 349 3542 sed
368 3482 455 3544 sicut
476 3484 604 3560 peperit
619 3484 713 3545 salva
734 3486 939 3562 virginitate,
996 3477 1079 3538 bene
1090 3478 1264 3553 incipiunt,
1275 3478 1331 3538 sed
1346 3493 1412 3547 non
1422 3478 1506 3539 bene
1517 3481 1742 3555 perseverant,
1753 3481 1794 3541 de

141 3577 188 3639 ita
198 3580 388 3655 permansit
398 3580 524 3641 munda
535 3580 569 3642 et
580 3582 792 3645 immaculata
804 3599 942 3661 corpore
997 3575 1116 3652 quibus
1131 3576 1177 3637 ait
1198 3574 1357 3636 Dominus
1377 3575 1412 3635 in
1429 3577 1630 3651 Evangelio:
1648 3581 1735 3644 thin
1749 3582 1794 3639 ad

139 3691 178 3737 ac
190 3677 316 3737 mente.
998 3676 1131 3747 tenipus
1145 3673 1300 3743 credent,
1317 3675 1350 3733 et
1370 3677 1407 3734 in
1423 3674 1576 3748 ternpore
1594 3676 1794 3737 tentationis

180 3774 310 3834 Deinde
328 3774 501 3837 sciendum
522 3777 671 3854 estquod
692 3777 798 3853 legem
822 3795 941 3841 serva-
996 3771 1161 3833 recedunt
1176 3768 1270 3848 (Luc.
1284 3785 1359 3842 vm,
1376 3769 1444 3847 tell
1462 3772 1520 3832 lsti
1533 3772 1616 3831 tales
1629 3773 1794 3847 incipiunt

141 3871 198 3943 vii,
230 3888 307 3931 cum
332 3889 400 3934 11011
420 3874 509 3935 esset
529 3874 595 3949 legi
621 3875 770 3953 subjecta
796 3892 854 3953 pro
882 3895 942 3939 sua
997 3870 1106 3929 tacere
1117 3867 1260 3927 fructum
1275 3867 1408 3936 bonum,
1425 3867 1481 3926 sed
1492 3868 1557 3927 cito
1570 3871 1790 3942 marcescunt,

141 3968 342 4041 humilitate,
359 3987 402 4033 ne
415 3971 522 4047 legem
535 3973 745 4035 contemnere
760 3975 939 4047 videretur,
997 3967 1033 4026 ut
1047 3967 1123 4025 sunt
1136 3963 1186 4024 illi
1201 3964 1258 4040 qui
1273 3979 1347 4023 curn
1360 3964 1426 4025 sint
1441 3963 1606 4026 terrentes
1621 3966 1656 4026 in
1671 3967 1797 4044 princi·

141 4068 751 4145 qnodfiliuseiusnonreuitsolvere,
767 4073 943 4135 sedadim-
997 4064 1063 4140 PiO,
1095 4061 1284 4136 emergente
1312 4062 1425 4137 aliqua
1459 4062 1660 4125 adversitate
1696 4064 1794 4141 lllll'ssS

140 4164 234 4241 plere
259 4166 380 4241 legem,
407 4167 440 4227 et
462 4182 522 4242 pre
542 4168 768 4244 proximorum
793 4171 942 4232 aedtflca.
998 4160 1123 4231 saeculi,
1153 4158 1207 4221 rel
1235 4158 1417 4220 tentatione
1445 4159 1620 4233 diabolica,
1650 4162 1703 4223 rel
1728 4162 1796 4224 alia

139 4262 244 4334 tiene,
259 4263 347 4339 qued
363 4263 521 4324 utnosad
537 4264 758 4328 humilitatem
773 4268 940 4342 invitaret,
998 4259 1111 4335 afillua
1137 4255 1330 4318 diffissllltatss
1357 4257 1516 4320 deficiunt
1541 4258 1670 4321 ³b0110
1695 4275 1796 4337 opere

141 4360 381 4437 purgatissima
395 4363 498 4437 Virgo
511 4364 680 4439 purgatur,
694 4365 727 4425 id
743 4367 802 4437 est,
814 4381 854 4427 ea
869 4383 942 4443 quae
998 4358 1085 4435 quod
1113 4357 1322 4434 iuooeperunt
1344 4358 1376 4419 et
1404 4357 1573 4420 declinant
1594 4358 1636 4419 ad
1660 4360 1794 4421 malum.
1907 4384 1909 4389 ·

140 4457 182 4518 ad
206 4458 441 4534 purgationem
460 4460 626 4536 pertinent
645 4460 733 4534 fecit,
752 4463 789 4523 ut
809 4479 870 4523 nos
886 4464 943 4539 qui
998 4459 1044 4517 De
1060 4455 1178 4532 quibus
1198 4455 1339 4530 legitur:
1361 4456 1481 4517 Melius
1501 4457 1551 4516 est
1565 4457 1692 4517 homini
1707 4459 1797 4518 riam

141 4572 275 4634 semper
310 4557 545 4634 purgationem
578 4559 777 4634 indigemus,
813 4575 944 4636 semper
998 4553 1148 4616 veritatis
1165 4570 1232 4613 uon
1252 4568 1434 4629 agnoscere
1452 4555 1797 4630 qnampestagnitam

141 4670 336 4731 purgemur,
354 4654 431 4731 quia
442 4656 539 4731 juxta
553 4657 735 4717 ioannem:
754 4660 792 4718 St
809 4661 945 4719 eieceri-
998 4653 1150 4713 retroire.
1175 4651 1405 4727 scriptumest
1424 4651 1512 4711 enirn
1532 4651 1572 4712 de
1586 4651 1645 4712 illo
1660 4652 1695 4711 in
1713 4652 1796 4714 iob:

140 4769 219 4814 mus
237 4756 329 4827 quod
345 4753 527 4827 peceatum
540 4768 609 4815 iton
623 4757 797 4822 babemus,
813 4770 877 4816 tice
891 4759 945 4830 ip-
998 4751 1160 4811 Lcedettu·
1171 4753 1270 4822 ptiust
1282 4753 1384 4810 otiien
1401 4752 1437 4809 tn
1450 4752 1565 4822 prinis
1579 4749 1666 4819 tiore
1681 4751 1799 4811 botrus

140 4867 197 4915 sos
210 4854 421 4921 seducimus,
444 4851 479 4911 et
496 4853 629 4912 veritus
648 4854 683 4912 tn
698 4855 795 4914 liciis
809 4869 878 4914 non
893 4855 945 4915 est
1000 4851 1074 4920 ejus
1090 4845 1176 4925 (iob.
1193 4862 1251 4916 xv,
1268 4844 1334 4923 33).
1358 4846 1464 4904 Vinea
1487 4845 1619 4905 luditur
1633 4847 1668 4907 in
1691 4849 1798 4925 primo

144 4948 173 5027 (Ι
190 4953 290 5012 ioan.
307 4964 331 5021 1,
348 4948 393 5027 8).
424 4949 465 5009 nt
491 4947 553 5010 suit
577 4950 645 5010 tam
669 4967 796 5026 pauper
819 4955 855 5013 ut
878 4968 945 5012 nen
1000 4945 1093 5016 flore,
1108 4943 1237 5020 quoties
1251 4943 1401 5018 tangitur
1411 4942 1513 5002 nimio
1525 4942 1659 5019 frigore.
1677 4947 1800 5009 Eodem

144 5047 254 5124 posset
269 5047 393 5108 offerre
408 5062 543 5123 agnum,
558 5047 615 5107 sed
631 5047 750 5110 obtulit
762 5065 823 5124 par
837 5050 947 5111 turtu-
1001 5042 1097 5102 modo
1132 5040 1227 5101 multi
1263 5040 1419 5101 florentes
1447 5040 1543 5102 bonis
1573 5044 1728 5119 operibus
1763 5045 1799 5105 in

146 5160 220 5207 rum
233 5147 294 5207 aut
306 5145 391 5206 dnos
404 5144 514 5221 pullos
525 5144 762 5206 columbarum.
782 5147 845 5207 Sed
859 5148 945 5224 qnod
1001 5139 1175 5217 principio,
1191 5140 1372 5215 tanguntur
1383 5139 1519 5215 frigore,
1533 5140 1630 5213 idest,
1644 5142 1798 5203 aduersi-

144 5258 363 5321 quaecumqne
378 5242 504 5318 scripta
527 5243 614 5315 sunt,
635 5242 677 5303 ad
697 5245 845 5305 nostram
867 5245 946 5306 doc·
1001 5239 1079 5299 tate.
1097 5238 1155 5299 lsti
1170 5254 1237 5298 non
1253 5240 1331 5299 sunt
1345 5254 1508 5299 memores
1524 5239 1696 5313 Evangelii
1712 5239 1799 5314 qnod

142 5342 265 5403 ninam
280 5341 408 5417 scripta
421 5341 512 5407 sunt,
528 5339 685 5401 debemus
700 5341 765 5402 ista
778 5342 890 5403 onnia
904 5344 946 5403 au
1001 5336 1100 5398 dicit:
1117 5340 1196 5399 neon
1210 5340 1268 5410 rut
1283 5338 1474 5409 inceperit,
1491 5341 1551 5399 seu
1566 5341 1624 5409 qni
1635 5351 1801 5409 perseve-

142 5438 560 5502 aediflcationemnostram
571 5438 742 5498 moraliter
753 5439 944 5515 explanare.
1003 5437 1266 5508 reveritusque
1291 5439 1326 5495 tn
1358 5436 1474 5505 striern,
1509 5438 1563 5495 liic
1590 5438 1707 5494 sciens
1732 5436 1801 5495 erit

141 5539 263 5600 blnlier
282 5555 358 5615 quae
381 5536 538 5611 suscepto
562 5536 687 5596 semine
708 5536 945 5612 paritrnascu-
1003 5533 1133 5611 (llattlr.
1162 5548 1257 5602 nuru,
1283 5532 1346 5609 13).
1376 5532 1443 5592 nt:
1474 5534 1552 5591 Non
1577 5533 1802 5593 coronuditnr

142 5634 205 5698 tum
227 5636 403 5713 significat
427 5648 694 5715 unamquamque
716 5634 847 5695 fidelem
872 5635 948 5696 ani·
1002 5634 1071 5692 nisi
1084 5632 1303 5706 quileptlnnc
1315 5629 1503 5690 cet-'tenerit
1516 5626 1559 5705 (ll
1572 5628 1690 5691 Timet.
1706 5632 1736 5702 2,
1754 5630 1798 5709 5),
