3958 6204
117 258 176 321 333
207 306 211 311 .
386 253 502 314 XXIX.
518 254 619 315 -IN
642 256 771 316 Fnsro
794 257 1051 319 SANCTORUM
1071 258 1250 320 JOANNIS
1272 260 1324 321 ET
1344 259 1483 321 PAULI.

113 413 786 490 cumrodrmcrtbeosoccouammozom
796 413 904 494 (Rom.
961 420 1072 479 emtori
1086 418 1127 479 ab
1145 420 1199 481 bis
1208 421 1267 493 out
1281 418 1436 481 occidunt
1450 431 1575 492 corpus
1588 414 1681 494 (Luc.
1697 430 1758 487 xu,

114 514 216 585 11,15,
240 510 300 590 16).
322 514 370 573 De
390 510 537 573 secundo
563 511 645 575 dicit
669 512 829 574 Dominus
847 529 908 590 per
963 513 1027 594 13).

113 611 247 673 Nabum
256 608 449 687 prophetam
462 609 583 670 animae
597 610 789 686 peccatrici:
803 614 908 672 liece-
1001 611 1122 673 Tribus
1151 612 1193 674 de
1226 612 1336 674 causis
1363 630 1430 675 non
1460 610 1618 674 debemus
1641 611 1759 674 timere

112 711 183 771 mbo
192 710 357 783 pudenda
377 708 438 769 tuo
454 724 477 769 α
489 710 578 782 facte
594 709 665 780 tuo,
682 709 716 770 et
730 709 908 770 ostendam
962 710 1535 787 mortemcorporisvidelicet,pro
1552 708 1758 780 laboreriis,

111 807 267 883 cordibus
284 804 480 866 nuditatem
501 805 610 874 tuam,
625 806 660 867 et
673 808 793 882 regula
805 809 906 880 igno-
962 821 1021 883 pro
1036 808 1231 882 gravamine
1253 809 1405 880 sarcinae,
1422 824 1481 884 pro
1501 807 1579 868 vitm
1599 806 1762 867 amaritu-

112 906 256 964 mtuiam
269 904 369 964 tuam
384 900 531 983 (Nahum
546 918 596 975 111,
612 902 658 981 5).
676 902 834 964 Pudenda
855 902 909 964 di·
962 902 1051 965 dine.
1059 906 1124 965 Pro
1139 904 1252 966 labore
1263 905 1337 978 viae,
1354 905 1433 981 quia
1446 905 1514 966 vita
1526 904 1591 964 ista
1603 906 1654 965 est
1664 903 1761 980 quasi

113 1001 155 1063 cit
167 1000 365 1078 peccata,de
375 999 565 1077 quibuserit
575 1000 681 1077 pudor
690 1000 907 1070 contusionis,
965 1000 1020 1062 via
1041 1001 1076 1062 in
1101 1014 1298 1079 quesumus
1320 1002 1499 1079 peregrini,
1522 1001 1557 1062 et
1576 1002 1662 1062 sicut
1682 1000 1764 1062 dicit

112 1097 290 1159 nuditatem
301 1096 344 1158 ab
355 1096 513 1174 operibus
522 1096 631 1168 bonis,
643 1097 860 1173 ignominiam
873 1098 908 1159 in
962 1095 1078 1160 beatus
1092 1100 1318 1176 Augustinus:
1333 1101 1465 1161 «Nemo
1476 1099 1583 1175 potest
1591 1097 1647 1159 hio
1660 1100 1760 1168 stare,

113 1194 245 1271 flagitiis
257 1194 385 1256 multis.
401 1197 449 1256 De
463 1196 583 1272 quarto
593 1195 629 1255 in
642 1194 729 1256 libro
743 1194 825 1258 Jcb:
842 1199 909 1258 Re·
963 1196 1020 1257 scd
1040 1212 1155 1258 omnes
1170 1197 1321 1273 cogimur
1335 1197 1490 1259 transire.
1508 1197 1544 1258 Si
1558 1199 1669 1257 autem
1685 1197 1762 1257 ante

111 1291 267 1354 cembrcm
290 1295 380 1364 coeU,
405 1292 503 1363 idest,
535 1291 659 1365 Sancti,
690 1293 909 1367 iniquitatem
963 1308 1023 1354 nos
1057 1294 1185 1372 aliquid
1224 1294 1440 1367 mitteremus,
1478 1310 1686 1371 nequaquam
1721 1292 1763 1353 ad

113 1392 184 1462 ejice
194 1387 270 1469 (lob
282 1405 342 1461 xx,
352 1387 421 1468 27).
438 1390 478 1451 Et
487 1391 635 1451 loannes
647 1390 682 1450 in
692 1389 906 1467 Apocalypsi:
962 1391 1062 1453 inane
1076 1391 1258 1468 hospitium
1272 1392 1474 1453 veniremus.
1492 1409 1510 1452 ε
1533 1391 1568 1453 Si
1582 1407 1642 1452 nos
1657 1391 1764 1453 mitte-

113 1489 202 1548 Libri
211 1486 328 1560 aperti
339 1488 422 1549 sunt
430 1487 618 1560 etjodtoam
626 1489 711 1549 sunt
722 1488 852 1550 mortui
862 1503 908 1550 ccc
962 1504 1035 1548 mus
1061 1488 1186 1566 aliquid
1201 1490 1279 1551 ante
1298 1506 1370 1562 nos,
1393 1490 1490 1562 idest,
1507 1489 1537 1550 si
1557 1488 1763 1551 mitteremus

113 1587 161 1647 bis
174 1598 253 1657 ouoe
268 1585 404 1659 empto
424 1584 528 1646 crunt
546 1589 584 1646 tn
597 1588 695 1647 libris
711 1583 826 1663 (Apcc.
848 1601 906 1657 xx,
963 1584 1075 1662 aliqua
1092 1585 1179 1647 bona
1191 1602 1292 1662 opera
1305 1587 1346 1647 ad
1359 1588 1475 1660 Deum,
1492 1601 1559 1648 non
1574 1587 1763 1648 veniremus

1699 259 1760 318 331

114 1680 171 1760 12).
187 1680 281 1742 Libri
296 1680 581 1754 dicuntursanctl,
593 1681 758 1760 inquibus
771 1682 906 1759 scripta,

115 1777 202 1850 idest,
216 1777 397 1840 manifesta
410 1780 509 1842 erunt
519 1794 622 1856 opera
631 1779 731 1853 bona,
743 1781 776 1842 et
788 1795 831 1841 ex
840 1780 908 1840 illis

110 1875 347 1952 judicabuntur
375 1877 514 1949 mortui,
539 1877 618 1954 quia
644 1878 824 1940 noluerunt
851 1892 908 1939 eos

115 1973 244 2034 imitari.
261 1977 433 2041 Quoniam
442 1988 520 2048 ouoe
535 1978 573 2035 to
587 1975 738 2037 tenebris
753 1975 906 2046 dictatis,

113 2073 285 2133 becumine
293 2073 464 2134 dicentur.
476 2073 556 2143 Quae
571 2071 704 2134 dixistis
716 2073 752 2133 in
762 2071 908 2134 tenebris

112 2166 320 2244 ignorantie,
345 2168 447 2241 idest,
468 2183 601 2245 eaquae
627 2168 742 2231 dixisti
766 2170 905 2241 occulte,

112 2264 261 2329 dicentur
283 2267 320 2327 in
346 2265 482 2338 lumine,
505 2264 602 2338 idest,
628 2265 814 2328 manifeste.
838 2268 909 2328 Hoc

112 2364 158 2423 esi
174 2384 183 2424 ι
201 2364 242 2425 in
263 2363 318 2424 die
334 2362 455 2440 judicii
479 2362 656 2426 manifesta
677 2366 776 2426 erunt
796 2364 908 2426 omnia

112 2458 204 2522 verba
229 2461 357 2533 vestra,
378 2462 415 2523 ιιῖ
428 2460 575 2522 reddatis
590 2461 756 2523 rationem
771 2476 830 2538 pro
845 2460 906 2523 eis.

113 2557 228 2620 velita
245 2575 255 2615 z
275 2574 351 2636 quae
366 2556 499 2620 dixistis
513 2557 549 2618 in
563 2557 711 2621 tenebris
726 2558 909 2635 allegoria-

115 2655 801 2732 rum,diceniurinlumineexpositionum,
809 2655 906 2726 idest,

113 2752 164 2815 illa
176 2770 257 2834 quae
270 2752 407 2814 dixistis
421 2753 457 2814 in
472 2752 645 2830 allegoriis
660 2755 693 2815 et
712 2754 828 2831 liguris
842 2770 907 2815 ex-

113 2854 275 2926 ponentur
291 2849 503 2913 manifestes
519 2849 709 2912 doctoribus
727 2851 763 2914 in
783 2851 908 2913 lumine

112 2948 269 3021 veritatis,
284 2948 319 3011 et
332 2948 419 3025 quod
434 2947 470 3009 in
485 2963 567 3009 aure
582 2947 684 3010 locuti
700 2948 782 3011 estis
797 2949 833 3010 in
844 2965 907 3010 cu-

112 3042 243 3117 bilibus,
262 3045 362 3117 idest,
385 3045 472 3122 quod
491 3045 666 3121 cogitastis
683 3045 719 3106 in
739 3045 906 3118 cordibus,

963 1682 1004 1743 ad
1022 1682 1122 1743 inane
1137 1682 1330 1761 hospitium,
1350 1684 1447 1754 idest,
1469 1700 1536 1745 non
1560 1700 1708 1745 essemus
1727 1685 1763 1746 iu

963 1779 1060 1843 domo
1074 1796 1181 1843 vacua
1194 1782 1268 1858 post
1281 1783 1422 1843 mortem
1440 1780 1599 1853 nostram,
1615 1782 1701 1843 sicut
1713 1782 1765 1843 ia-

963 1877 1057 1940 ciunt
1067 1878 1118 1938 illi
1130 1878 1186 1955 qui
1202 1881 1393 1956 praeparant
1409 1878 1473 1941 sibi
1490 1878 1635 1956 hospitia
1650 1879 1685 1939 in
1707 1880 1765 1940 iti-

963 1991 1054 2047 nere,
1070 1976 1117 2037 ita
1127 1976 1283 2038 debemus
1299 1993 1360 2038 nos
1375 1976 1497 2038 iacere.
1512 1977 1576 2051 Qui
1595 1993 1709 2037 sumus
1726 1977 1767 2059 iu,

962 2072 1062 2149 huJus
1074 2073 1152 2134 vitae
1165 2073 1289 2147 labore,
1299 2074 1456 2136 debemus
1465 2090 1656 2151 praeparare
1665 2074 1762 2135 nobis

963 2169 1169 2232 mansionem
1184 2170 1219 2231 in
1230 2172 1335 2232 coelis.
1347 2171 1411 2232 Sed
1423 2171 1538 2232 miseri
1549 2188 1675 2243 snmus,
1685 2171 1765 2248 quia

963 2267 1134 2329 deficimus
1148 2267 1184 2328 in
1203 2268 1303 2346 hujus
1317 2268 1394 2331 vitae
1414 2268 1540 2342 labore,
1556 2272 1590 2331 et
1608 2268 1764 2329 nolumus

963 2364 1005 2426 ad
1014 2365 1163 2442 requiem
1178 2366 1364 2442 pervenire,
1379 2367 1458 2444 quia
1470 2366 1707 2428 contristamur
1721 2366 1763 2428 de

962 2462 1079 2535 morte,
1101 2479 1175 2525 cum
1190 2462 1347 2525 debemus
1361 2464 1518 2540 gaudere.
1535 2464 1629 2527 Unde
1647 2464 1764 2525 beatus

963 2559 1143 2636 Gregorius
1155 2582 1163 2622 ι
1177 2577 1196 2622 ι
1208 2561 1312 2633 Quale
1335 2562 1389 2633 sit,
1406 2561 1538 2634 fratres,
1555 2561 1760 2638 perpendite,

962 2657 997 2717 in
1021 2656 1136 2718 labore
1156 2657 1220 2719 viae
1241 2658 1436 2729 lassescere,
1453 2661 1487 2720 θῖ
1505 2652 1656 2719 eamdem
1674 2659 1764 2720 viam

962 2754 1051 2816 nolle
1068 2753 1176 2816 linire.
1192 2771 1211 2815 s
1225 2756 1307 2815 Cum
1330 2756 1441 2816 autem
1465 2754 1552 2817 sicut
1575 2755 1656 2816 dicit
1679 2755 1761 2817 lob:

963 2852 1061 2914 bomo
1074 2851 1115 2912 ad
1135 2851 1283 2914 laborem
1295 2855 1464 2925 nascatur,
1481 2853 1602 2929 etpost
1623 2854 1762 2914 mortem

963 2949 1049 3011 sicut
1061 2949 1142 3011 dicit
1153 2950 1381 3028 Apocalypsis,
1397 2951 1587 3027 requiescat
1602 2966 1623 3011 a
1637 2949 1764 3011 labori-

962 3046 1024 3107 bus
1047 3047 1128 3119 suis,
1146 3063 1267 3124 magna
1282 3048 1417 3109 miseria
1439 3049 1490 3110 est
1503 3047 1606 3121 illius,
1622 3049 1762 3125 quinon

112 3142 346 3219 medicabitur
373 3143 410 3204 in
433 3143 542 3216 tectis,
569 3143 666 3216 idest,
696 3142 907 3206 manifestum
963 3144 1035 3207 vult
1049 3143 1198 3207 laborem
1212 3145 1311 3223 hujus
1326 3146 1403 3207 vitm
1416 3145 1518 3218 finiri,
1535 3148 1570 3207 θῖ
1582 3146 1618 3206 in
1636 3146 1762 3207 aeterna

112 3239 167 3302 erit
181 3241 220 3301 in
238 3239 293 3302 die
308 3239 447 3317 judicii,
468 3241 547 3317 quia
568 3256 628 3318 pro
650 3239 908 3319 cogitationibus
963 3244 1078 3321 requie
1090 3243 1239 3319 gloriari.
1262 3243 1355 3305 Unde
1369 3243 1501 3321 quando
1516 3243 1638 3321 aliquis
1653 3243 1761 3305 mori-

112 3337 283 3400 reddemus
305 3336 408 3399 etiam
436 3338 611 3401 rationem.
629 3337 723 3400 Unde
749 3338 909 3400 Dominus
963 3341 1027 3412 tur,
1044 3356 1111 3402 nou
1132 3341 1238 3415 magis
1263 3340 1419 3402 debemus
1440 3341 1648 3413 contristari,
1665 3357 1764 3417 quam

112 3449 162 3511 per
178 3436 309 3496 isaiam
330 3457 338 3495 ε
356 3437 469 3508 Opera
492 3450 615 3498 coruom
634 3436 668 3498 et
685 3436 909 3511 coortaluooes
964 3438 994 3498 si
1008 3437 1049 3499 de
1064 3437 1384 3515 laboreadrequicm
1394 3438 1625 3501 transferatur.
1642 3440 1765 3514 Magna

112 3546 228 3595 corum
242 3535 347 3595 cento
367 3533 407 3594 ut
427 3546 633 3609 congregem
647 3531 705 3611 (is.
728 3548 821 3605 nxvr,
843 3532 907 3613 18).
964 3536 1052 3597 enlm
1076 3535 1218 3598 stultitia
1239 3537 1338 3609 esset,
1359 3535 1476 3613 siquis
1500 3537 1597 3599 fleret
1610 3536 1696 3613 quod
1712 3535 1766 3596 die

143 3629 308 3693 Dominus
335 3628 551 3705 congregabit
579 3644 680 3706 opera
710 3632 842 3703 nostra,
877 3630 911 3690 et
964 3632 1094 3694 Pascha
1109 3634 1207 3694 homo
1220 3649 1287 3695 non
1297 3633 1476 3696 laboraret.
1488 3636 1568 3695 Cum
1583 3635 1695 3696 anima
1708 3634 1766 3695 ba·

112 3727 327 3803 cogitationes
339 3726 418 3807 qula
436 3725 613 3789 manifesta
626 3726 813 3805 facietque
832 3726 911 3788 ieci·
964 3730 1041 3792 beat
1054 3746 1150 3790 suum
1164 3730 1295 3792 Pascha
1320 3732 1353 3793 θῖ
1378 3731 1536 3793 aeternam
1560 3731 1708 3807 requiem
1730 3731 1764 3791 in

112 3839 175 3887 mus
190 3825 247 3887 vel
270 3823 503 3900 cogitavimus.
522 3824 586 3885 Sed
610 3825 640 3885 si
654 3824 832 3901 diligenter
849 3824 912 3885 ad·
965 3824 1167 3894 coelestibus,
1177 3840 1236 3915 nos
1247 3825 1404 3886 debemus
1413 3825 1617 3897 contristari,
1631 3825 1764 3902 quando

111 3923 278 3995 vertimus,
297 3920 423 3999 triplici
445 3921 654 3983 incommodo
674 3921 911 3983 miserabiliter
964 3939 1026 3985 nos
1040 3922 1202 3984 morimur
1216 3921 1269 3983 rel
1284 3927 1397 3983 noster
1411 3922 1627 4000 propinquus.

112 4018 310 4083 hbui-amus.
329 4020 415 4080 Nam
429 4017 546 4080 faciles
561 4033 675 4080 snmus
691 4019 732 4081 ad
748 4020 911 4081 seducen·
1004 4023 1070 4082 Pro
1081 4020 1276 4096 gravamine
1285 4019 1444 4095 sarcinae3
1458 4019 1536 4097 quia
1546 4035 1666 4096 corpus
1681 4036 1767 4081 mor·

113 4115 193 4191 dnm,
210 4115 343 4178 debiles
355 4115 398 4176 ad
419 4115 635 4195 operandum,
651 4118 685 4178 et
705 4115 843 4192 fragiles
867 4116 909 4179 ad
964 4117 1032 4180 tale
1057 4119 1109 4180 est
1128 4118 1262 4179 sarcina
1285 4118 1416 4179 animae.
1432 4119 1518 4179 Nam
1533 4116 1656 4191 anima,
1680 4118 1767 4179 sicut

113 4215 342 4277 resistendum.
367 4212 404 4274 Si
426 4213 617 4275 discernere
648 4214 801 4276 volumus
822 4214 911 4275 inter
965 4216 1049 4288 avis,
1064 4217 1176 4292 posset
1188 4215 1375 4277 discurrere
1388 4215 1539 4277 etomnia
1548 4216 1768 4293 comprehen-

113 4308 228 4375 bonnm
253 4312 289 4374 et
309 4311 446 4382 malum,
471 4310 675 4388 decipimur3
697 4312 726 4372 si
744 4306 930 4375 tentamus
965 4313 1056 4386 dere,
1072 4313 1137 4374 nisi
1153 4314 1242 4375 esset
1256 4313 1394 4374 onerata
1409 4313 1542 4375 mortali
1551 4330 1662 4376 onere.
1673 4314 1767 4376 Unde

114 4407 216 4472 tacere
229 4409 368 4480 bonum,
384 4407 573 4483 deficimus3
589 4408 619 4471 si
634 4424 794 4470 conamur
804 4408 912 4470 desis-
966 4410 1125 4471 Dominus
1140 4410 1176 4472 in
1192 4410 1372 4486 Evangelio
1390 4431 1397 4470 :
1420 4412 1537 4473 Venite
1557 4415 1602 4473 od
1619 4426 1676 4472 ane
1691 4426 1768 4473 om-

114 4506 205 4569 terea
217 4504 518 4583 malo,dejicimnr,
531 4507 564 4568 et
573 4521 781 4585 superamur.
789 4505 911 4568 litideo
966 4523 1027 4570 oea
1050 4511 1109 4584 ooo
1134 4508 1298 4572 laboratis
1318 4508 1352 4570 ct
1372 4510 1510 4571 onerati
1534 4509 1628 4579 esto,
1651 4509 1686 4569 ct
1704 4523 1766 4582 cac

114 4603 168 4665 lob
179 4604 229 4667 ait
244 4625 253 4665 ε
269 4603 402 4665 Beatos
414 4605 515 4667 bonu
535 4605 594 4677 out
613 4617 752 4676 semper
769 4603 822 4665 eet
839 4617 910 4679 pa·
965 4620 1026 4667 cos
1039 4607 1198 4678 relictam
1214 4603 1342 4675 (Matth.
1358 4621 1405 4677 x1,
1421 4604 1487 4685 28).
1502 4608 1574 4666 Duo
1585 4604 1672 4664 mala
1683 4603 1769 4665 dixit

115 4704 205 4763 cidus
219 4699 338 4780 (Prov.
366 4714 488 4772 xxvur,
506 4698 573 4780 14),
593 4699 634 4760 de
651 4716 691 4761 se
705 4699 778 4777 ipso
793 4699 913 4777 despe-
966 4717 1040 4764 esse
1054 4702 1090 4763 in
1105 4702 1173 4763 vita
1187 4702 1263 4775 ista,
1280 4700 1446 4773 videlicet,
1464 4700 1611 4762 laborem
1626 4701 1659 4761 et
1669 4716 1764 4772 οιιιιε,

116 4812 204 4872 rans,
242 4797 475 4860 infirmitatem
506 4797 676 4874 propriam
705 4797 909 4873 recogitans.
965 4799 1114 4860 laborem
1135 4798 1171 4859 in
1196 4796 1369 4875 operibus,
1394 4813 1479 4859 onus
1505 4798 1541 4858 in
1571 4797 1766 4874 gravamine

117 4894 193 4957 Nam
207 4895 237 4957 si
253 4894 388 4973 quidem
402 4894 469 4971 ipsi
483 4894 660 4967 confidere,
683 4910 751 4957 non
763 4894 841 4956 fidei
854 4894 912 4955 sed
967 4896 1127 4973 corporis.
1157 4896 1239 4956 Cum
1264 4910 1344 4970 ergo
1366 4894 1488 4972 aliquis
1519 4895 1670 4967 moritur,
1699 4910 1768 4957 non

116 4993 257 5068 perfidiae
279 4995 343 5065 θεῖ,
363 5007 430 5054 non
450 4991 659 5054 confidentiae
678 4991 737 5053 sed
758 4991 914 5053 diffiden-
967 4993 1074 5069 magis
1088 4991 1186 5053 debet
1199 4989 1313 5053 dolere
1328 5006 1427 5068 quam
1447 4991 1476 5052 si
1492 4990 1770 5069 abiiceretsarci·

117 5091 165 5153 tie
174 5090 344 5167 estmagis
359 5090 395 5150 in
408 5089 586 5166 semetipso
596 5088 723 5151 habere
741 5088 910 5151 fiduciam.
967 5106 1055 5162 nam,
1068 5088 1129 5150 sub
1144 5104 1209 5166 qua
1223 5089 1431 5169 premeretur
1442 5090 1477 5151 et
1491 5105 1559 5151 non
1573 5090 1683 5166 posset
1695 5105 1770 5166 por·

118 5189 143 5249 is
156 5205 234 5251 vere
249 5187 361 5249 fidelis
373 5187 435 5259 est,
451 5186 593 5249 mundus
607 5201 628 5247 a
642 5186 753 5259 corde,
771 5187 828 5264 qui
847 5203 913 5249 non
967 5190 1050 5250 tare.
1066 5189 1152 5249 Nam
1176 5188 1263 5250 sicut
1289 5186 1371 5249 dicit
1389 5187 1594 5263 Augustinus
1609 5202 1647 5247 :r
1661 5187 1767 5246 Nemo

118 5286 216 5349 oredrt
228 5285 306 5358 srbr
318 5299 382 5346 nec
393 5301 429 5345 1n
439 5300 476 5346 se
491 5285 614 5360 sperat,
627 5283 735 5347 factus
749 5285 813 5347 sibi
828 5289 915 5351 tam·
970 5287 1020 5347 est
1033 5287 1128 5360 eujus
1153 5287 1300 5348 animam
1327 5283 1541 5361 corruptibile
1564 5298 1684 5358 corpus
1700 5298 1767 5344 non

118 5399 208 5461 quam
228 5399 289 5445 vas
313 5382 492 5459 perditum,
523 5381 572 5442 sic
596 5381 740 5458 perdens
768 5382 915 5443 animam
970 5384 1176 5458 aggravet.»
1747 5422 1750 5427 -

119 5496 205 5543 suam
223 5480 284 5543 ut
275 5496 312 5541 ιιι
333 5479 436 5541 vitam
451 5480 610 5541 aeternam
637 5479 913 5542 custodiateam:
1012 5482 1077 5541 Pro
1105 5478 1208 5557 hujus
1234 5479 1311 5542 vitae
1335 5477 1567 5548 amaritudine,
1593 5474 1672 5553 quia
1696 5420 1769 5538 baec

120 5579 329 5643 ῡῖθοαιιῖθιη
354 5579 591 5639 comcambio
611 5579 714 5649 meis,
733 5592 777 5641 ae
797 5579 916 5642 terre·
971 5576 1039 5640 vita
1054 5576 1331 5639 amaritudinibus
1351 5577 1384 5639 et
1407 5573 1576 5636 doloribus
1593 5574 1691 5649 plena
1706 5577 1767 5640 est
