3980 6206
79 324 140 383 rau
711 322 940 384 ualerone.
966 325 1042 385 nnn.
1060 307 1106 385 n.
1677 332 1736 394 rao

80 481 298 560 semetipsum
313 480 457 544 hostiam
475 484 543 544 Deo
561 482 596 543 in
612 482 788 545 suavitatis
803 483 885 546 odo·
978 483 1131 560 Legistis,
1160 484 1196 546 ut
1220 483 1397 561 credimus,
1417 484 1451 550 et
1465 488 1634 552 memoriae
1646 505 1739 553 oom-

79 596 164 643 rem.
195 583 281 641 Ecce
306 595 448 657 namque
477 580 717 658 circumjacens
744 582 884 659 populus
938 582 1130 654 mandastis,
1147 582 1292 659 qualiter
1312 585 1489 660 Apostolus
1506 586 1579 648 fleri
1594 588 1737 650 manda·

80 679 247 741 barbarus
270 678 491 739 Prutenorum
515 680 657 754 gentem,
681 694 754 756 quae
779 695 885 757 nuper
939 677 995 740 bat
1009 679 1043 739 in
1053 679 1201 741 Ecclesia
1216 678 1385 757 primitiva
1401 680 1569 755 collectas,
1584 696 1644 761 per
1655 701 1739 761 quas
1771 671 1794 725 '-

80 778 122 838 ad
149 776 356 853 agnitionem
380 775 532 838 veritatis
557 777 719 853 peruenit,
746 777 783 838 in
805 775 886 839 oon4
939 777 1053 852 posset
1067 778 1269 849 sanctorum,
1292 778 1348 855 qui
1369 764 1466 842 erant
1485 780 1521 840 iu
1539 783 1736 855 Jerusalem,

80 876 246 952 temptum
270 873 481 951 persequitur
508 874 754 951 Redemptoris,
784 875 817 936 et
844 873 884 935 de
939 873 1386 947 necessitatibussubveniri,
1401 892 1461 937 suo
1476 878 1650 939 secuturos
1665 882 1740 955 post

81 972 233 1034 tenebris
249 973 378 1033 erutam
393 971 512 1032 nititur
535 971 576 1031 ad
591 971 746 1033 tenebras
765 986 884 1049 perse*
940 986 975 1032 se
997 971 1118 1034 docens
1146 973 1310 1049 exemplo,
1336 975 1372 1034 ut
1394 973 1430 1035 in
1454 972 1620 1037 similibus
1634 977 1739 1039 simili

81 1068 274 1131 cutionibus
293 1083 452 1130 reuocare
467 1088 476 1128 r
493 1067 550 1129 sed
577 1083 748 1146 speramus
770 1069 805 1129 in
820 1070 886 1130 Do-
940 1069 1081 1129 consilio
1096 1070 1280 1132 uterentur.
1295 1072 1401 1143 Quum
1420 1071 1524 1148 igitur
1538 1073 1739 1135 venerabilis

82 1168 186 1239 mino,
204 1166 290 1242 quod
304 1165 413 1243 ipsam
428 1165 517 1227 ultra
530 1165 575 1238 id,
593 1166 680 1243 quod
693 1167 801 1243 potest
819 1180 885 1227 non
941 1165 1044 1227 frater
1057 1167 1222 1240 noster...‚
1247 1169 1424 1247 episcopus
1438 1170 1596 1242 Prussire,
1614 1174 1647 1233 et
1666 1172 1737 1243 alii,

82 1264 254 1342 permittet
278 1263 412 1335 tentari,
429 1262 487 1323 sed
500 1263 599 1324 faciet
613 1279 687 1324 curn
704 1264 885 1327 tentatione
939 1263 997 1341 qui
1011 1265 1082 1325 zelo
1097 1264 1175 1326 fidei
1189 1266 1381 1329 christianae
1403 1269 1566 1340 succensi,
1589 1278 1739 1345 evange-

84 1362 295 1439 proreutum,
317 1362 355 1422 nt
373 1361 485 1422 ualeat
503 1361 680 1432 sustinere,
708 1361 765 1438 qui
781 1361 885 1422 devo·
942 1360 1044 1423 lizant
1057 1362 1092 1423 in
1107 1362 1257 1440 partibus
1270 1365 1417 1425 Prussiee
1436 1365 1612 1426 Dominum
1626 1368 1739 1429 iesum

82 1459 210 1521 tionem
226 1457 347 1535 quaerit
363 1457 511 1518 fidelium
534 1458 569 1518 in
590 1472 706 1520 eorum
723 1458 886 1519 auxilium
941 1458 1117 1532 Christum,
1140 1460 1173 1521 et
1196 1474 1264 1534 eos,
1290 1464 1347 1539 qui
1371 1465 1441 1538 jam
1461 1478 1521 1540 per
1540 1460 1740 1540 baptismum

83 1560 117 1618 et
138 1556 293 1628 salutem,
308 1556 341 1617 et
353 1556 505 1634 quamvis
519 1555 680 1617 bonorum
697 1556 885 1617 nostrorum
941 1555 1119 1618 induerunt
1139 1558 1301 1630 eumdem,
1325 1558 1503 1622 defendere
1522 1561 1678 1636 satagunt
1699 1560 1740 1621 ab

83 1670 153 1714 non
164 1655 273 1728 egeat,
290 1668 330 1713 ea
340 1655 451 1714 tamen
467 1669 488 1714 a
503 1651 598 1714 nobis
613 1651 772 1729 exposcit,
787 1653 823 1714 ut
837 1653 886 1713 sic
941 1653 1131 1715 incursibus
1141 1670 1357 1732 paganorum,
1371 1658 1429 1734 qui
1442 1656 1534 1719 velut
1557 1659 1616 1719 alii
1639 1662 1742 1719 Ama-

86 1750 183 1812 nobis
198 1751 286 1812 filios
306 1751 367 1811 liei
381 1750 465 1823 lieri,
482 1766 552 1811 suae
573 1749 731 1813 bonitatis
746 1749 888 1811 clemen·
942 1750 1047 1813 lecitre
1068 1752 1264 1828 impugnant
1277 1752 1505 1831 multiplieiter
1519 1755 1687 1827 Israelem,
1705 1756 1742 1816 ut

84 1849 133 1910 tia
148 1848 276 1910 tribuat
286 1849 491 1926 potestatem,
504 1851 537 1910 et
548 1848 585 1917 ii,
602 1848 658 1927 qui
668 1848 700 1910 ei
715 1849 842 1910 servire
851 1848 887 1908 in
940 1865 1017 1910 eum
1032 1849 1085 1911 vel
1098 1848 1132 1910 in
1147 1849 1453 1927 desertoperimant
1466 1852 1518 1913 vel
1533 1854 1692 1915 revocent
1705 1853 1741 1912 in

85 1946 273 2007 subsidium
299 1949 410 2008 Terrae
426 1947 637 2008 sanctaenon
649 1948 797 2023 possunt,
814 1945 886 2006 sal·
942 1948 1133 2023 AEgyptum,
1146 1962 1213 2008 uon
1225 1947 1392 2010 sufficiant
1406 1948 1447 2009 ad
1459 1964 1560 2010 onera
1576 1965 1744 2026 expensa·

84 2045 153 2105 tem
173 2043 209 2105 in
228 2060 423 2105 succursum
439 2043 627 2119 Protenioae
640 2043 750 2119 gentis
776 2043 809 2104 ei
829 2043 889 2104 de-
941 2061 1026 2116 rum,
1050 2045 1117 2106 nisi
1139 2045 1357 2108 subveniatur
1369 2046 1493 2107 eisdem
1513 2046 1646 2108 liberali
1660 2047 1744 2108 flde-

84 2143 199 2203 rotum
220 2141 401 2203 exhibeant
425 2140 630 2203 famulatam·
655 2143 762 2213 Quum
787 2141 889 2216 igitur
943 2142 1024 2202 lium
1045 2138 1197 2219 pietate:
1218 2143 1460 2205 fraternitatem
1479 2145 1625 2206 vestram
1643 2160 1743 2219 roga-

84 2239 199 2317 plures
211 2255 257 2301 ex
269 2239 367 2302 robis
378 2239 536 2310 existant,
551 2240 608 2316 qui
627 2252 695 2301 non
710 2239 889 2316 disponunt
943 2256 1015 2301 mus
1030 2240 1064 2300 in
1078 2240 1217 2302 Domino
1231 2242 1264 2303 et
1277 2240 1461 2314 hortamur,
1479 2256 1539 2318 per
1553 2242 1743 2319 apostolica

86 2338 157 2398 suis
168 2337 319 2398 humeris
329 2337 603 2413 affigeresignum
614 2337 888 2399 crucisinTerrae
943 2338 1066 2414 scripta
1094 2338 1300 2411 mandantes,
1328 2332 1491 2416 quatenus
1520 2339 1643 2415 singuli
1663 2339 1742 2400 uni-

88 2435 220 2497 Sanciae
237 2435 422 2497 subsidium
431 2436 625 2513 profecturi,
640 2436 688 2496 eis
708 2435 744 2496 in
764 2434 888 2496 remis·
942 2434 1050 2496 versis
1064 2435 1281 2497 ecclesiarum
1296 2436 1443 2513 praelatis
1457 2438 1645 2498 uestrarum
1659 2436 1744 2497 dioe-

87 2532 433 2611 sioneminjungimus
446 2536 667 2609 peccatorum,
678 2534 840 2611 quatenus
852 2532 887 2593 in
943 2537 1055 2594 cesum
1068 2533 1211 2596 firmiter
1225 2533 1420 2611 injungatis,
1437 2535 1473 2596 ut
1487 2534 1628 2611 quilibet
1639 2549 1745 2611 popu·

88 2631 282 2695 eorumdem
303 2631 464 2693 accedant
486 2631 649 2692 auxilium
670 2631 787 2693 contra
806 2629 888 2691 har·
943 2632 1010 2691 lum
1036 2631 1099 2691 sibi
1124 2632 1335 2692 commissum
1351 2630 1469 2692 saltem
1489 2631 1591 2693 semel
1606 2631 1640 2691 in
1656 2646 1744 2692 anno

87 2728 189 2790 baras
203 2728 357 2791 nationes
371 2744 428 2805 pru
445 2727 649 2805 plantatione
665 2727 796 2789 novella
811 2726 889 2787 fidei
943 2728 1123 2806 prudenter
1145 2730 1278 2790 moneat
1303 2732 1337 2790 et
1365 2729 1516 2801 inducat,
1545 2729 1581 2791 ut
1606 2730 1744 2805 praefato

89 2826 295 2898 christianae,
311 2827 378 2888 tam
401 2824 629 2903 spiritualibus
648 2825 762 2897 armis,
790 2839 889 2900 quam
943 2826 1098 2903 episcopo
1119 2842 1179 2903 pro
1198 2829 1266 2888 tam
1281 2824 1440 2887 laudabili
1453 2838 1554 2903 opere
1568 2826 1641 2904 pias
1655 2826 1746 2887 elee-

87 2923 321 2985 maierialibus
335 2923 526 3001 pugnaturi,
543 2924 609 2985 tam
625 2922 685 2993 eis,
701 2937 797 2999 quam
808 2920 887 2990 illis,
944 2938 1101 3001 mosynas
1122 2923 1320 2999 largiantur,
1337 2923 1517 3000 obligaturi
1535 2923 1657 2985 exinde
1681 2922 1745 2986 sihi

87 3022 143 3100 qui
170 3023 302 3098 aliquos
326 3021 405 3082 illuc
424 3021 459 3081 in
484 3020 553 3080 suis
577 3019 708 3081 mittent
721 3018 886 3096 expensis,
943 3020 1109 3081 bonorum
1123 3036 1260 3098 operum
1276 3020 1423 3082 omnium
1441 3021 1644 3097 largitorem.

86 3120 137 3180 vel
154 3119 198 3180 ad
214 3136 330 3180 eorum
345 3118 595 3179 subventionem
610 3117 650 3178 de
665 3118 735 3177 suis
748 3117 891 3178 faculta·
984 3120 1104 3180 Datum
1114 3122 1228 3180 Romae
1242 3118 1329 3196 apud
1339 3120 1372 3179 S.
1383 3120 1518 3180 Petrum
1527 3120 1642 3180 iinon.
1653 3116 1743 3189 mail,

88 3217 177 3280 tibus
193 3215 443 3285 ministrabunt,
460 3230 619 3277 concessa
636 3218 733 3293 juxta
757 3213 891 3292 quanti·
944 3216 1204 3277 annosecuudo.

87 3317 190 3378 tatem
202 3314 343 3376 subsidii
359 3315 392 3375 et
410 3312 595 3374 devotionis
621 3312 775 3397 affectum
793 3312 889 3373 venia

88 3412 301 3491 peccatorum
325 3410 506 3474 secundum
523 3409 609 3488 quod
627 3409 819 3470 transituris
833 3411 892 3470 Je-
1249 3356 1443 3446 CCXXIII

88 3511 291 3587 rosonmam
305 3508 505 3584 indulgetur.
520 3506 568 3568 hd
581 3506 653 3567 haec
665 3508 775 3567 autem
789 3505 891 3567 eccle·
1065 3503 1118 3562 Ad
1135 3503 1353 3574 provinciam
1375 3500 1627 3574 Mogontiacum.

89 3610 217 3669 siarum
243 3605 398 3683 praelatos
417 3605 599 3666 monendos
617 3604 772 3664 duximus
785 3606 818 3664 et
830 3619 892 3664 ex·
1240 3612 1259 3668 ii
1279 3611 1349 3668 maii
1367 3612 1449 3668 lilii.

88 3703 271 3767 hortandos
284 3704 453 3775 attentius,
468 3701 682 3780 praesentium
693 3700 891 3762 auctoritate
969 3718 1147 3784 [wirdunun
1157 3717 1212 3769 1000
1224 3717 1313 3775 estete,
1325 3723 1346 3768 ι,
1357 3718 1400 3775 ιιι,
1412 3733 1438 3781 p.
1452 3716 1496 3777 em
1513 3716 1622 3781 neget„
1635 3716 1681 3767 lib.
1693 3717 1724 3775 li,

88 3802 296 3873 mandantes,
310 3803 473 3879 quatenus
487 3799 607 3877 populo
627 3797 691 3858 sibi
715 3797 890 3859 commisso
935 3818 939 3825 ·
1257 3798 1332 3862 epist.
1347 3796 1429 3862 lm·]

88 3900 377 3979 haecannuntiare
393 3899 581 3976 procurent,
595 3898 628 3958 et
647 3896 756 3973 ipsum
773 3896 814 3956 ad
828 3894 909 3983 hoc
947 3898 1060 3955 bebiles
1087 3905 1116 3954 et
1139 3910 1280 3969 pauperes
1293 3896 1510 3968 crucesignatos
1533 3906 1584 3966 per
1601 3895 1746 3967 iioguntl·

88 4014 172 4077 opus
183 3997 326 4059 fideliter
340 3996 570 4058 exhortentur.
982 4001 1049 4043 nem
1061 3985 1238 4059 provinciam
1251 3984 1422 4041 constitutos
1436 3990 1554 4055 rogaret
1565 3981 1705 4052 obsecrat,
1718 3989 1751 4039 ut

130 4097 251 4163 patum
267 4097 380 4157 ΗΘΜ
405 4093 491 4170 apud
517 4092 675 4153 sanctum
698 4092 832 4152 petrum
847 4091 892 4151 111
983 4075 1019 4133 ad
1038 4072 1250 4133 defendendum
1267 4071 1368 4139 fideles
1382 4072 1524 4130 Pruteulae
1540 4072 1636 4144 geniis
1650 4078 1749 4129 contre

89 4209 168 4256 non.
179 4192 272 4265 maii,
284 4190 496 4269 pontificatus
510 4190 616 4251 nostri
631 4204 718 4249 anno
734 4187 889 4248 secundo.
983 4162 1119 4221 haimim
1134 4163 1267 4220 ⁰³⁸i⁰¹¹0⁸
1280 4176 1313 4219 ⁸⁰
1328 4161 1492 4235 affligam·
1511 4172 1513 4176 '

987 4282 1167 4353 Honorius,
1183 4285 1259 4353 etc,
1276 4280 1406 4342 dilectis
1429 4278 1509 4339 filiis
1534 4275 1698 4340 debilibus
1718 4278 1752 4338 et

403 4378 574 4466 CCXXII
949 4379 1149 4457 pauperibus
1173 4377 1414 4455 crucesignatis
1439 4392 1499 4455 per
1522 4375 1750 4452 Mogontinam

949 4478 1155 4556 provinciam
1170 4477 1370 4548 constitutis,
1388 4475 1541 4547 salutem,
1556 4476 1618 4535 etc.

991 4579 1064 4639 Rex
1077 4591 1193 4651 regum
1217 4574 1317 4636 terrae
1343 4573 1504 4634 Dominus
1528 4570 1696 4630 universae
1711 4584 1752 4661 ac

397 4650 496 4708 ⁶¹¹¹³³⁵
511 4650 589 4707 ¹²¹⁸·
949 4676 1178 4736 contentorum
1194 4672 1228 4733 in
1242 4686 1293 4742 ea,
1313 4684 1448 4730 suorum
1468 4667 1584 4728 voleus
1596 4666 1748 4726 devotio-

229 4764 409 4830 [warunnam
424 4765 496 4814 Nova
511 4762 635 4819 subsidia,
648 4762 692 4822 ¹¹¹·
706 4760 758 4826 oi]
950 4788 1025 4833 nem
1048 4769 1195 4830 fidelium
1220 4767 1377 4844 experiri,
1396 4782 1462 4826 non
1490 4763 1613 4840 absque
1635 4777 1754 4823 neces-

88 4876 126 4933 lit
148 4873 315 4947 episcopum
345 4871 468 4929 prumiae
493 4869 521 4927 in
547 4866 736 4926 defendendis
763 4867 895 4924 Prutenls
950 4871 1040 4930 saria
1064 4882 1166 4929 eausa
1183 4867 1217 4927 et
1239 4864 1313 4925 utili
1328 4863 1458 4924 ratione
1473 4862 1585 4923 hostes
1604 4860 1754 4921 reservat

126 4969 258 5021 recenter
273 4959 309 5018 ad
329 4959 412 5017 tidem
430 4959 577 5016 conversis
598 4963 697 5015 contra
716 4956 896 5013 incursiones
949 4965 1099 5028 visibiles
1123 4964 1156 5024 jn
1181 4961 1324 5023 diversis
1346 4961 1460 5025 mundi
1475 4958 1625 5036 partibus
1644 4956 1755 5018 chris.

24 5122 33 5127 .
125 5050 315 5109 baibifflfflm
332 5050 387 5122 ⁹⁵5⁸
402 5047 601 5122 midififflfflffl
615 5045 773 5103 summi
950 5064 1064 5133 tinnis,
1079 5077 1162 5139 quos
1177 5060 1257 5121 licet
1270 5059 1341 5137 ipse
1356 5057 1411 5118 cui
1423 5056 1514 5117 venti
1530 5054 1689 5117 obediunt
1701 5056 1755 5114 at-

132 5175 302 5238 Honorius
315 5175 490 5252 episcopus
504 5188 621 5233 servus
635 5185 808 5231 servorum
821 5169 894 5240 Dei,
951 5177 1016 5239 que
1030 5174 1134 5231 mare,
1151 5157 1258 5235 possit
1277 5157 1449 5217 conterere
1465 5152 1537 5215 solo
1557 5151 1670 5223 verbo,
1684 5150 1755 5212 vult

89 5271 341 5338 venerabilibus
375 5270 531 5332 fratribus
565 5267 828 5344 archiepiscopis
864 5267 899 5327 et
946 5261 1062 5329 ‚umen
1077 5272 1136 5318 eos
1151 5255 1254 5316 asuis
1269 5249 1572 5331 propugnatoribus
1587 5248 1751 5356 superari,

89 5370 260 5451 episcopis
275 5385 335 5446 per
348 5368 572 5444 Maguntiam,
589 5364 895 5439 salzeburgensem,
953 5355 1064 5433 utqui
1089 5352 1300 5415 offenderunt
1323 5349 1358 5411 in
1379 5349 1509 5420 multis,
1536 5345 1754 5422 multiplicem

91 5472 324 5531 Gnesnensem
338 5466 372 5526 et
385 5463 595 5525 Lundensem
615 5460 807 5539 prouincias
821 5475 899 5521 con·
954 5452 1099 5516 habeant
1121 5448 1349 5513 satisfaciendi
1370 5446 1544 5508 materiam
1564 5445 1596 5505 et
1615 5443 1753 5503 salven-

108 4526 161 4585 Ad
174 4523 449 4596 archiepiscopos
464 4521 662 4582 Germanice
675 4519 708 4580 ei
719 4520 882 4579 Potentia.

90 5565 239 5633 stitutis,
261 5562 401 5625 salutem
431 5562 465 5623 et
491 5559 708 5638 apostolicam
736 5557 898 5621 benedic·
953 5554 1018 5615 tur.
1048 5552 1132 5613 Ecce
1159 5564 1318 5625 namque¹
1340 5531 1580 5620 circumjacens
1613 5539 1755 5617 populus

88 5663 228 5724 tionem.
954 5649 1117 5709 barbarus
1128 5647 1349 5709 prutenorum
1362 5643 1494 5719 gentem
1510 5654 1584 5718 quae
1596 5652 1702 5714 nuper
1712 5637 1752 5699 ad
