3958 6204
124 334 186 396 28⁴!
561 325 649 387 XXI.
663 350 706 373 ⁴-
719 324 764 387 IN
786 324 916 386 FESTO
939 322 1089 387 SANCTI
1109 324 1351 388 LAURENTII.

122 490 260 556 mfflum
275 487 413 551 volatus
426 485 561 565 rapiunt
573 485 719 547 animam
734 484 929 546 ininferno.
1341 517 1432 608 XXI

127 589 220 654 Unde
232 586 297 651 Job
312 606 321 646 ε
336 586 479 648 mourut
490 588 527 646 ta
540 587 637 646 bouis
650 587 723 646 dtas
736 597 829 656 suos,
846 583 880 645 et
893 585 932 643 ta

121 679 929 763 mactoadtufeuudeaaeuduuttlobm13)·
1007 708 1048 768 11.
1065 737 1108 755 -
1128 707 1173 767 1u
1197 708 1327 767 ussro
1349 706 1499 768 seueri
1521 707 1762 771 nnonnuru.

125 789 191 848 Per
202 783 331 845 bestias
345 784 447 844 terrae
460 778 677 856 designantur
685 780 736 840 illi
751 779 928 851 daemones‚

125 883 180 962 qui
190 881 348 958 atilignnt
356 880 504 941 animam
515 879 730 940 informantis
737 879 809 940 sine
819 877 931 955 aliqua
1025 878 1105 939 Ntat
1114 890 1266 951 prauum
1276 877 1446 950 aameau
1459 878 1632 938 cadeasta
1651 877 1787 940 terram

124 979 361 1057 compassione
372 976 516 1054 pietatis.
532 976 625 1038 Unde
635 976 800 1038 ,ieremias
810 974 850 1036 de
863 974 932 1036 dae-
985 972 1164 1036 mortuum
1186 975 1305 1048 ruerit,
1325 976 1440 1048 aputu
1460 979 1572 1035 sotum
1593 976 1722 1036 maaet.
1748 978 1786 1037 St

126 1093 224 1139 mone
256 1097 265 1136 z
291 1078 449 1139 Crudelis
471 1075 524 1137 est
550 1074 585 1136 at
612 1087 683 1135 uba
708 1073 932 1135 mtterebttur
962 1072 1103 1133 autem
1128 1071 1307 1134 mortitam
1325 1071 1444 1146 merit,
1470 1072 1618 1134 muttum
1631 1074 1786 1148 auctuum

128 1174 328 1253 (feremur,
344 1170 411 1250 23).
986 1170 1091 1245 affert
1105 1166 1215 1249 (toan.
1229 1185 1292 1241 111,
1304 1165 1371 1247 24).

164 1272 226 1334 Isti
257 1269 492 1348 persecutores
513 1269 635 1330 animas
655 1267 733 1331 sunt
750 1267 929 1339 deamones,
1025 1270 1105 1329 Haeo
1118 1267 1220 1330 rerba
1238 1267 1346 1330 sancti
1360 1267 1525 1345 evangelii
1538 1267 1715 1345 tripliciter
1733 1267 1787 1329 in-

130 1370 188 1448 qui
208 1367 459 1446 persequuntur
486 1366 634 1428 animam
651 1367 685 1426 in
706 1364 850 1434 interno,
872 1378 933 1426 re-
984 1365 1092 1441 telligi
1116 1366 1265 1443 possunt,
1291 1366 1458 1438 videlicet,
1487 1366 1668 1427 secundum
1690 1366 1785 1429 litte-

129 1466 241 1529 xando
257 1480 334 1527 eam
353 1463 497 1525 dirersis
518 1465 552 1525 et
564 1462 671 1525 uariis
685 1461 869 1524 tormentis.
893 1463 933 1524 Et
986 1478 1070 1536 ram,
1095 1462 1277 1525 secundum
1305 1463 1513 1540 allegoriam,
1542 1465 1576 1526 et
1603 1463 1785 1526 secundnm

130 1564 195 1642 ipsi
215 1561 515 1641 apprehenderunt
538 1575 613 1622 mm
636 1560 725 1622 inter
746 1559 929 1635 angustias,
986 1560 1218 1623 moralitatem.
1232 1562 1420 1624 Secundum
1433 1561 1578 1624 litteram
1589 1560 1785 1623 manifestus

129 1662 226 1733 idest,
242 1660 336 1722 inter
359 1658 557 1722 afflictiones
578 1657 712 1726 inferni,
733 1658 812 1735 quia
828 1655 934 1719 dedu·
986 1659 1037 1721 est
1059 1658 1261 1732 intellectus,
1289 1660 1368 1737 quia
1396 1659 1426 1721 sl
1459 1674 1601 1736 granum
1628 1657 1787 1721 frumenti

128 1762 209 1822 cunt
222 1774 301 1820 eam
313 1755 356 1819 de
368 1757 441 1820 loco
453 1756 494 1818 ad
504 1755 625 1825 locum,
642 1756 683 1818 de
696 1756 792 1834 aquis
804 1755 931 1817 nivium
986 1758 1177 1819 reservatur
1198 1756 1232 1818 in
1255 1772 1336 1819 area
1357 1758 1390 1819 et
1411 1757 1612 1819 seminatum
1637 1757 1673 1817 in
1696 1758 1787 1818 terra

129 1857 170 1919 ad
192 1856 345 1918 calorem
374 1854 525 1916 nimium.
553 1854 633 1916 Post
655 1853 795 1916 mortem
819 1853 932 1916 visitat
987 1869 1053 1916 non
1075 1854 1186 1927 luerit,
1208 1856 1319 1933 ipsum
1338 1855 1445 1916 solum
1467 1855 1590 1917 manet.
1616 1854 1652 1916 Si
1672 1854 1787 1916 autem

129 1954 292 2017 Dominus
312 1953 431 2026 malos,
448 1951 580 2030 quando
595 1952 629 2013 in
644 1952 768 2014 inferni
785 1951 930 2013 claustra
985 1954 1085 2015 terras
1099 1953 1317 2015 ammixtione
1331 1954 1498 2016 manuum
1512 1952 1625 2025 fuerit,
1646 1952 1787 2014 multum

130 2051 367 2123 detruduntur,
383 2053 419 2113 nt
432 2050 539 2128 penis
549 2050 717 2128 perpetuis
730 2049 929 2112 crucientur.
986 2050 1129 2114 fructum
1155 2051 1264 2125 affert,
1296 2052 1375 2130 quia
1398 2066 1516 2129 parum
1545 2050 1731 2114 seminatur
1755 2049 1789 2112 et

130 2150 221 2214 Unde
242 2149 352 2211 isaias
369 2172 376 2210 :
393 2150 439 2211 at
456 2151 525 2211 erit
545 2152 584 2211 ta
597 2152 653 2211 dte
674 2151 742 2221 itta,
768 2147 932 2211 cantabit
986 2150 1091 2211 multa
1105 2150 1284 2212 metuntur.

128 2247 519 2323 matrermtttttam
530 2248 811 2318 coetttueoecetso,
827 2247 934 2309 etsu-
1026 2246 1213 2323 Allegorice
1251 2262 1392 2324 vanum
1429 2245 1586 2308 frumenti
1620 2244 1789 2322 significat

124 2360 190 2420 per
202 2358 312 2421 repes
326 2344 437 2406 terra
449 2345 508 2418 gut
523 2345 606 2405 suat
621 2343 878 2418 superterram
899 2342 932 2404 et
987 2346 1165 2407 Gbmstum.
1183 2345 1268 2417 Quia
1282 2345 1368 2407 sicut
1377 2359 1518 2421 granum
1529 2344 1689 2406 frumenti
1700 2343 1787 2421 quod

128 2441 749 2520 wumuaabuaturtucouareaattouc
758 2443 934 2515 uutaufas-
987 2443 1077 2505 cadit
1106 2443 1141 2505 in
1169 2443 1311 2517 terram,
1342 2458 1402 2521 per
1429 2441 1660 2504 humiditatem
1688 2441 1789 2503 terrae

129 2542 224 2602 usta
233 2542 364 2610 mcum,
376 2537 410 2599 et
421 2538 730 2599 otaudauturtbttu
741 2552 931 2610 carcerata,
988 2540 1202 2614 deformatur,
1220 2542 1396 2603 marcescit
1409 2526 1443 2603 et
1461 2540 1557 2618 qnasi
1571 2539 1730 2615 moritur3
1742 2538 1789 2600 ita

131 2637 256 2711 etpost
271 2639 351 2698 ates
367 2636 495 2698 multos
515 2635 752 2698 visitabantur
767 2633 825 2715 (Is.
835 2649 931 2708 xm,
988 2641 1022 2702 et
1035 2638 1187 2701 Christus
1202 2639 1321 2701 cecidit
1334 2639 1370 2700 in
1384 2639 1519 2710 terram,
1540 2637 1671 2715 quando
1684 2637 1787 2699 incli-

129 2734 192 2809 22).
206 2736 291 2796 llaec
302 2733 454 2795 visitatio
467 2733 655 2805 infernalis,
669 2748 737 2795 non
750 2734 801 2796 est
813 2733 881 2796 nisi
898 2732 933 2793 in
988 2738 1081 2799 navit
1108 2737 1210 2799 coelos
1237 2737 1271 2798 et
1303 2735 1489 2807 descendit,
1524 2734 1625 2808 idest,
1656 2735 1788 2813 quando

131 2847 227 2909 poena
240 2832 382 2903 aetema,
399 2830 531 2909 quando
544 2830 679 2909 reprobi
692 2831 725 2893 et
738 2831 844 2909 iniqui
856 2831 934 2892 visi·
987 2834 1131 2899 Verbum
1164 2846 1244 2896 caro
1274 2834 1398 2896 factum
1428 2836 1479 2895 est
1503 2834 1537 2896 et
1564 2832 1728 2896 habitavit
1753 2832 1789 2893 in

129 2929 303 3002 fabuntur,
319 2929 418 3001 idest,
435 2928 691 3002 damnabuntur,
712 2929 799 2990 sicut
812 2929 934 3005 legitur
988 2932 1095 2995 nobis.
1121 2934 1206 2994 Nam
1228 2933 1406 3009 antequam
1420 2930 1566 2993 Verbum
1581 2944 1660 2992 caro
1679 2930 1785 3003 fleret,

131 3027 167 3089 in
179 3026 406 3105 Apocalypsi:
422 3027 654 3089 Mitteazturta
665 3027 828 3103 ataauum
842 3030 934 3104 mats
988 3031 1105 3108 procul
1120 3026 1292 3093 habitabat
1313 3045 1333 3091 a
1354 3029 1461 3091 nobis.
1486 3029 1550 3091 Sed
1566 3028 1622 3090 ubi
1643 3027 1790 3090 Verbum

130 3126 165 3187 ct
188 3128 370 3201 canaam
394 3125 507 3202 (apoc.
533 3140 591 3198 xx,
617 3122 660 3198 9).
682 3126 722 3187 nt
745 3124 832 3187 sicut
854 3124 935 3186 dicit
989 3144 1067 3190 caro
1094 3127 1309 3200 factumest,
1339 3127 1503 3190 habitarit
1534 3127 1570 3188 in
1597 3126 1694 3189 nobis
1722 3142 1790 3187 non

132 3224 236 3284 isaias
260 3244 269 3282 ι
289 3227 423 3284 Famis
444 3224 698 3285 camentorum
715 3226 855 3286 tuorum
875 3238 936 3284 as-
989 3226 1095 3288 solum
1108 3241 1168 3303 per
1180 3226 1335 3303 gratiam,
1351 3226 1408 3287 sed
1430 3226 1531 3286 etiam
1548 3239 1609 3302 per
1622 3224 1788 3286 naturam.

130 3322 243 3383 ceriatt
255 3319 854 3400 casacutosoeoutuumtapoo.11v‚
867 3319 931 3401 11).
989 3324 1075 3384 Nam
1098 3323 1185 3386 sicut
1208 3322 1289 3385 dicit
1313 3321 1476 3385 ,ieremias
1500 3344 1508 3383 :
1530 3325 1598 3383 Htc
1620 3321 1673 3384 est
1695 3325 1790 3384 Deus

169 3418 216 3481 Et
230 3418 388 3480 visitasti
401 3419 510 3480 uncte.
527 3418 646 3479 anima
657 3417 756 3481 babet
772 3418 887 3480 noctes
901 3420 935 3479 et
989 3422 1107 3483 noster
1125 3422 1158 3483 ct
1182 3434 1252 3483 uou
1274 3421 1327 3483 eat
1349 3424 1438 3483 attus
1452 3421 1586 3495 prater
1600 3422 1707 3491 tuum,
1733 3420 1793 3492 aut

133 3515 218 3591 dies3
232 3515 367 3577 noctem
381 3514 593 3579 adversitatis
607 3517 641 3577 et
654 3516 742 3577 diem
761 3515 933 3593 prosperi·
989 3522 1027 3580 ta
1042 3520 1151 3581 terius
1164 3518 1261 3581 vuar
1272 3519 1337 3588 est,
1360 3519 1394 3580 ot
1407 3533 1487 3580 cum
1502 3520 1697 3581 tbomtrcibus
1710 3531 1794 3579 aolo-

132 3614 220 3685 tatis,
236 3613 370 3675 noctem
384 3613 530 3677 tristitiae
547 3614 580 3674 et
599 3613 689 3675 diem
701 3613 838 3687 laetitiae,
853 3628 937 3675 noc-
989 3614 1150 3675 ccrsatus
1167 3613 1221 3675 est
1243 3612 1389 3692 (Barucli
1410 3626 1460 3685 ui,
1482 3610 1548 3691 38).
1578 3613 1621 3673 Os
1640 3626 1685 3673 ex
1705 3609 1794 3672 ossi-

25 3714 30 3719 ’
132 3711 197 3771 um
211 3707 409 3771 tentationis
423 3710 457 3770 et
470 3707 557 3771 diem
569 3708 832 3786 Justifioationis,
849 3724 934 3771 noc-
989 3710 1051 3771 bus
1069 3709 1193 3772 nostris
1216 3710 1250 3772 et
1273 3725 1351 3771 caro
1365 3711 1407 3772 de
1433 3724 1534 3771 carne
1555 3708 1680 3782 nostra,
1704 3708 1792 3770 sicut

133 3808 196 3868 tem
210 3806 291 3869 uitae
305 3805 482 3882 presentis
496 3807 530 3867 et
543 3805 633 3867 diam
645 3805 723 3868 ritae
737 3805 866 3868 futuras
897 3808 935 3867 In
990 3808 1062 3884 ipse
1083 3808 1226 3869 testatur
1244 3806 1280 3868 in
1299 3807 1481 3882 mangano
1497 3826 1505 3866 ε
1519 3806 1618 3867 lixivi
1637 3821 1657 3866 a
1679 3806 1789 3876 Patre,

134 3903 352 3966 disnootibus
367 3902 662 3979 animauisitatur3
676 3903 712 3964 in
725 3902 841 3965 diebus
855 3920 935 3967 vero
990 3906 1023 3967 et
1042 3905 1120 3966 veni
1142 3902 1177 3965 in
1202 3906 1332 3966 uterum
1357 3903 1517 3980 Virginis,
1541 3903 1619 3979 quia
1645 3904 1792 3963 Verbum

134 4002 324 4065 oomuatur.
349 4001 472 4062 Beatus
490 4001 603 4079 itaque
625 4001 824 4063 Laurentius
852 4017 934 4080 pro-
990 4002 1086 4064 cauit
1099 4004 1269 4064 Dominus
1280 4004 1317 4062 ta
1331 4003 1434 4062 Jacob
1445 4001 1479 4062 at
1493 4001 1614 4061 cecidit
1627 4003 1666 4061 ta
1679 4002 1792 4061 Isract

134 4096 228 4161 batus
238 4098 290 4160 est
304 4098 341 4159 in
357 4098 421 4170 die,
438 4098 496 4160 sed
506 4098 660 4161 visitatus
672 4098 711 4161 iu
723 4100 834 4174 nocte3
851 4115 935 4178 pro·
991 4100 1049 4179 (Is.
1077 4114 1124 4172 1x,
1145 4097 1192 4179 8).
1216 4099 1342 4161 Cecidit
1366 4113 1446 4175 argo
1475 4097 1639 4169 Christus,
1660 4095 1792 4175 quomo

135 4194 229 4258 batus
243 4197 297 4258 ost
320 4196 501 4273 prosperis,
523 4196 677 4259 imitatus
700 4197 752 4259 est
771 4196 933 4259 adversis.
991 4197 1178 4259 exinanivit
1204 4212 1240 4258 se
1268 4195 1409 4259 formam
1442 4196 1531 4259 serui
1559 4194 1727 4274 accipiens
1756 4194 1793 4256 in

137 4296 172 4355 ln
191 4294 417 4372 prosperitate
438 4292 502 4355 fuit
521 4293 658 4355 humilis
677 4296 710 4358 et
724 4295 934 4371 misericors3
991 4295 1242 4358 similitudinem
1259 4292 1371 4357 carnis
1385 4295 1525 4372 peccati.
1553 4295 1638 4356 Caro
1663 4293 1793 4371 peccati

137 4392 171 4453 in
185 4391 392 4454 adversitate
406 4391 545 4454 fortiset
559 4392 699 4471 patiens.
716 4393 859 4455 Humilis
873 4392 937 4456 fuit
991 4394 1123 4467 dicitur,
1152 4393 1229 4472 quia
1249 4393 1330 4454 facit
1350 4408 1411 4454 nos
1430 4408 1579 4470 peccare,
1604 4392 1690 4454 sicut
1713 4390 1794 4452 dicit

137 4488 170 4550 in
190 4489 426 4566 prosperitate,
443 4488 522 4566 quia
536 4504 611 4551 cum
630 4491 719 4552 esset
738 4490 936 4567 apostolicae
991 4492 1095 4553 David
1117 4513 1125 4553 z
1148 4508 1167 4551 a
1189 4494 1273 4553 Ecce
1298 4491 1333 4552 in
1357 4489 1589 4568 iniquitatibus
1613 4489 1793 4566 conceptus
1926 4512 1929 4517 ·

139 4586 231 4648 Sedis
256 4586 525 4659 archidiaconus,
542 4587 712 4667 quaerebat
725 4603 887 4667 pauperes
905 4589 938 4650 et
992 4606 1077 4663 sum,
1106 4589 1139 4651 et
1157 4589 1193 4650 in
1216 4588 1336 4650 delicto
1360 4588 1489 4666 peperit
1508 4602 1562 4648 me
1589 4588 1696 4647 mater
1718 4601 1793 4646 mea

138 4688 269 4747 mnctos
283 4699 344 4763 per
358 4684 514 4761 regiones
531 4687 563 4748 et
580 4685 684 4759 uicos,
702 4701 761 4763 per
775 4685 889 4747 domos
904 4687 938 4748 et
993 4687 1062 4768 (Ps.
1078 4689 1128 4760 50,
1144 4685 1190 4767 6).
1214 4703 1233 4747 a
1252 4685 1316 4748 Sed
1332 4685 1483 4746 Christus
1497 4700 1564 4745 nan
1579 4682 1696 4743 habuit
1713 4697 1793 4744 car-

139 4784 280 4861 cryptas,
305 4798 447 4860 quorum
463 4782 567 4859 pedes
584 4782 731 4856 lavabat,
754 4783 788 4845 ot
813 4784 937 4846 osculis
992 4801 1066 4847 nem
1084 4784 1222 4862 peccati,
1240 4784 1318 4861 quia
1335 4783 1515 4860 conceptus
1528 4783 1578 4844 est
1601 4780 1642 4841 de
1665 4780 1794 4858 Spiritu

141 4879 349 4952 confovebat,
377 4879 531 4956 Magistri
564 4882 696 4943 secutus
731 4882 937 4960 exemplum,
993 4883 1129 4954 Sancto,
1147 4883 1244 4943 natus
1260 4880 1301 4942 de
1317 4879 1424 4941 Maria
1438 4879 1588 4955 Virgine.

141 4978 193 5054 qui
205 4994 280 5039 cum
296 4977 436 5040 lavisset
447 4977 547 5055 pedes
568 4978 818 5057 discipulorum,
844 4983 939 5058 adja-
1032 4980 1199 5054 Quaeritur
1230 4994 1291 5039 cur
1324 4979 1360 5039 in
1393 4976 1647 5039 similitudinem
1680 4977 1794 5039 carnis

142 5075 204 5135 cit:
227 5079 441 5149 boematum
460 5078 538 5137 dedi
557 5079 663 5149 oobu,
688 5077 727 5138 ut
748 5077 781 5139 et
804 5092 866 5140 vos
887 5079 937 5139 tta
992 5077 1170 5158 peccatide
1183 5077 1324 5139 muliere
1336 5091 1456 5154 corpus
1471 5076 1661 5154 assumpsit,
1678 5077 1711 5137 et
1723 5092 1793 5137 non

142 5174 272 5244 fruatis
287 5172 399 5251 (toan.
415 5188 491 5245 1111,
508 5171 572 5253 15).
599 5175 637 5234 ln
660 5174 862 5237 adversitate
876 5174 939 5238 fuit
992 5176 1102 5255 potius
1126 5191 1168 5237 ex
1190 5174 1258 5237 alia
1280 5175 1343 5237 sibi
1362 5175 1504 5237 materia
1525 5190 1647 5238 novum
1674 5188 1795 5249 corpus

144 5267 230 5331 fortis
245 5273 279 5333 ot
300 5271 444 5348 patiens,
469 5272 548 5347 quia
569 5288 644 5333 cum
667 5273 841 5335 tormentis
865 5272 940 5335 alil-
993 5274 1163 5371 formavit,
1194 5274 1245 5347 nt,
1276 5273 1362 5336 sicut
1392 5272 1499 5335 factus
1530 5272 1640 5333 fuerat
1667 5270 1795 5347 primus

143 5369 279 5441 caretur,
310 5366 519 5430 confortatus
549 5368 584 5430 in
613 5370 753 5432 Domino
779 5370 936 5433 dicebat:
993 5375 1108 5446 Adam,
1136 5373 1183 5434 ita
1207 5372 1301 5434 lieret
1329 5373 1363 5434 et
1383 5371 1548 5434 secundus
1572 5392 1579 5429 ε
1602 5371 1627 5431 0
1650 5369 1794 5431 altitudo

9 5524 10 5539 ,
142 5466 274 5527 ‹Daum
296 5481 410 5527 meum
436 5465 521 5538 colo,
547 5467 581 5529 et
598 5467 650 5528 illi
671 5468 734 5529 soli
755 5470 879 5543 servio,
906 5470 939 5531 et
993 5473 1198 5535 diuitiarum
1232 5471 1413 5546 sopientur
1448 5469 1482 5531 et
1516 5466 1671 5528 scaeazttae
1702 5470 1796 5529 Det!

142 5560 211 5624 ideo
229 5579 297 5626 non
317 5564 421 5626 timeo
435 5562 601 5626 tormenta
615 5565 684 5627 tua.
701 5580 723 5625 a
994 5585 1098 5645 quam
1107 5570 1462 5644 incomprehensibilia
1473 5565 1554 5627 sulit
1560 5567 1695 5637 judicia
1707 5567 1793 5637 utus,

995 5669 1029 5729 et
1050 5668 1305 5746 iuvestigabiles
1325 5667 1393 5727 ota
1415 5666 1508 5737 aaut
1532 5665 1614 5729 Otus
1639 5662 1797 5739 copiaobtt
