3958 6204
216 492 288 539 sue.
317 476 404 542 Nam
423 475 509 540 elcut
527 476 608 539 dicit
627 475 744 539 beatus
769 476 960 553 Gregorius,
980 476 1014 539 et
1065 474 1167 555 (leel.
1182 492 1220 549 n,
1238 476 1301 558 12).
1316 479 1457 554 Propter
1469 477 1661 553 secundum,
1678 497 1739 543 seu
1754 483 1793 546 ut
1806 485 1861 546 te-

214 319 273 379 331
676 319 854 399 riosonn
869 318 915 378 iii
930 318 1079 381 orriri.
1101 344 1142 363 -
1163 320 1396 381 sermones.
1803 313 1887 388 ssa'

217 575 317 636 etiam
330 575 535 651 Augustinus
552 591 559 630 ε
576 590 599 636 ‹
611 574 666 636 Sic
683 575 911 653 unusquisque
932 577 1013 637 tunc
1066 575 1188 650 gantur
1201 577 1348 652 peccate,
1361 576 1482 638 dicitur
1498 579 1736 651 :confitemini
1749 583 1861 643 ulter-
1962 554 1963 589 ³

215 673 280 734 erit
301 671 527 749 conspicibilis
548 672 665 742 alteri,
686 673 772 735 deut
795 688 882 733 nuuc
906 673 1015 749 potest
1067 673 1188 734 utmsm
1201 675 1342 746 peccata
1364 676 1483 736 vestra
1497 673 1580 753 (lac
1599 692 1632 747 v,
1650 676 1713 755 16).
1729 678 1864 740 Gentes

216 785 289 830 esse
304 768 531 845 conspicibilis
546 769 610 830 sibi
629 770 706 847 ipsi.
727 787 746 830 r
769 770 825 831 Sic
843 769 941 831 bomo
960 770 1014 831 vi·
1068 770 1118 830 sio
1140 770 1228 831 enim
1247 772 1401 848 quemvis
1424 773 1589 835 sacerdoti
1612 773 1761 850 detegat,
1787 777 1863 839 aliis

215 866 306 930 debit
318 867 540 928 conscientias
561 867 709 930 omnium
724 867 909 939 hominum,
927 868 1014 928 sicut
1067 868 1179 928 tamen
1194 866 1348 929 occultat.
1364 871 1503 946 Propter
1516 870 1661 942 tertium,
1676 887 1736 933 seu
1750 875 1863 935 utnon
1962 866 1963 943 j

215 981 305 1026 nunc
319 980 386 1026 non
402 966 510 1043 potest
521 965 635 1027 videre
650 981 743 1027 suam
756 987 764 1040 i
779 965 857 1043 quia
873 981 940 1027 non
953 981 1014 1042 po-
1068 964 1272 1041 imputentur
1294 968 1441 1043 peccata,
1464 966 1586 1030 dicitur
1613 990 1621 1028 ι
1642 971 1762 1031 Facite
1782 986 1865 1048 ergo
1962 994 1963 1017 ÷

214 1064 281 1125 test
306 1063 406 1125 homo
422 1078 623 1139 cognoscere
641 1064 789 1141 peccate,
814 1063 867 1125 vel
895 1062 1013 1125 merita
1067 1065 1188 1137 dignos
1201 1063 1336 1137 (ructus
1345 1064 1561 1138 poenitentiae
1573 1064 1667 1146 (Luc.
1683 1082 1733 1140 111,
1749 1068 1799 1146 8).

217 1176 291 1233 sua,
301 1160 359 1223 sed
372 1162 450 1223 tunc
462 1161 548 1223 bene
562 1166 739 1238 cognoscet
749 1160 872 1222 aliene.
886 1160 1013 1222 Gaudia
1108 1162 1178 1220 Hoc
1192 1161 1244 1222 est
1256 1161 1403 1223 triduum
1414 1161 1497 1223 illud
1508 1163 1594 1240 quod
1604 1164 1736 1241 Moyses
1749 1165 1866 1229 eduxit

215 1257 388 1321 beatorum
414 1261 491 1321 sunt
510 1260 651 1332 occulta,
675 1259 755 1337 quia
783 1273 881 1321 nemo
907 1259 1014 1336 potest
1069 1257 1226 1333 populum
1246 1258 1348 1319 isreel
1375 1259 1416 1319 de
1438 1261 1594 1336 AEgypto.
1621 1261 1682 1322 llis
1709 1277 1865 1339 memque

216 1371 419 1431 cognoscere
446 1358 570 1435 quanta
595 1357 662 1418 sint
687 1356 836 1419 coelestia
862 1355 1011 1433 praemia.
1068 1353 1175 1415 tribus
1189 1354 1306 1417 diebus
1325 1356 1366 1417 de
1379 1358 1524 1434 AEgypto
1543 1357 1577 1419 et
1598 1360 1717 1421 mentis
1741 1360 1865 1421 contu-

217 1452 312 1516 Unde
323 1454 443 1515 isaias:
456 1457 654 1516 omnesones
664 1456 761 1527 otdlt,
773 1459 877 1526 Deus,
888 1456 1015 1527 absque
1069 1451 1162 1514 sione
1188 1453 1415 1529 egrediuntur.
1445 1457 1524 1516 Hoec
1549 1458 1627 1518 sunt
1648 1472 1755 1532 mena
1779 1460 1867 1519 toste

218 1550 262 1619 te,
274 1567 351 1625 quw
360 1553 572 1626 praeparasti
581 1552 797 1629 uticentibus
806 1553 838 1613 tc
851 1549 909 1629 (Is.
922 1565 1012 1621 cxiv,
1069 1562 1142 1626 quae
1163 1548 1389 1613 offerebantur
1405 1552 1440 1612 in
1464 1552 1677 1615 sacrificium.
1698 1557 1782 1616 liaec
1802 1555 1866 1617 tria

217 1647 264 1727 4).
282 1649 366 1720 Quia
379 1650 408 1709 si
421 1650 494 1726 quis
509 1649 625 1719 oculus
640 1650 831 1712 sanctorum
845 1647 904 1708 ille
918 1647 1012 1716 vidit,
1068 1647 1104 1707 in
1118 1646 1178 1707 illa
1191 1648 1335 1724 pectoris
1349 1649 1504 1711 tunsione
1518 1666 1583 1727 qua
1600 1652 1734 1728 pectora
1751 1656 1868 1714 nostra

218 1761 284 1807 non
297 1744 380 1808 vidit
390 1747 455 1808 nisi
465 1750 578 1824 perte.
588 1746 649 1808 Vel
659 1747 724 1808 ita:
739 1745 853 1813 nullus
861 1745 921 1809 ille
930 1745 1015 1807 uidit
1069 1745 1248 1818 tundimus,
1257 1745 1484 1821 designantur.
1496 1747 1544 1808 Ibi
1554 1750 1768 1825 namquetria
1778 1751 1870 1827 prin·

217 1844 340 1920 prester
352 1844 396 1916 te,
407 1845 483 1920 quie
496 1844 532 1906 tu
545 1843 636 1905 solus
647 1843 832 1920 cognovisti
845 1859 922 1921 quae
933 1858 1016 1921 pre·
1069 1842 1223 1919 cipaliter
1236 1843 1462 1916 attendimtur,
1475 1844 1572 1913 idest,
1585 1846 1690 1919 laesio,
1705 1863 1826 1921 sonus,
1837 1850 1870 1910 et

217 1941 344 2018 parasti
359 1941 574 2017 diligentibus
583 1943 627 2003 te.
641 1944 712 2003 Hoc
726 1941 950 2017 significatum
964 1941 1015 2002 est
1070 1956 1198 2001 manus.
1220 1942 1256 2001 ln
1271 1940 1408 2001 leesione
1421 1941 1532 2003 cordis
1546 1943 1712 2016 contritio,
1728 1944 1766 2005 in
1783 1961 1868 2007 sono

216 2040 253 2101 in
276 2039 362 2110 velo,
381 2038 469 2116 quod
494 2038 659 2116 pendebat
684 2040 762 2101 ante
787 2039 1014 2100 sanctuarium
1069 2037 1137 2098 oris
1157 2037 1333 2110 confessio,
1354 2037 1390 2099 in
1416 2054 1517 2101 manu
1538 2040 1648 2117 operis
1668 2042 1868 2105 satisfactio.

219 2137 292 2197 Dei.
318 2138 405 2197 Nem
430 2135 657 2197 sanctuarium
680 2135 848 2211 significet
872 2136 1014 2214 patriam
1070 2138 1109 2197 Et
1121 2135 1199 2217 quia
1211 2135 1283 2212 ipse
1295 2136 1430 2213 reliquit
1446 2137 1540 2199 nobis
1558 2138 1747 2216 exemplum
1760 2142 1798 2201 ut
1813 2157 1871 2202 se-

218 2234 396 2295 coelestem.
410 2234 528 2297 Velurn
540 2248 620 2309 ergo
631 2236 709 2296 ente
720 2234 946 2294 sanctuarium
962 2233 1015 2293 si·
1069 2249 1211 2310 quamnr
1226 2234 1366 2309 vestigia
1387 2237 1470 2311 ejus,
1494 2236 1528 2296 et
1545 2251 1607 2297 nos
1623 2251 1714 2312 ergo,
1730 2236 1869 2308 tratres,

218 2331 355 2406 gniticat
378 2329 463 2408 quod
486 2331 593 2421 celata
618 2332 733 2393 sunta
754 2330 851 2392 nobis
865 2330 1015 2392 coelestia
1070 2330 1252 2407 cogitemus
1276 2347 1350 2408 quae
1371 2333 1463 2392 recte
1487 2335 1574 2404 sunt,
1597 2332 1775 2410 loquemur
1791 2352 1870 2412 qnae

217 2427 316 2490 bona.
335 2428 411 2500 Sed,
431 2428 518 2491 sicut
543 2426 685 2504 legimus
706 2429 741 2489 in
768 2428 923 2504 passione
948 2430 1016 2488 Do-
1069 2444 1151 2490 sena
1167 2430 1256 2501 eunt,
1268 2444 1445 2507 operemur
1459 2446 1532 2511 qum
1543 2432 1699 2504 Deisunl,
1716 2434 1871 2495 nonred·

217 2526 300 2587 mini
311 2525 396 2603 quod
404 2526 514 2586 velum
525 2526 787 2602 templiscissum
796 2526 1014 2587 estasummo
1069 2525 1184 2587 dentes
1192 2524 1291 2588 etiem
1302 2525 1513 2589 maledictum
1521 2529 1775 2606 promeledicto,
1787 2532 1870 2609 quia

218 2638 324 2700 usque
343 2622 509 2694 deorsum,
532 2622 579 2684 ita
600 2622 711 2683 velum
732 2623 847 2698 templi
870 2622 1014 2687 coelestis
1070 2624 1102 2684 et
1112 2623 1546 2699 ipse,cnm1nelediceretur,
1558 2642 1624 2687 non
1633 2626 1869 2701 maledicebat,

217 2720 387 2782 scindetur
401 2720 436 2783 in
460 2719 514 2781 die
534 2718 661 2795 iudicii,
678 2720 713 2782 et
725 2719 823 2781 erunt
838 2719 1014 2787 manifesta
1070 2720 1128 2781 sed
1152 2720 1286 2797 peccata
1307 2722 1421 2784 nostra
1437 2722 1573 2798 pertulit
1586 2724 1621 2784 in
1642 2740 1782 2801 corpore
1805 2741 1869 2787 suo

217 2817 355 2897 praemia
370 2817 550 2879 electorum
563 2816 634 2878 Dei.
1070 2831 1169 2892 super
1183 2815 1309 2892 lignum
1326 2818 1362 2878 ut
1375 2819 1520 2893 peccatis
1535 2821 1657 2880 mortui
1662 2821 1805 2897 justitiis
1821 2823 1874 2883 vi·

257 2914 426 2994 Supplicia
441 2914 671 2979 damnatorum
683 2914 761 2976 sunt
779 2915 920 2988 occulta,
936 2917 1014 2994 quia
1069 2929 1197 2975 remus.
1214 2914 1326 2975 Nolite
1346 2913 1488 2976 reddere
1506 2916 1612 2977 vicem
1636 2917 1872 2981 maledicenti·

218 3028 315 3077 nemo
341 3012 449 3090 potest
469 3012 567 3089 plene
595 3014 798 3087 cognoscere
825 3013 937 3089 qualia
960 3015 1014 3076 rel
1069 3009 1141 3082 bus,
1156 3010 1233 3087 quia
1249 3010 1278 3071 si
1294 3011 1382 3072 mala
1396 3027 1512 3073 eorum
1530 3013 1627 3075 modo
1641 3018 1719 3076 sunt
1733 3018 1869 3092 operta,

217 3111 340 3187 quanta
356 3111 423 3171 sint
441 3108 564 3171 interni
582 3096 747 3170 tormenta
753 3130 762 3184 ς
784 3110 817 3171 et
840 3110 915 3172 ideo
934 3112 1013 3172 mali
1069 3106 1182 3169 veniet
1192 3107 1263 3168 dies
1268 3108 1399 3184 judicii,
1416 3110 1452 3170 in
1467 3126 1531 3186 quo
1543 3111 1780 3173 revelabuntur
1791 3129 1872 3174 om-

218 3207 380 3268 audenter
398 3207 547 3283 peccant,
565 3206 643 3284 qula
662 3206 816 3268 nesciunt
836 3208 926 3269 mala
940 3225 1014 3285 quae
1069 3204 1125 3265 nin
1138 3207 1272 3282 peccata
1285 3208 1871 3285 eorum.Etnoliteglorieridebonis

219 3304 461 3382 superventura
482 3305 560 3367 sunt
577 3304 638 3366 eis.
657 3304 751 3365 Unde
776 3304 936 3367 Dominus
957 3306 1013 3367 vi·
1068 3302 1200 3374 vestris,
1234 3303 1312 3380 quia
1339 3305 1419 3366 tunc
1447 3305 1756 3369 manifestabuntur.
1779 3310 1869 3380 Quia

218 3401 300 3463 dens
328 3401 495 3463 civitatem
519 3400 612 3464 tlerit
634 3416 735 3478 super
760 3400 852 3463 illam
872 3401 986 3464 dicens
1004 3425 1012 3463 ι
1069 3400 1155 3477 quod
1170 3400 1244 3462 dico
1259 3400 1353 3462 vobis
1367 3402 1403 3464 in
1418 3403 1575 3476 tenebris,
1591 3404 1687 3478 idest,
1700 3404 1735 3465 in
1746 3405 1870 3481 liguris

218 3500 296 3579 quia
312 3500 341 3560 si
354 3499 568 3575 cognovisses
578 3501 611 3561 et
623 3501 671 3572 tu,
689 3499 939 3576 intelligendum
950 3502 1012 3573 est,
1068 3499 1102 3558 et
1124 3497 1391 3571 obscuritatibus,
1414 3499 1514 3562 dicite
1539 3501 1575 3562 in
1604 3501 1739 3574 lumine,
1764 3503 1867 3576 idest,

216 3597 326 3659 lieres.
341 3596 464 3659 Civitas
480 3596 530 3659 est
544 3597 655 3658 anime
668 3613 742 3674 quee
757 3597 787 3659 si
803 3582 1014 3674 cognovisset
1068 3596 1197 3671 operte3
1223 3595 1257 3658 et
1274 3596 1360 3673 quod
1376 3597 1508 3660 inaure
1527 3598 1660 3671 cuditis,
1685 3600 1871 3677 praedicate

217 3694 690 3771 suturajudicie,tleret.Nunc
700 3696 810 3757 eutem
821 3694 1013 3758 abscondita
1068 3695 1277 3770 supertecta,
1293 3694 1389 3767 idest,
1403 3694 1546 3772 publice.
1558 3698 1630 3758 Mos
1640 3698 1729 3759 enlm
1741 3699 1817 3759 erat
1829 3701 1870 3761 iu

216 3794 293 3855 suut
302 3791 544 3869 oboculisejus,
557 3792 614 3857 sed
622 3792 790 3870 injudicio
801 3795 900 3855 eruut
908 3794 1015 3855 mani·
1068 3789 1237 3852 Palestlna
1247 3791 1395 3866 regione,
1411 3791 1468 3853 ubi
1482 3808 1550 3854 non
1566 3795 1643 3856 sunt
1660 3797 1748 3857 tecta
1762 3811 1873 3862 cacu-

215 3890 299 3953 leste
320 3912 329 3951 z
354 3890 491 3953 Dicebat
507 3893 606 3953 lesus
623 3890 814 3967 discipulis:
829 3907 903 3952 cum
913 3889 1013 3953 hodie
1068 3888 1204 3960 minata,
1216 3889 1301 3950 sicut
1316 3890 1437 3950 suntin
1451 3890 1602 3966 partibus
1615 3893 1703 3964 istis,
1717 3893 1872 3956 sedsunt

216 3989 368 4050 homines
381 3989 472 4065 pleni
487 3989 554 4051 sint
567 3988 754 4065 iniquitate,
771 3989 804 4050 et
817 3988 914 4049 nobis
924 3988 1014 4049 inle-
1067 3984 1179 4062 plena3
1191 3986 1744 4066 etproptereaquicumquerolebat
1753 3990 1872 4055 tacere

215 4087 293 4147 runt
307 4085 470 4156 muricia,
483 4086 662 4146 vosautem
677 4085 826 4160 religiosi
841 4086 933 4147 esus.
949 4087 1010 4148 ni·
1067 4094 1252 4140 sermenem
1262 4080 1304 4141 ad
1314 4081 1634 4158 populoniensem
1645 4101 1747 4162 super
1760 4087 1869 4159 mets,

215 4198 316 4257 gnum
339 4184 390 4242 est
412 4183 448 4242 ut
470 4180 577 4241 vicem
591 4180 769 4243 reddamus
790 4182 857 4253 els,
881 4184 1011 4244 etmala
1066 4176 1162 4248 idest,
1186 4176 1327 4253 publice.
1346 4178 1407 4240 Vel
1422 4179 1544 4242 aliter:
1566 4182 1654 4258 quod
1668 4183 1743 4245 dico
1764 4184 1870 4247 robis

216 4293 330 4341 eorum
343 4277 546 4352 detegamus.
562 4277 657 4339 Unde
669 4278 773 4340 David
788 4299 795 4338 :
812 4280 913 4341 Beati
927 4295 1013 4354 quo-
1067 4273 1275 4347 intenebris,
1291 4274 1387 4346 idest,
1402 4276 1488 4353 quod
1503 4278 1600 4340 modo
1615 4279 1690 4340 dico
1709 4280 1807 4343 vobis
1829 4283 1869 4347 in

214 4390 296 4436 riom
310 4378 469 4443 remmsoe
486 4377 569 4436 sunt
587 4376 797 4449 iniquitates
814 4377 848 4438 et
863 4391 1010 4451 quorum
1067 4370 1235 4448 mysterio,
1253 4371 1353 4434 dicite
1366 4373 1402 4434 in
1421 4373 1559 4436 lumine
1575 4378 1720 4454 Recepto
1736 4379 1871 4455 Spiritu

216 4474 305 4535 tecta
322 4474 405 4534 sunt
418 4473 560 4546 peccata
575 4470 645 4552 (Ps.
667 4474 717 4544 31,
742 4472 786 4552 1).
810 4475 941 4535 Beatus
954 4478 1012 4535 etr
1068 4468 1188 4530 Sancto
1201 4470 1424 4545 postmortem
1435 4486 1542 4536 meum
1552 4472 1778 4549 praedicabitis
1789 4493 1870 4541 cum

209 4575 269 4637 ‚cut
283 4570 946 4648 oontmperaoitnomlnmpeccata(rs.
958 4575 1009 4644 30,
1067 4566 1188 4628 fiducia
1203 4567 1356 4628 veritatis
1373 4567 1504 4644 publice
1525 4571 1557 4631 el
1580 4572 1653 4633 sine
1667 4573 1800 4634 timore.
1827 4577 1871 4637 nt

213 4669 259 4746 2).
281 4670 316 4730 si
337 4668 425 4730 enim
440 4668 540 4730 bomo
558 4668 649 4744 tegit,
666 4670 753 4733 Deus
768 4668 902 4744 detegit,
928 4670 963 4731 et
982 4670 1011 4731 si
1066 4664 1198 4741 quodin
1210 4679 1292 4726 aure
1306 4665 1440 4737 auditis,
1453 4665 1550 4739 idest,
1569 4667 1641 4730 solo
1653 4669 1771 4735 auditu
1781 4688 1868 4748 per·-

214 4767 314 4829 bomo
327 4766 461 4843 detegit,
481 4768 570 4828 Deus
583 4765 676 4843 tegit.
700 4767 899 4843 Detegamus
917 4782 1009 4844 ergo,
1066 4761 1189 4838 cipitis,
1220 4761 1400 4843 praedicate
1428 4778 1528 4840 super
1559 4765 1646 4827 tecta
1679 4768 1870 4831 existentes

213 4863 345 4935 fratres,
368 4865 402 4925 et
422 4880 483 4925 nos
507 4864 615 4936 modo,
636 4864 672 4927 ut
686 4866 774 4925 Deus
799 4879 840 4925 ea
860 4866 951 4940 teget
975 4865 1010 4925 in
1066 4858 1261 4937 complendo
1273 4875 1384 4937 opere,
1394 4860 1647 4939 idestzcorpore
1656 4866 1867 4947 vestre,quee

214 4959 338 5027 tuturo,
360 4961 393 5021 et
407 4976 474 5021 non
494 4960 606 5022 rident
629 4960 670 5022 ad
694 4960 887 5025 vindictam.
913 4961 1011 5023 Scitis
1066 4958 1144 5018 sunt
1168 4956 1338 5019 domicilia
1364 4958 1565 5032 animarum,
1587 4961 1742 5038 exponite
1768 4981 1868 5026 mer-

215 5056 304 5118 enim
323 5057 402 5133 quia
417 5057 498 5118 cuin
514 5056 656 5133 tegendo
675 5059 708 5119 et
722 5057 914 5123 excusando
928 5075 1010 5138 pec·
1065 5055 1165 5132 tyrio.

216 5158 337 5225 catum,
354 5153 389 5214 in
403 5154 648 5231 desperationis
660 5154 815 5232 laqueum
828 5155 964 5231 incidit;
979 5157 1012 5217 et
1106 5153 1199 5214 Nihil
1212 5154 1362 5230 opertum
1381 5154 1469 5230 quod
1490 5171 1559 5217 non
1576 5157 1753 5220 reveletur.
1782 5160 1867 5221 Tri-

215 5251 373 5315 econtra
399 5250 503 5313 David
527 5265 588 5327 per
610 5251 855 5314 contessionem
878 5252 1011 5314 veniam
1066 5250 1196 5326 pliciter
1205 5249 1443 5312 revelabuntur
1451 5253 1581 5316 occulta
1591 5255 1680 5315 mala
1690 5255 1867 5333 injudicio

214 5348 414 5425 impetravit.
425 5348 464 5408 nt
474 5347 502 5407 si
510 5346 660 5409 dolemus
667 5349 766 5410 corde
773 5349 807 5411 et
816 5349 1012 5412 confitemur
1065 5347 1125 5408 Dei
1142 5369 1150 5408 ε
1165 5349 1193 5408 Α
1208 5348 1342 5425 propria
1356 5348 1726 5426 bominisconscientie,
1738 5369 1759 5413 a
1771 5354 1868 5415 divi-

216 5459 285 5517 ore,
300 5445 545 5507 satisfaciamus
556 5446 774 5509 nibilominus
786 5449 1012 5524 opereProp-
1065 5460 1109 5506 na
1119 5445 1261 5522 justitia,
1277 5461 1296 5506 a
1310 5447 1500 5508 sauctorum
1517 5449 1661 5509 caterva.
1686 5452 1734 5511 De
1753 5453 1868 5528 primo

215 5544 266 5603 ter
276 5543 428 5618 primum,
440 5560 500 5605 seu
510 5543 751 5614 remissionem,
763 5543 900 5607 dicitur:
912 5547 1012 5607 Scirt-
1065 5542 1145 5605 dicit
1158 5543 1335 5620 Apostolus
1352 5564 1359 5602 ε
1374 5545 1627 5620 cogitationum
1645 5549 1795 5611 invicem
1808 5564 1870 5611 ec-

215 5639 285 5701 dite
299 5643 404 5701 corda
415 5643 535 5704 oestro
547 5640 661 5703 steron
673 5642 879 5705 vestimenta
892 5643 1011 5703 vestra
1029 5719 1031 5723 ‚
1063 5642 1260 5705 meantium
1280 5642 1342 5703 aut
1360 5642 1467 5705 etium
1480 5644 1735 5715 wteodcrrttum
1754 5649 1793 5708 iu
1807 5651 1830 5709 d
1843 5662 1868 5710 e
