3958 6204
99 327 155 387 eil
536 326 624 399 xxi.
638 354 680 371 -
694 325 739 397 IN
761 325 890 387 FESTO
914 325 1064 391 sancii
1085 327 1326 393 LAURENTII.
1696 333 1757 394 242

101 485 187 556 sirit,
205 483 288 562 quia
310 483 421 549 donoc
432 484 571 547 mortem
589 485 746 563 guntarit,
762 483 904 549 hactum
958 501 1057 564 quam
1084 488 1195 550 tamen
1212 487 1310 566 culpa
1329 487 1519 562 remittitur,
1536 452 1593 552 sed
1615 491 1757 553 remissa

101 583 341 660 redemptionis
353 582 513 645 humanae
524 599 590 646 non
606 583 753 661 perfecit,
764 583 821 645 sed
838 599 906 646 mo·
958 586 1170 662 purgatur.0
1189 586 1306 649 beatus
1321 587 1526 667 paupertatis
1539 587 1702 662 internus,
1718 589 1757 650 iu

101 681 215 742 riendo
244 679 393 756 fructum
420 696 465 743 ex
490 697 525 742 se
553 681 798 758 multiplicavit,
826 681 903 759 quia
958 698 1023 759 quo
1045 683 1195 746 Christus
1216 685 1314 747 natus
1336 686 1386 748 est
1407 686 1440 748 et
1465 687 1621 759 nutritus,
1636 688 1669 748 θῖ
1689 686 1756 748 du-

102 794 213 841 omnes
229 777 396 839 advitam
409 780 568 840 aeternam
581 779 836 856 predestinatos
849 795 905 841 re-
958 779 1035 841 dum
1050 779 1113 843 tuit
1130 781 1282 843 incarne
1298 787 1527 845 conversatus.
1545 786 1583 845 ln
1603 800 1667 861 quo
1689 801 1758 847 uon

102 876 211 938 demit
224 876 380 939 Sicutait
398 876 434 937 in
447 876 903 940 EcclesiasticozPenetrabo
958 879 1065 940 solum
1091 878 1261 942 descondit
1288 884 1325 943 ut
1351 896 1429 942 suos
1467 881 1668 955 extraheret,
1698 883 1757 947 sed

102 977 289 1048 mseriorer
306 975 432 1049 portes
448 975 564 1047 terroe,
581 975 616 1036 et
629 978 811 1050 inspiciam
830 990 905 1037 om-
958 976 1090 1053 qnidem
1115 976 1206 1038 dedit
1229 979 1455 1055 semetipsum,
1472 981 1508 1040 ut
1528 996 1589 1040 nos
1613 980 1759 1057 eriperet

102 1086 159 1133 nes
172 1073 403 1144 amentes,
419 1073 454 1134 ei
467 1074 665 1135 illuminabo
691 1087 809 1135 omnes
823 1088 905 1148 spe·
958 1072 998 1134 de
1010 1074 1168 1149 praeseuti
1179 1074 1302 1137 saeculo
1314 1075 1585 1152 nequitiarium
1593 1077 1634 1139 de
1646 1092 1758 1139 massa

101 1171 284 1230 materia
307 1169 638 1249 DeoOEccli.xx1v,
664 1168 729 1250 45).
752 1170 903 1232 Christus
957 1171 1161 1247 perditorum
1187 1174 1349 1249 segregat,
1379 1172 1427 1234 ibi
1455 1174 1615 1251 aggregat
1648 1174 1754 1236 donec

101 1265 271 1328 descendit
296 1266 334 1328 in
358 1266 536 1329 inferiores
554 1268 667 1344 partes
683 1270 791 1341 terrae,
805 1269 901 1341 idest,
957 1268 1122 1331 extrahat.
1139 1271 1177 1331 In
1189 1269 1253 1332 hoc
1271 1270 1404 1332 inferno
1419 1271 1497 1334 sunt
1517 1271 1755 1334 adolescentu-

101 1365 134 1426 in
158 1364 307 1438 interno,
326 1366 361 1427 et
378 1365 526 1442 inspexit
548 1381 664 1427 omnes
688 1366 900 1440 dormientes,
956 1364 998 1427 lae
1014 1381 1119 1439 novae,
1133 1366 1289 1431 videlicet
1303 1368 1475 1431 initiantes
1491 1369 1612 1431 animae
1629 1372 1755 1447 juven-

101 1463 194 1531 idest,
206 1478 329 1524 omnes
343 1464 492 1525 mortuos
512 1462 570 1541 qui
584 1466 680 1526 erant
693 1464 729 1525 in
742 1464 901 1539 tenebris,
957 1463 1052 1537 culae,
1069 1465 1216 1541 proiecto
1230 1466 1483 1543 tympanistriae,
1496 1483 1578 1545 quas
1589 1467 1757 1545 principes

101 1562 132 1622 et
156 1560 367 1622 illuminavit
400 1576 514 1622 omues
542 1562 716 1638 sperantes
753 1561 788 1623 in
822 1564 901 1636 Deo,
957 1561 1102 1638 angelici
1125 1563 1335 1640 praeveniunt
1353 1564 1390 1625 in
1416 1564 1576 1641 cymbalis
1601 1565 1686 1627 bene
1700 1580 1758 1627 so-

102 1656 196 1731 idest,
212 1673 333 1722 omnes
357 1657 483 1731 fideles,
504 1659 561 1736 qui
582 1657 715 1722 fuerunt
739 1659 781 1721 ab
806 1660 903 1723 initio
957 1659 1125 1734 nantibus,
1144 1661 1177 1722 et
1189 1660 1437 1738 subsequuntur
1450 1662 1485 1723 iu
1499 1662 1758 1742 cymbalisjubi·

102 1755 214 1817 mundi
228 1771 337 1833 nsque
352 1756 395 1819 ad
415 1755 609 1822 descensum
630 1756 737 1834 ipsius
752 1758 794 1820 ad
810 1757 900 1821 inte·
957 1758 1104 1819 lationis.
1119 1761 1156 1820 ln
1169 1757 1247 1819 aliis
1262 1758 1425 1836 siquidem
1437 1760 1577 1821 infernis
1589 1760 1753 1834 homines,
1805 1806 1810 1817 .

101 1868 165 1924 ros,
181 1855 216 1914 et
241 1851 362 1917 eduxit
386 1869 444 1915 eos
471 1854 511 1917 de
534 1854 680 1917 tenebris
710 1855 831 1918 interni
860 1857 902 1918 ad
957 1855 1014 1917 sed
1049 1856 1085 1917 in
1120 1855 1185 1918 isto
1215 1856 1381 1919 daemones
1413 1856 1455 1917 ad
1491 1872 1638 1934 praesens
1673 1873 1755 1919 cru-

101 1950 205 2013 lucem
219 1967 352 2025 veram,
365 1968 448 2030 quos
461 1952 578 2029 dignos
590 1952 816 2031 redemptione
824 1971 904 2032 pas·
957 1953 1098 2015 cientur.

100 2048 201 2110 sionis
238 2048 382 2112 invenit.
414 2050 507 2112 Unde
533 2049 650 2112 beatus
682 2051 900 2116 Ambrosius:
996 2051 1168 2114 Moraliter
1193 2053 1301 2130 potest
1324 2053 1365 2114 de
1379 2068 1579 2131 unoquoque
1603 2053 1754 2116 nostrum

100 2146 225 2207 «Nihil
250 2146 351 2208 nobis
375 2147 468 2209 nasci
484 2148 689 2222 contulisset,
704 2148 769 2211 nisi
782 2149 901 2211 redimi
955 2148 1110 2226 intelligi.
1127 2152 1253 2228 Corpus
1277 2150 1355 2212 boni
1379 2150 1556 2228 quuslibet
1579 2151 1755 2213 christiani

97 2243 279 2321 profuisset
302 2262 332 2319 n,
355 2244 512 2323 quoniam
539 2247 618 2309 aute
642 2246 901 2324 redemptionem
955 2247 1006 2308 est
1026 2246 1122 2324 quasi
1143 2262 1285 2323 granum
1299 2246 1468 2321 humenti,
1485 2247 1583 2327 quod,
1607 2247 1684 2309 dum
1699 2263 1756 2310 se-

98 2341 346 2405 descendebant
361 2343 513 2404 homines
525 2343 566 2405 ad
581 2343 759 2409 internum.
954 2343 1087 2421 politur,
1101 2345 1295 2418 seminatur,
1304 2345 1390 2407 idest
1403 2345 1544 2407 moritur
1554 2345 1591 2407 in
1603 2346 1753 2422 pulvere,

134 2439 274 2517 Triplex
285 2440 506 2505 estiniernus.
517 2441 612 2505 Alius
624 2442 898 2520 consumptionis,
955 2442 991 2504 nt
1005 2441 1171 2519 gloriosus
1186 2445 1404 2519 conresurget
1425 2442 1459 2503 in
1473 2459 1594 2516 messe,
1605 2442 1702 2515 idest,
1716 2441 1751 2503 in

100 2536 153 2599 ubi
166 2540 218 2599 est
230 2538 323 2615 iguis
336 2538 392 2616 qui
410 2524 589 2629 numquam
603 2540 755 2613 moritur,
765 2541 799 2602 θῖ
812 2541 900 2617 ignis
954 2540 1072 2615 gloria.
1084 2541 1206 2602 Messis
1219 2541 1271 2602 est
1281 2541 1522 2602 consummatio
1530 2541 1656 2603 saeculi.
1668 2542 1754 2602 Mes·

101 2635 152 2716 qui
175 2651 362 2714 numquam
381 2636 598 2721 extinguitur,
614 2636 649 2697 in
663 2652 729 2715 quo
744 2638 835 2700 nulla
850 2639 901 2703 est
954 2653 1048 2700 sores
1058 2638 1182 2715 angeli,
1198 2638 1256 2716 qui
1272 2637 1370 2711 inice,
1383 2638 1480 2711 idest,
1492 2638 1687 2717 Deijudicio
1698 2638 1754 2701 vel

101 2733 294 2811 redemptio.
323 2734 419 2795 Alius
448 2734 499 2796 est
523 2734 687 2796 infernus.
698 2736 899 2817 expiationis
954 2735 1118 2800 sententia
1130 2734 1380 2812 congregabunt
1388 2734 1492 2798 bonos
1505 2736 1548 2797 ad
1557 2735 1672 2808 vitam,
1681 2751 1755 2797 ma·

13 2900 15 2909 J
102 2831 155 2909 qni
173 2832 354 2909 deputatus
369 2834 420 2895 est
432 2832 605 2894 animabus
626 2834 810 2912 purgandis
827 2838 901 2912 post
954 2832 1057 2895 losad
1075 2832 1295 2910 perditionem
1310 2834 1481 2894 aeternam.
1498 2832 1592 2894 Unde
1605 2833 1752 2910 Aposto-

102 2931 247 2991 mortem.
265 2929 362 2991 Alius
376 2930 528 2993 infernus
544 2930 735 2993 afflictionis
750 2947 898 3013 pauper·
953 2930 1006 2994 lus
1021 2952 1029 2991 r
1045 2931 1247 2993 sentinatur
1269 2933 1307 2992 in
1327 2930 1694 3006 compleuerant
1714 2933 1752 2992 in

101 3028 158 3099 hs,
180 3027 342 3093 videlicet
360 3028 561 3102 voluntaria,
577 3029 613 3090 in
637 3045 702 3107 qua
725 3028 898 3093 abrenun-
953 3028 1223 3103 incorruptione.
1247 3029 1452 3089 seminatur
1469 3031 1507 3088 in
1531 3027 1749 3101 infimitate,

103 3124 219 3185 danim
244 3124 371 3189 saeculo
397 3125 545 3203 affligere
577 3126 734 3189 debemus
769 3128 898 3191 animas
952 3125 1073 3200 serpet
1091 3127 1129 3195 in
1152 3125 1283 3186 virtute
1301 3121 1330 3204 (Ι
1349 3126 1423 3186 Gor.
1443 3141 1499 3196 xr,
1515 3126 1566 3198 42,
1582 3122 1648 3204 43).
1664 3126 1751 3186 Nam

104 3224 245 3295 nostras,
258 3224 297 3285 ut
319 3239 488 3298 sanemur,
511 3241 573 3287 nec
591 3225 803 3289 transeamus
824 3229 899 3305 post
953 3237 1073 3301 corpus
1100 3221 1245 3283 hominis
1273 3221 1362 3299 quod
1388 3221 1569 3295 infirmum,
1590 3236 1693 3299 grave
1718 3223 1752 3284 et

104 3322 237 3383 mortem
253 3320 297 3382 ad
319 3321 495 3398 jndicium‚
512 3322 569 3384 sed
581 3323 626 3385 'de
648 3326 754 3387 morte
775 3325 816 3389 ad
841 3324 897 3387 ri·
952 3318 1100 3396 ignobile
1115 3319 1286 3396 sepelitur,
1299 3320 1402 3381 multa
1415 3319 1549 3388 virtute,
1566 3319 1749 3393 celeritate,

101 3418 175 3478 tam
192 3420 231 3479 in
246 3417 312 3480 hoc
326 3417 458 3480 inferno
472 3420 608 3497 ponitur
631 3421 780 3499 quisquis
794 3421 897 3483 abre·
952 3417 1059 3494 gloria
1087 3417 1123 3478 iu
1148 3417 1394 3480 resurrectione
1418 3417 1696 3494 magnificabitur,
1717 3418 1752 3478 et

102 3515 256 3576 nuntians
272 3515 417 3593 propriis
431 3516 657 3594 voluptatibus
668 3519 791 3592 carnis,
807 3535 894 3581 mor·
952 3514 1030 3579 tuuc
1043 3514 1161 3579 anerei
1175 3515 1316 3577 multum
1329 3514 1472 3577 fructum
1484 3515 1601 3592 gloriae
1615 3515 1751 3579 virtutis

102 3611 201 3673 tilicat
215 3611 365 3673 membra
381 3628 442 3673 sua
461 3629 535 3690 quae
555 3616 746 3693 suntsuper
760 3618 896 3689 terram,
952 3612 1024 3674 bei.
1051 3612 1144 3675 Sicut
1169 3628 1249 3690 ergo
1272 3628 1425 3689 granum,
1451 3614 1624 3691 postquam
1649 3612 1751 3676 luerit

103 3710 203 3784 magis
228 3708 358 3786 eligens
370 3709 477 3786 affligi
488 3726 562 3771 cum
577 3713 697 3789 populo
715 3713 786 3785 Dei,
799 3729 898 3790 quam
952 3711 1128 3783 mortuum,
1143 3710 1263 3788 recipit
1280 3726 1401 3772 novum
1423 3710 1564 3772 formam
1585 3712 1621 3773 in
1644 3711 1748 3790 spica,

101 3805 291 3883 temporalis
326 3806 456 3885 peccati
488 3807 612 3870 habere
641 3809 896 3886 jncunditatsm.
951 3807 999 3868 ita
1014 3822 1134 3885 corpus
1154 3808 1330 3870 christiani
1345 3808 1380 3869 in
1399 3807 1644 3889 resurrectione
1658 3807 1750 3870 reci-

102 3903 159 3975 Qui
179 3919 261 3981 ergo
275 3905 311 3966 in
328 3904 417 3968 hunc
432 3904 599 3972 internum
614 3906 816 3969 descendere
829 3924 897 3969 non
951 3904 1020 3982 piet
1033 3921 1155 3969 novam
1178 3905 1319 3966 formam
1340 3906 1374 3966 θῖ
1393 3920 1516 3968 novum
1539 3903 1750 3981 splendorem

102 4004 201 4074 curat,
226 4002 338 4064 adhuc
363 4003 399 4066 in
423 4020 524 4067 carne
537 4003 676 4081 positus,
701 4004 737 4069 iu
756 4004 897 4067 alterum
952 4002 985 4063 et
1013 4016 1132 4063 novam
1149 4001 1302 4079 gloriam.
1322 4002 1436 4063 Potest
1456 4016 1586 4079 quoque
1609 4001 1650 4062 de
1665 4016 1751 4062 uno-

103 4096 236 4160 duorum
261 4100 410 4176 proiecto
436 4100 624 4173 descendet,
640 4101 700 4163 vix
719 4102 777 4167 aut
800 4118 898 4163 num·
953 4115 1082 4177 quoque
1098 4100 1243 4177 martyre
1265 4099 1406 4176 intelligi
1421 4099 1652 4177 spiritualiter.
1669 4100 1750 4161 Cum

104 4211 208 4271 quam,
233 4196 498 4276 redemptionem
530 4199 738 4263 inventurus.
764 4200 896 4262 Primus
952 4196 1041 4258 enim
1056 4196 1195 4275 quilibet
1220 4198 1346 4275 martyr
1367 4213 1427 4275 pro
1442 4196 1572 4259 Christo
1592 4197 1751 4275 semetip-

104 4291 250 4355 iniernus
265 4296 317 4357 est
335 4296 515 4368 exactoris,
527 4297 605 4374 quia
626 4298 662 4358 in
690 4313 729 4358 eo
750 4297 898 4375 exigitur
952 4310 1025 4355 sum
1043 4294 1180 4357 tradidit
1202 4294 1361 4373 passioni,
1375 4295 1514 4357 multum
1537 4295 1681 4359 fructum
1695 4297 1751 4357 at·

103 4405 203 4473 usque
216 4392 491 4455 adnorissimum
507 4393 735 4472 quadrantem,
751 4397 783 4458 et
797 4411 895 4472 poena
950 4390 1039 4464 tulit,
1060 4393 1139 4470 quia
1167 4393 1289 4471 pagani
1314 4393 1465 4456 videntes
1491 4393 1648 4470 patientis
1669 4409 1752 4454 oon-

105 4489 172 4564 ojus
185 4487 464 4566 interminabilis3
480 4493 517 4552 ut
535 4492 656 4569 quippe
673 4491 758 4553 nihil
773 4493 894 4555 remit·
951 4491 1120 4563 stantiam,
1135 4492 1168 4552 et
1185 4506 1245 4568 per
1261 4491 1371 4569 ipsum
1392 4492 1572 4569 martyrem
1587 4491 1751 4552 miracula

104 4584 197 4658 tatur,
207 4602 388 4665 numquam
398 4586 497 4648 tinem
506 4588 655 4652 inveniat
664 4590 896 4667 exactio,quia
952 4588 1147 4655 salvatoris.
1163 4588 1389 4665 glorificantes
1410 4588 1587 4660 Christum,
1604 4603 1749 4649 conver·

108 4678 220 4758 injuria
242 4685 302 4746 Dei
324 4701 456 4763 semper
470 4686 654 4749 ulciscitur.
668 4687 759 4751 Adeo
783 4688 894 4766 siqui·
950 4687 1107 4749 tabantur
1126 4685 1167 4747 ad
1190 4686 1310 4763 ipsum,
1326 4686 1359 4747 et
1380 4685 1560 4746 Christiani
1587 4686 1644 4762 qui
1669 4685 1750 4746 tunc

108 4775 172 4841 dem
186 4781 345 4844 horribile
360 4786 411 4846 est
423 4799 483 4861 per
497 4784 756 4867 inobedientiam
770 4785 896 4848 interro
951 4785 1057 4856 erant,
1072 4782 1345 4846 confortabantur
1356 4782 1391 4841 in
1404 4780 1535 4843 melius.
1546 4782 1586 4844 Et
1598 4783 1645 4844 iia
1658 4797 1752 4843 mar-

109 4879 645 4954 coniumeliamcroatori,utnulla
655 4898 752 4959 poena
766 4883 894 4960 expiari
950 4882 1014 4959 tyr,
1031 4881 1089 4958 qui
1110 4880 1202 4941 solus
1215 4878 1354 4940 cadebat
1368 4878 1403 4940 in
1422 4881 1523 4952 terra,
1538 4896 1598 4957 per
1616 4879 1749 4942 dolores

109 4978 204 5049 queat,
232 4978 298 5040 nisi
326 4979 397 5056 ipse
422 4980 579 5042 remittat.
608 4980 700 5054 Quod
724 4981 760 5041 in
786 4982 894 5058 prima
950 4980 1201 5048 tormentorum,
1217 4976 1357 5038 multum
1380 4975 1523 5038 trucium
1538 4977 1700 5041 afferebat
1711 4979 1748 5040 in

108 5070 360 5152 transgressione
391 5078 518 5156 liquido
549 5079 698 5157 apparet.
731 5082 797 5141 Pro
829 5096 894 5157 qua
950 5077 1015 5139 ilde
1025 5090 1262 5138 conversorum
1273 5089 1493 5151 paganorum.

109 5169 196 5233 eiam
222 5174 379 5245 infantes,
408 5175 528 5253 quibus
554 5177 590 5238 iu
617 5175 781 5254 baptismo
809 5177 893 5241 nihil
990 5174 1145 5252 Sequitur
1158 5193 1165 5233 ε
1178 5174 1345 5240 (intentet
1356 5176 1621 5237 antecameram
1628 5175 1751 5250 perdet

109 5269 282 5345 remittitur,
294 5272 330 5334 in
346 5273 507 5335 aeternum
520 5274 732 5336 damnantur.
949 5288 1026 5334 eone
1042 5271 1136 5351 (Luc.
1154 5285 1201 5343 1x,
1217 5269 1284 5350 24).
1302 5270 1493 5348 Tripliciter
1506 5272 1619 5333 amant
1635 5270 1748 5332 bomi-

142 5369 305 5431 Secundus
320 5372 372 5433 esi
393 5372 618 5449 purgatorius,
635 5372 754 5435 tertius
769 5372 892 5434 remis·
948 5386 1008 5433 nes
1020 5367 1150 5431 animas
1164 5382 1254 5441 suas,
1270 5368 1304 5430 θῖ
1322 5368 1448 5430 idcirco
1471 5368 1614 5445 perdunt
1631 5382 1689 5429 eas
1714 5367 1749 5429 in

109 5464 214 5537 torius,
232 5466 267 5529 in
286 5483 358 5546 quo
382 5468 551 5535 nimirum.
577 5470 656 5548 quia
679 5470 892 5533 voluntarius
948 5465 1148 5535 honoribus,
1165 5466 1202 5526 in
1228 5465 1355 5529 divitiis
1378 5466 1460 5528 etin
1473 5463 1614 5526 deliciis.
1635 5466 1673 5527 in
1688 5466 1752 5528 bo·

15 5556 17 5641 t
108 5562 159 5633 est,
172 5579 258 5644 saepe
282 5566 317 5633 et
339 5580 438 5645 prena
464 5568 499 5629 et
522 5567 620 5646 culpa
644 5567 835 5632 remittitur.
854 5569 892 5633 ln
948 5563 1085 5628 uocibus
1099 5562 1279 5637 ambitiosi,
1293 5564 1329 5627 in
1348 5561 1474 5626 divitiis
1486 5561 1592 5633 avari,
1606 5561 1641 5624 in
1657 5562 1745 5628 deli·

16 5670 18 5741 l
107 5663 237 5725 mundo
257 5678 339 5726 uero
364 5663 427 5725 etsi
448 5664 644 5744 quandoque
665 5681 774 5745 prena,
791 5682 891 5728 uum·
946 5663 1009 5727 ciis
1029 5661 1230 5742 voluptuosi.
1258 5660 1431 5723 Ambitiosi
1457 5659 1601 5740 perdunt
1618 5661 1751 5743 animas
