3968 6204
205 318 246 381 79
668 321 844 385 HONORII
867 322 912 381 111
933 322 1083 387 OPERA.
1098 355 1140 369 -
1154 326 1387 389 SERMONES.
1819 335 1862 395 80

205 479 510 555 etsumtltaDuctd
527 477 620 560 (Luc.
648 495 685 552 ir,
706 478 753 559 5).
769 480 808 543 nt
826 480 1004 559 itaquarta
1056 484 1157 546 tatem
1192 486 1301 548 Beatae
1329 487 1457 549 Mariae.
1493 489 1579 550 Nam
1611 490 1713 551 Beata
1751 493 1860 554 Maria

210 592 332 639 aurora
348 577 398 641 est
411 577 519 639 Maria
533 577 575 637 de
589 577 693 654 stirpe
707 577 822 640 David.
1056 581 1200 660 benigna
1215 585 1276 656 est,
1290 583 1386 657 idest,
1404 586 1498 661 larga
1512 587 1549 647 ln
1567 586 1740 649 beneficiis
1756 590 1861 651 omni-

246 685 328 745 ltem
355 682 421 745 tria
449 682 663 745 attenduntur
693 683 729 745 iu
757 700 900 755 aurora,
930 702 1003 763 quae
1056 678 1118 740 bns
1142 681 1386 758 postulantibus
1408 683 1583 746 dovotione
1598 685 1742 748 sincera.
1764 688 1860 749 Unde

206 780 426 858 spiritualiter
438 781 581 858 pertinet
590 781 632 843 ad
643 781 773 844 beatam
784 783 924 845 Mariam
932 784 1004 845 Vir·
1057 779 1213 840 Salomon
1228 779 1262 840 in
1280 780 1470 843 Proverbiis
1488 804 1496 841 :
1520 785 1648 845 Manus
1669 800 1754 846 etms
1770 802 1859 861 apc-

204 879 329 955 ginem,
353 876 491 948 scilicet,
512 878 697 956 evigilatio,
716 880 793 943 finis
807 881 1002 961 praeceden-
1055 876 1129 936 rint
1144 877 1286 951 inreptet
1296 883 1433 952 palmas
1447 895 1530 941 suus
1542 881 1697 943 extendit
1716 885 1763 943 ud
1773 898 1859 958 pau

206 975 289 1038 tium
308 974 522 1038 tenebrarum
550 978 583 1040 et
608 976 741 1041 initium
767 978 853 1040 lucis
881 978 1002 1041 subse-
1051 988 1157 1046 peres
1177 972 1289 1053 (Pion
1313 991 1408 1049 1111,
1429 975 1496 1057 20)·
1512 978 1614 1040 Beata
1633 979 1859 1041 11111111)ῦῦ-

202 1068 347 1151 quemn.
375 1074 555 1151 evigilatio
576 1075 676 1154 juxta
701 1076 784 1139 illud
809 1099 817 1139 ι
840 1078 1000 1155 surpite,
1056 1070 1252 1133 datdtvitits
1275 1073 1309 1133 in
1333 1074 1546 1148 mortalibus,
1572 1077 1755 1137 secuntum
1770 1079 1856 1156 quon

203 1175 398 1249 cipitemus,
424 1176 507 1247 quta
529 1174 645 1236 veniet
665 1177 851 1247 Dominus,
875 1174 1003 1237 scilicet
1061 1168 1097 1228 in
1128 1169 1318 1233 Proverbiis
1340 1171 1421 1235 dicit
1444 1173 1476 1234 ei
1496 1173 1585 1234 lilius
1605 1190 1712 1236 suus:
1737 1178 1858 1239 Mettius

204 1268 240 1331 in
255 1269 430 1345 virginem.
449 1270 611 1335 veniente
632 1287 775 1349 namque
788 1272 929 1335 veritate
944 1272 1004 1335 oe-
1054 1266 1135 1338 nltae
1159 1271 1459 1345 eottrreuaverunt
1481 1272 1633 1344 otuinus,
1665 1272 1703 1334 tu
1729 1288 1858 1348 super-

203 1364 277 1428 buit
290 1366 407 1430 umbra
429 1385 562 1430 cessere
578 1370 677 1447 Juxta
698 1369 781 1431 illud
798 1390 806 1431 z
822 1373 1003 1433 Nouissoe
1053 1379 1177 1440 aresta
1210 1380 1247 1427 et
1281 1370 1467 1429 universas
1502 1366 1617 1448 (Pr0V·
1652 1386 1749 1444 1111,
1786 1369 1854 1450 29)-

201 1468 484 1545 pervenientibus
502 1468 624 1530 vetera
647 1469 814 1540 ubjtctetis
835 1466 999 1547 (Levitx,
1055 1462 1156 1533 Quasi
1178 1462 1324 1525 di00r0t²
1349 1465 1462 1527 Multae
1482 1465 1571 1539 filine,
1594 1468 1707 1530 mnitae
1731 1468 1855 1531 nnimae

203 1559 269 1641 26).
291 1565 340 1624 Ex
354 1580 419 1641 quo
434 1563 522 1625 enim
537 1564 647 1626 velum
662 1565 776 1643 templi
797 1566 937 1628 scissum
952 1566 1003 1628 est
1054 1559 1304 1637 acquisiverunt
1318 1562 1382 1623 sibi
1400 1563 1534 1625 divitias
1547 1566 1763 1639 immortaleS‚
1780 1582 1855 1629 coe·

204 1675 225 1721 a
244 1677 493 1743 summotisque
517 1661 682 1736 deorsum,
706 1663 853 1726 ablatum
874 1665 924 1725 est
942 1680 1003 1725 ve-
1054 1655 1153 1719 lestes
1168 1656 1400 1734 beatitudines,
1424 1661 1481 1722 sed
1502 1663 1551 1730 111,
1575 1665 1696 1724 Sancta
1715 1666 1855 1726 nancta·

205 1759 315 1819 lamen
343 1775 363 1819 a
389 1759 475 1821 facie
501 1760 626 1838 Moysis
646 1760 682 1823 ut
696 1761 872 1839 appareret
893 1762 1001 1838 gloria
1054 1769 1141 1828 rum,
1167 1755 1270 1833 Virgo
1294 1758 1461 1834 virginum
1483 1775 1700 1837 supergressa
1718 1778 1754 1824 es
1776 1763 1856 1823 uni-

203 1855 315 1918 vultus
330 1859 413 1935 eJ'us.
430 1860 477 1919 De
491 1858 564 1938 ipsa
581 1859 682 1921 etiam
696 1859 825 1935 virgine
840 1859 999 1936 speciali·
1053 1867 1183 1926 161388,
1218 1855 1303 1930 quod
1335 1856 1421 1918 Sicut
1455 1858 1547 1919 nulle
1584 1857 1644 1920 tibi
1679 1859 1788 1937 potuit
1817 1860 1855 1921 in

202 1958 255 2016 ter
282 1955 442 2033 scriptum
467 1957 518 2017 est
543 1977 550 2021 z
576 1957 658 2029 Qum
683 1957 825 2018 cunctus
851 1961 1001 2021 hereses
1054 1950 1182 2012 meritis
1192 1953 1389 2029 comparari,
1404 1955 1451 2016 ita
1466 1956 1572 2016 necin
1587 1956 1736 2032 praemiis
1749 1957 1857 2035 aequi-

202 2058 275 2117 solu
285 2053 506 2115 interemisti.
520 2052 655 2115 Initium
664 2053 998 2132 subsequentislucis,
1055 2048 1178 2125 parari.
1204 2050 1284 2110 Cum
1312 2051 1415 2127 igitur
1442 2051 1523 2113 luna
1549 2055 1665 2116 nostra
1686 2055 1730 2116 sit
1754 2056 1856 2131 plena

204 2150 291 2211 unde
317 2152 350 2211 et
375 2150 411 2211 in
433 2150 531 2226 partu
562 2150 669 2228 ipsius
697 2151 834 2213 claritas
862 2152 1001 2213 circum-
1054 2147 1181 2209 coelesti
1195 2146 1332 2220 bonore,
1353 2149 1440 2212 idest
1457 2150 1565 2226 gloria
1586 2151 1853 2225 etbeatitudine,

205 2247 473 2324 sulsitpastores.
490 2250 564 2325 Ipsa
584 2250 634 2310 est
656 2249 744 2314 enim
763 2250 882 2322 Maria,
902 2249 998 2322 idest,
1053 2260 1171 2305 manus
1196 2261 1273 2306 suns
1296 2247 1427 2322 aperuit
1448 2248 1601 2324 inopini
1623 2251 1752 2326 palmas
1774 2267 1855 2311 suas

204 2345 302 2409 stella
321 2346 441 2417 maris,
472 2362 545 2424 quae
568 2362 691 2408 novum
715 2346 818 2409 edidit
838 2347 943 2408 solem
967 2348 1001 2409 θῖ
1053 2341 1203 2404 extendit
1219 2342 1260 2403 ad
1275 2359 1449 2421 pauperes,
1470 2345 1558 2407 idest
1573 2347 1677 2408 multa
1691 2347 1855 2410 beneficia

203 2443 295 2504 sidus
323 2443 494 2518 singulare
526 2441 726 2521 praetulgens
749 2446 885 2522 propter
913 2445 1000 2523 quod
1054 2438 1182 2502 conteri
1193 2434 1418 2517 indigentibus
1432 2445 1465 2505 θῖ
1476 2444 1730 2520 postulantibus.

201 2540 370 2603 Elisabeth
385 2540 456 2603 ait:
476 2542 567 2603 Utine
581 2545 643 2609 hoc
656 2545 741 2609 mihi
757 2543 797 2604 ut
818 2544 936 2612 veritat
955 2547 1000 2607 ud
1093 2537 1133 2605 Et
1156 2540 1234 2600 nota
1264 2537 1328 2599 duo
1357 2539 1554 2602 admiranda
1588 2542 1624 2603 in
1652 2543 1852 2606 humiditate

201 2654 257 2700 me
271 2638 386 2700 mater
399 2641 539 2701 Domini
552 2642 621 2701 met
634 2636 729 2719 (Luc.
743 2656 766 2713 1,
783 2640 849 2719 43).
864 2642 904 2702 Et
918 2640 999 2702 alibi
1053 2634 1152 2707 lunae,
1176 2635 1332 2697 videlicet
1353 2637 1439 2714 quod
1457 2637 1529 2715 ipsa
1544 2638 1588 2702 sit
1606 2639 1704 2717 plena
1724 2642 1853 2704 coelesti

202 2734 324 2798 dicitur
338 2756 347 2799 z
363 2737 493 2799 Beatus
515 2737 638 2798 ueniter
652 2740 711 2812 qut
732 2737 766 2799 te
788 2737 944 2813 portavit
965 2739 1000 2800 et
1052 2732 1170 2808 gloria,
1184 2734 1217 2794 et
1230 2732 1317 2810 quod
1330 2735 1546 2812 superfundat
1560 2737 1655 2798 nobis
1665 2739 1851 2815 gratiarum

200 2836 394 2907 tremuntur
407 2834 537 2895 nrmtstt
548 2831 641 2909 (Luc.
655 2849 702 2907 x1,
718 2831 783 2915 17).
1052 2830 1265 2892 charismata.
1281 2833 1328 2893 De
1349 2833 1456 2910 primo
1476 2832 1621 2896 diximus
1635 2835 1681 2896 ibi
1702 2858 1709 2896 ι
1730 2838 1855 2900 Μιιῖῖω

239 2932 319 2997 Haeo
333 2930 445 2999 autem
466 2946 601 3004 aurora,
617 2929 749 3005 iratres,
767 2930 907 3008 pulchra
921 2930 996 3003 iuit,
1050 2928 1131 3000 nitu
1144 2932 1443 3005 cottprepuuerunt
1457 2933 1609 2994 divitius.
1631 2935 1679 2994 De
1702 2935 1851 2997 secundo

202 3027 260 3090 sed
276 3027 415 3105 pulchra
437 3028 474 3090 ut
498 3028 578 3090 luna
604 3028 739 3106 propter
762 3029 883 3091 multas
904 3045 999 3107 pres-
1052 3023 1097 3086 ibi
1112 3045 1120 3084 ε
1135 3028 1263 3087 Manus
1276 3028 1654 3103 sttusaperuttinopt...

203 3141 299 3191 suras
316 3125 349 3187 et
372 3124 546 3201 angustias
566 3141 649 3203 quas
675 3126 834 3193 sustinuit
852 3126 887 3187 in
902 3128 997 3204 pueri
1092 3123 1184 3183 Luna
1206 3123 1256 3215 est
1278 3124 1490 3186 multiformis
1513 3125 1549 3187 in
1570 3127 1644 3189 luce
1669 3145 1741 3190 sua.
1762 3130 1853 3192 Num

201 3223 378 3285 nutritura.
400 3222 494 3285 Unde
519 3224 552 3285 θῖ
579 3222 741 3286 infantem
765 3224 886 3302 pannis
901 3225 999 3286 invo—
1051 3219 1230 3296 aliquando
1259 3219 1363 3297 fulget
1397 3238 1524 3284 summo
1560 3226 1746 3300 corniculo,
1779 3227 1849 3289 ali-

200 3321 303 3382 latum
320 3320 428 3398 posuit
449 3320 484 3381 in
499 3320 674 3399 praesepto,
689 3322 767 3398 quia
784 3337 850 3383 non
874 3322 947 3389 erat
965 3323 997 3387 ei
1051 3316 1182 3395 quando
1195 3317 1274 3379 orbe
1286 3319 1406 3392 medio,
1421 3320 1601 3398 aliquando
1612 3339 1751 3400 corpore
1764 3325 1846 3386 toto.

198 3418 293 3487 locus.
307 3419 341 3485 in
354 3417 550 3487 diversorio,
1052 3414 1106 3474 Sic
1130 3416 1231 3476 Beata
1250 3415 1358 3481 Maria
1382 3415 1446 3479 fuit
1466 3418 1679 3481 multiformis
1703 3421 1738 3481 in
1759 3421 1848 3495 luce,

240 3518 319 3588 Quae
338 3516 390 3578 est
410 3515 474 3577 ista
490 3532 563 3594 quae
584 3516 735 3578 ascendit
758 3517 853 3595 quasi
874 3533 996 3580 aurora
1050 3511 1137 3573 idest
1146 3512 1180 3572 in
1193 3498 1378 3575 sanctitate.
1391 3514 1477 3575 Nam
1487 3517 1565 3578 ante
1580 3517 1848 3580 incarnationem

199 3630 415 3690 consurgens,
431 3613 570 3690 pulchra
585 3614 622 3676 ut
637 3614 728 3684 luna,
744 3614 849 3676 electa
873 3615 909 3676 ut
924 3616 997 3677 solt
1050 3608 1111 3670 filii
1125 3610 1186 3691 Dei
1207 3609 1269 3672 suit
1289 3627 1410 3688 magna
1430 3611 1466 3673 in
1482 3615 1669 3686 sanctitate,
1693 3617 1766 3693 post
1787 3617 1847 3677 in-

198 3712 342 3773 Pulchra
366 3712 402 3772 ut
420 3712 509 3773 luna.
537 3715 631 3794 Luna
655 3713 706 3774 est
730 3711 851 3790 frigida
873 3714 906 3774 et
929 3714 996 3774 bu-
1050 3709 1276 3770 carnatiouem
1302 3713 1419 3786 major,
1449 3710 1545 3773 modo
1576 3714 1740 3785 maxima,
1768 3713 1851 3791 quia

198 3810 286 3871 mida
302 3811 335 3877 et
351 3809 563 3877 multiformis
574 3810 609 3873 in
629 3810 704 3871 luce
723 3827 793 3872 sue.
816 3811 995 3887 Frigiditas
1048 3820 1128 3866 vero
1145 3805 1208 3865 soli
1223 3806 1308 3868 idest
1321 3806 1391 3868 illio
1407 3823 1467 3869 suo
1489 3808 1524 3869 in
1548 3809 1740 3871 coelestibus
1761 3827 1848 3872 cou-

197 3909 285 3969 lunae
301 3907 453 3983 designat
472 3908 698 3984 virginitatem
721 3909 774 3970 vel
797 3909 992 3982 cast'tatem,
1045 3903 1172 3980 jtlnctn·
1193 3904 1278 3964 Nam
1294 3905 1473 3965 accedente
1493 3905 1578 3966 Filio
1598 3908 1658 3967 Dei
1680 3908 1713 3969 et
1735 3909 1854 3985 ingre-

197 4008 230 4069 et
254 4006 434 4074 humiditas
461 4005 548 4066 lunae
577 4005 730 4081 designat
758 4006 993 4069 humilitatem.
1049 4000 1160 4062 diente
1180 3999 1329 4077 Virginis
1350 4002 1492 4072 uterum,
1509 4002 1624 4063 sancta
1647 4004 1750 4079 Virgo
1772 4007 1852 4084 Spi-

197 4105 299 4166 Beata
318 4103 425 4164 Maria
442 4102 558 4167 babuit
571 4102 796 4178 virginitatem
815 4105 888 4165 sine
909 4120 994 4166 con·
1048 4097 1115 4159 ritu
1144 4099 1265 4159 Sancto
1293 4096 1487 4160 obumbrata
1513 4098 1633 4176 majori
1661 4101 1771 4176 gratia
1800 4107 1854 4169 est

197 4200 413 4278 cupiscentia,
425 4198 540 4263 hebuit
552 4200 773 4266 humilitatem
787 4201 860 4262 sine
876 4218 996 4280 super·
1048 4194 1171 4267 dotata,
1188 4195 1267 4256 11061
1281 4196 1380 4256 antea
1402 4196 1483 4256 31113
1506 4195 1606 4260 suerit
1620 4201 1746 4260 sancta·
1763 4202 1851 4263 Nam

196 4298 264 4368 bia,
275 4301 321 4360 De
335 4298 529 4374 virginitate
547 4297 628 4387 dicit
642 4298 767 4360 isaias:
783 4302 870 4361 Ecce
893 4304 994 4376 Virpo
1047 4292 1088 4354 de
1116 4293 1293 4354 sanctitate
1318 4292 1373 4355 rel
1400 4293 1648 4370 pulchritudine
1672 4299 1744 4374 eJus
1768 4298 1853 4363 dicit

196 4397 362 4473 coricipiet
375 4398 410 4458 et
419 4395 538 4470 pariet
550 4396 671 4470 fitium,
688 4397 722 4458 et
735 4398 912 4459 vocabitur
927 4414 993 4460 uo-
1047 4391 1151 4451 David
1166 4390 1201 4451 in
1223 4389 1376 4451 Psalmo:
1394 4393 1594 4466 concerptam
1615 4409 1684 4455 rex
1698 4399 1851 4470 speciem

195 4492 768 4573 utenhusEmmunuet(Isai,v11,
785 4493 849 4573 14).
866 4496 913 4556 De
927 4496 994 4557 bu-
1047 4488 1154 4562 turum,
1175 4489 1262 4550 idest
1283 4488 1485 4551 desideravit
1510 4491 1720 4553 sanctitatem
1741 4495 1850 4564 tuam,

195 4594 336 4662 militate
352 4592 424 4669 ipsa
438 4593 540 4660 Beata
559 4593 666 4662 Maria
683 4592 764 4654 dicit
784 4592 819 4654 in
834 4593 990 4657 cantico:
1046 4588 1079 4648 et
1099 4586 1175 4647 ideo
1199 4586 1369 4648 descendit
1393 4586 1428 4648 in
1453 4591 1498 4649 te.
1529 4590 1712 4666 Postquam·
1735 4594 1849 4654 autem

194 4692 361 4767 Respexit
396 4693 564 4755 Dominus
603 4690 832 4753 bumilitatem
862 4695 993 4755 ancittae
1046 4686 1143 4745 natus
1164 4685 1269 4745 estin
1295 4685 1339 4751 te,
1365 4684 1486 4762 majori
1509 4685 1685 4748 sanctitate
1712 4688 1847 4765 coepisti

194 4806 279 4861 sucu,
305 4804 380 4851 ecce
402 4792 496 4851 errius
511 4803 558 4850 err
576 4792 638 4850 boc
652 4789 787 4850 beatum
805 4803 861 4851 me
879 4791 992 4852 dicerit
1046 4781 1183 4857 fulsere,
1200 4782 1246 4843 ita
1262 4781 1298 4845 ut
1311 4781 1441 4843 dicatur
1456 4781 1496 4843 de
1509 4784 1562 4844 te:
1579 4800 1597 4843 t
1613 4785 1679 4845 Ista
1695 4786 1745 4846 est
1761 4802 1847 4863 spe-

194 4901 313 4951 oucues
326 4887 567 4962 uerteruttcnes
587 4883 681 4963 (buc.
701 4901 724 4959 1,
747 4883 827 4966 tit),
843 4888 929 4947 Nam
950 4888 992 4950 si·
1045 4880 1135 4941 ciosa
1146 4879 1233 4941 inter
1244 4879 1331 4941 filias
1341 4879 1672 4942 Jerusalem.»huna
1681 4885 1851 4946 veretunc

194 4982 248 5044 cut
264 4980 367 5057 frigus
387 4983 566 5060 opponitur
580 4982 697 5056 calori,
715 4983 762 5049 ita
777 4984 914 5046 castitas
927 5001 990 5062 op·
1045 4979 1095 5039 est
1116 4977 1212 5054 plene
1232 4977 1384 5055 pulchra,
1406 4994 1480 5038 cum
1504 4978 1619 5040 existit
1636 4979 1791 5053 rotunda,
1816 4984 1851 5045 θῖ

193 5078 327 5165 ponitur
352 5078 499 5156 libidini;
522 5079 656 5156 frigoris
678 5081 729 5143 est
749 5081 988 5158 constringere,
1043 5076 1146 5137 Beata
1157 5076 1264 5136 Maria
1274 5076 1354 5136 tunc
1369 5075 1479 5137 extitit
1494 5075 1750 5153 plene‘iormosa
1772 5095 1851 5143 cum

193 5176 315 5247 caloris
329 5175 508 5241 resolvere.
526 5177 687 5245 Similiter
701 5179 838 5241 castitas
849 5180 991 5242 restrin-
1043 5173 1106 5234 init
1124 5173 1217 5251 prole
1237 5172 1401 5239 fecunda.
1426 5173 1571 5234 Proinde
1597 5175 1688 5236 recte
1709 5174 1848 5250 dicitur,

192 5276 241 5354 git
255 5273 398 5335 mentem
412 5273 454 5333 ad
476 5273 676 5350 spiritualia,
697 5275 831 5339 luxuria
852 5278 990 5347 resolvit
1043 5270 1181 5348 pulchra
1195 5272 1231 5333 ut
1246 5269 1338 5331 luna·
1362 5270 1508 5337 Pulchra
1521 5271 1652 5349 quidem
1670 5274 1721 5335 est
1745 5290 1850 5351 quan-

192 5373 233 5442 ad
247 5370 407 5439 carnalia,
427 5371 490 5433 Sed
502 5373 605 5435 Beata
619 5374 726 5436 Maria
738 5374 824 5436 miro
843 5376 939 5438 modo
957 5377 990 5439 et
1042 5370 1111 5431 tum
1133 5368 1174 5432 ad
1204 5366 1429 5444 frigiditatem,
1452 5368 1529 5438 dum
1549 5369 1585 5430 in
1605 5370 1758 5432 castitate
1779 5388 1850 5436 non

193 5469 339 5533 exterius
356 5468 416 5531 tuit
430 5468 552 5546 frigida
563 5487 622 5547 per
634 5471 831 5546 castitatem,
851 5474 884 5535 et
901 5473 951 5536 int
971 5506 989 5522 -
1042 5466 1142 5527 habet
1155 5466 1309 5527 Similem·
1324 5467 1470 5529 Pulchra
1487 5467 1522 5530 in
1539 5468 1746 5542 humiditate,
1763 5469 1845 5533 dum

191 5569 263 5638 rius
275 5565 383 5629 calida
398 5583 457 5645 per
470 5568 679 5630 charitatem.
1041 5563 1226 5644 petentibus
1261 5564 1404 5641 largitur
1441 5564 1602 5626 beneficia
1635 5565 1850 5643 benignitate

233 5667 312 5735 item
333 5665 512 5729 humiditas
534 5665 621 5730 lunae
644 5666 810 5745 significat
828 5669 985 5748 benigni·
1041 5663 1152 5725 multa.
1170 5662 1315 5743 Pulchra
1330 5662 1393 5726 fuit
1408 5662 1443 5726 ut
1458 5663 1539 5726 luna
1555 5679 1617 5741 per
1634 5664 1848 5733 sanctitatem
