3900 6202
86 248 142 331 ne
707 238 939 318 urrsrotm.
961 239 1040 302 nm.
1063 239 1088 301 1.
1662 244 1725 308 ιω

85 422 257 491 ganeorum
290 403 441 484 ejusdem
479 402 630 467 eeclesiae
671 403 786 464 nostro
819 403 871 464 est
918 396 1165 466 ,recordationis
1193 399 1379 465 Innocentii
1409 417 1505 480 papae
1535 403 1723 482 predeces-

85 504 273 587 apostolatui
302 504 501 573 reseratum,
518 501 605 579 quod
625 517 698 562 cum
726 516 786 561 nos
811 516 869 561 re·
926 500 1012 561 soris
1024 499 1130 561 nostri
1145 500 1368 576 episcopalem
1380 501 1602 578 resignaverit
1616 502 1725 578 digni-

85 598 868 684 ceptacessioneMichaelis,quondamdrelaten.
925 598 1037 669 tatem,
1048 597 1185 658 acidam
1197 598 1722 675 praedecessorvenerabiliiratri

84 698 329 777 archiepiscopi,
346 698 471 759 eisdem
487 697 663 774 praeposito
679 696 711 758 et
725 695 870 772 capitulo
925 696 1039 756 nostro
1051 697 1188 756 Trecen.
1204 696 1371 774 episcopo,
1389 699 1421 759 et
1440 697 1572 759 dilectis
1587 697 1667 760 filiis
1682 702 1722 761 R.

84 799 262 862 dederimus
288 796 324 856 in
348 795 529 865 mandatis,
557 796 594 855 ut
616 793 766 869 ecclesiae
795 808 870 853 me·
925 792 1013 853 tituli
1032 793 1140 855 sancti
1156 795 1315 871 Stephani
1331 795 1365 855 in
1381 795 1485 857 Coelio
1502 798 1613 857 monte
1628 812 1724 873 pres-

84 898 209 959 moratae
244 893 285 955 de
321 908 464 971 persona
496 891 632 964 idonea,
669 907 743 969 quae
779 889 871 951 tanto
925 889 1040 967 bytero
1067 892 1242 964 cardinali,
1278 883 1357 953 tunc
1390 893 1590 971 Apostolicae
1627 895 1723 955 Sedis

83 992 270 1069 congrueret
294 991 390 1052 oneri
411 990 445 1052 et
466 989 597 1061 honori,
613 989 773 1050 canonice
787 1004 870 1066 pro·
925 987 1046 1064 legato,
1060 991 1094 1050 et
1112 992 1152 1050 Η.
1174 989 1410 1052 archidiacono
1434 994 1571 1053 Reman.
1597 992 1726 1054 dederit

82 1092 220 1154 riderent
241 1110 250 1149 ε
272 1089 339 1166 ipsi
358 1087 594 1149 convenientes
617 1087 653 1147 in
677 1102 795 1158 unum,
812 1103 872 1148 re-
925 1086 960 1146 in
975 1087 1152 1160 mandatis,
1169 1087 1206 1149 ut
1220 1088 1327 1150 eidem
1347 1090 1445 1166 jorata
1464 1090 1639 1151 facultates
1661 1093 1726 1152 Ga-

83 1187 254 1251 uerabilem
276 1186 415 1247 fratrem
436 1187 587 1246 nostrum
607 1187 779 1260 Hugonem
798 1186 869 1246 Va·
924 1184 1094 1246 talaunen.
1122 1186 1333 1263 episcopatus
1356 1188 1392 1248 in
1418 1188 1497 1249 vitas
1524 1189 1725 1250 necessariis

83 1287 200 1365 pinnen.
238 1283 450 1362 episcopum,
479 1283 605 1354 virum,
636 1282 672 1343 ut
699 1284 868 1355 asserunt,

83 1384 253 1446 litteratum
290 1387 324 1443 et
358 1380 533 1458 providum
574 1380 717 1456 Spiritus
758 1380 870 1441 Sancti

82 1483 175 1558 gratia
188 1480 359 1550 invocata,
375 1478 440 1539 sibi
455 1479 615 1539 canonice
630 1478 665 1538 in
680 1474 871 1554 pontificem

83 1578 283 1657 postularunt
310 1576 407 1651 nobis
435 1575 606 1637 humiliter
632 1575 869 1652 supplicantes,

84 1678 114 1738 ut
134 1676 391 1754 postulationem
415 1674 523 1751 ipsam
549 1673 723 1735 admittere
749 1672 870 1748 digna-

84 1789 190 1835 remur.
202 1776 333 1834 Verum
344 1772 422 1849 quia
429 1772 527 1849 Juxta
538 1786 663 1832 morem
673 1771 871 1847 apostolicae

85 1871 175 1939 Sedis,
188 1886 257 1949 quo
277 1870 466 1931 examinari
488 1869 662 1930 consuerit
678 1869 797 1930 electio
812 1885 872 1929 seu

84 1968 249 2046 postulatio
274 1968 316 2028 de
337 1982 491 2045 persona,
510 1967 542 2027 id
561 1966 641 2027 'deri
664 1982 730 2027 non
752 1966 869 2043 potuit,

85 2083 147 2127 cum
159 2081 308 2142 persona
321 2080 471 2141 praesens
486 2079 552 2125 non
564 2064 663 2132 esset,
678 2063 872 2125 discretioni

84 2165 139 2226 tue
151 2179 207 2242 per
221 2163 410 2241 apostolica
425 2162 550 2239 scripta
563 2162 771 2234 mandamus,
788 2178 873 2240 qua-

84 2262 168 2322 tenns
189 2261 452 2338 postulationem
481 2260 587 2337 ipsam
613 2262 647 2321 et
671 2259 871 2338 postulatum

14 2398 16 2439 ᾗ
84 2361 269 2420 examinans
284 2358 474 2435 diligenter,
491 2363 520 2419 si
537 2358 687 2419 eamdem
701 2357 871 2419 inveneris

14 2456 16 2537 ζ
84 2456 121 2517 de
148 2472 288 2534 persona
316 2456 439 2518 idonea
467 2456 627 2517 canonice
656 2455 869 2527 celebratam,

14 2576 16 2667 ἱ
83 2554 176 2631 ipsam
189 2554 394 2617 auctoritate
409 2556 522 2615 nostra
534 2554 690 2615 suffultus
702 2554 869 2625 admittas,

84 2654 112 2713 at
130 2668 198 2714 eum
218 2670 240 2714 a
266 2652 402 2715 vinculo
425 2668 489 2729 quo
516 2651 666 2713 ecclesiae
687 2651 869 2727 vapincen.

14 2760 16 2801 ἐ
83 2750 199 2812 tenetur
209 2750 405 2818 absolvens,
419 2750 574 2827 injungas
589 2748 733 2825 capitulo
750 2764 871 2809 memo·

14 2858 16 2943 g
84 2846 871 2926 rato,uttanquampastorietejusdemecclesiae

85 2946 307 3023 suffraganeis,
325 2945 412 3023 quod
435 2946 593 3022 tanquam
617 2944 871 3021 metropolitano

85 3059 135 3105 sno
147 3044 325 3107 intendant
339 3043 457 3115 eidem,
474 3044 508 3104 et
521 3042 701 3104 exhibeant
714 3042 872 3104 obedieu-

14 3136 16 3219 {
87 3140 151 3201 dam
164 3141 313 3204 debitam
331 3140 365 3202 et
380 3140 543 3202 devotam.
563 3140 681 3201 Datum
701 3140 869 3212 Laterani,

14 3240 16 3351 1
85 3241 188 3314 quarto
215 3240 296 3300 idus
323 3238 500 3311 februarii,
526 3238 738 3316 pontificatus
764 3236 872 3299 nostri

85 3350 159 3398 enno
172 3338 295 3414 primo.

415 3478 533 3567 cciv

84 3654 126 3713 Ad
141 3657 342 3729 episcopum
356 3655 556 3721 Pistrensem,
569 3652 825 3711 bicameratam
839 3649 873 3711 et

14 3748 16 3753 ’
196 3755 229 3812 J.
247 3752 454 3811 Ambioncu.
470 3751 743 3810 archidiaconos,

375 3877 476 3938 diebr.
494 3881 575 3938 itit.

112 3986 211 4053 [hegen
227 3988 276 4040 lib.
293 3988 313 4046 1,
330 3987 404 4052 epist.
419 3986 474 4037 232.
486 3986 545 4037 ltss.
563 3987 599 4037 Lo
612 3987 689 4037 Porto
702 3986 735 4037 du
749 3984 841 4049 rnatu.

86 4121 276 4182 mutronensi
291 4123 437 4196 episcopo,
453 4120 566 4178 cedenti
580 4122 778 4194 episcopatum
793 4135 874 4193 prop

113 4220 153 4269 ter
165 4219 355 4280 senectutem,
365 4209 477 4269 fuerant
491 4217 644 4268 reservata
656 4209 874 4283 quadringente

113 4299 188 4359 libre
212 4316 266 4375 pro
294 4301 373 4358 victu
404 4314 491 4371 super
516 4297 653 4355 fructibus
681 4298 873 4370 episcopatus.

14 4384 16 4391 '
113 4389 230 4447 hemum
244 4404 314 4447 cum
328 4387 401 4446 adeo
415 4387 543 4445 senuerit
559 4394 589 4444 ut
604 4387 727 4459 amplius
746 4387 875 4458 equitare

115 4492 169 4534 uon
184 4479 275 4551 possit
288 4492 343 4535 nec
356 4477 411 4535 alia
425 4475 531 4542 facere,
544 4476 680 4548 episcopo
692 4475 827 4545 tullensi,
841 4476 874 4533 B.

115 4566 247 4625 demensi
259 4573 290 4624 et
299 4569 324 4625 J.
337 4565 525 4623 Ambianensi
536 4563 745 4622 archidiaconis
758 4562 875 4621 mandat

115 4662 143 4713 ut
153 4656 311 4714 limitantur
326 4653 364 4713 ad
375 4654 514 4713 ducentas
525 4653 622 4710 libras.

118 4803 298 4876 Honorlus,
321 4800 399 4873 etc,
418 4799 604 4863 venerabili
625 4798 721 4861 fratri
744 4800 872 4862 Tullen.

84 4898 244 4977 episcopo,
259 4903 296 4961 B.
317 4901 455 4961 Reman.
480 4898 513 4960 et
534 4901 565 4960 J.
589 4897 786 4960 ambianen.
814 4914 875 4959 ar-

84 4996 294 5060 chidiaconis.

119 5096 168 5155 lix
180 5094 408 5156 insinuatione
422 5091 625 5156 venerabilis
642 5091 755 5154 fratris
768 5094 875 5155 nostri

85 5189 295 5254 catalaunen.
324 5191 473 5268 episcopi
500 5207 561 5253 uos
586 5192 748 5253 noveritis
778 5207 877 5253 acce-

84 5289 179 5365 pisse,
208 5290 294 5367 quod
327 5289 529 5351 nenaabhis
558 5288 663 5351 frater
690 5289 805 5350 noster
836 5292 874 5351 G.

84 5388 255 5465 episcopus
266 5387 432 5466 quondam
439 5387 656 5449 catalaunen.
665 5386 793 5448 viribus
805 5403 877 5449 cor-

85 5486 170 5560 poris
185 5485 375 5567 destitutus,
387 5486 420 5547 et
430 5486 594 5563 impotens
607 5485 649 5547 ad
663 5485 876 5563 pontificatus

85 5583 251 5647 sarcinam
272 5583 511 5656 susdnendam,
536 5584 577 5646 de
601 5598 743 5649 assensu
768 5582 875 5646 felicis

925 1284 1093 1359 provideri
1127 1283 1277 1346 iacerent
1312 1286 1498 1358 moderate,
1535 1286 1725 1363 provisores

925 1380 991 1457 ipsi
1018 1396 1085 1441 non
1111 1382 1318 1444 attendentes
1345 1383 1570 1445 sollicitudine
1598 1383 1722 1458 debita,

926 1472 1011 1556 quod
1036 1478 1251 1541 catalaunen.
1273 1481 1415 1542 ecclesia
1435 1482 1470 1543 in
1489 1480 1634 1543 condrio
1655 1482 1724 1543 im-

926 1577 1012 1653 perii
1031 1577 1064 1638 et
1083 1578 1179 1653 regni
1202 1580 1353 1640 Franciae
1375 1579 1565 1652 constituta,
1591 1580 1727 1657 propter

926 1674 1115 1750 inopinatas
1126 1690 1266 1750 guerras
1279 1692 1378 1753 saepe,
1387 1678 1723 1754 saepiusingruentes,
1804 1690 1808 1696 ·

926 1771 1117 1850 frequenter
1142 1773 1351 1850 opprimitur,
1380 1775 1413 1835 et
1438 1789 1482 1835 ex
1502 1790 1542 1835 eo
1565 1777 1728 1850 gravatur

927 1868 1097 1932 laboribus
1126 1872 1160 1933 et
1187 1873 1363 1949 expensis3
1391 1872 1478 1949 quod
1508 1872 1545 1933 in
1575 1873 1726 1935 exercitu

927 1967 1020 2044 regio
1036 1969 1135 2045 juxta
1158 1971 1253 2046 regni
1277 1970 1552 2031 consuetudinem
1573 1985 1652 2031 suos
1675 1972 1728 2032 te-

927 2066 1025 2127 netur
1039 2067 1161 2127 milites
1174 2068 1319 2144 propriis
1333 2068 1508 2144 stipendiis
1524 2068 1723 2141 sustentare,

926 2164 1066 2239 praelato
1087 2168 1125 2226 G.
1148 2164 1189 2226 de
1214 2163 1310 2226 bonis
1333 2166 1440 2242 ipsius
1464 2166 1615 2228 ecclesiae
1639 2181 1726 2244 qua·

927 2261 1120 2339 dringentas
1145 2261 1249 2324 libras
1271 2264 1369 2324 annis
1394 2263 1625 2341 percipiendas
1654 2264 1727 2325 sin-

926 2359 1014 2435 gulis
1034 2361 1280 2429 concesserunt,
1297 2377 1497 2439 quamquam
1511 2361 1599 2422 idem
1615 2365 1652 2422 G.
1669 2362 1726 2439 qui

926 2457 1010 2518 adeo
1024 2458 1247 2519 membrorum
1261 2475 1398 2520 suorum
1415 2459 1622 2536 dignoscitur
1636 2459 1725 2520 ami-

927 2555 1011 2616 sisse
1026 2554 1147 2629 oldcia,
1164 2558 1251 2634 quod
1270 2573 1331 2619 nec
1350 2558 1487 2634 equitat,
1502 2558 1535 2618 et
1552 2557 1654 2619 etiam
1667 2557 1727 2618 rix

926 2654 1034 2728 potest
1057 2652 1158 2731 loqui,
1176 2654 1288 2716 multis
1304 2654 1502 2731 equitaturis
1527 2669 1594 2714 non
1616 2654 1723 2729 egeat,

926 2765 988 2811 nec
1003 2751 1214 2813 multitudine
1233 2753 1410 2823 sociorum,
1427 2753 1463 2813 in
1483 2767 1624 2829 quorum
1645 2768 1724 2812 sus-

926 2849 1108 2912 tentatione
1129 2851 1178 2913 tot
1192 2851 1337 2912 existant
1354 2850 1417 2911 sibi
1432 2849 1580 2911 redditus
1595 2865 1722 2927 oppor-

927 2951 1009 3011 tuni.
1029 2950 1122 3011 Unde
1135 2949 1231 3010 nobis
1244 2948 1350 3011 dictus
1363 2948 1539 3026 episcopus
1553 2946 1726 3009 humiliter

927 3048 1128 3126 supplicavit
1152 3049 1187 3110 ut
1208 3063 1308 3124 super
1329 3047 1393 3109 hoc
1415 3046 1589 3123 providere
1610 3045 1727 3106 sibiet

926 3146 991 3223 ipsi
1006 3147 1157 3209 ecclesiae
1173 3146 1401 3222 dignaremur.
1422 3143 1584 3217 Quocirca
1599 3143 1729 3205 discre-

926 3244 1009 3306 tioni
1026 3246 1146 3306 nestrae
1161 3260 1221 3322 per
1235 3242 1419 3319 apostolica
1439 3242 1562 3319 scripta
1587 3240 1728 3301 manda-

927 3343 1182 3417 musquatenus,
1193 3341 1353 3419 inquisita
1364 3338 1727 3418 superbisdiligentius

927 3443 1085 3514 veritate,
1123 3440 1347 3516 provisionem
1388 3437 1579 3516 hujusmodi
1619 3436 1728 3498 solum

928 3543 1031 3601 Deum
1064 3537 1224 3599 habentes
1255 3552 1324 3614 prae
1351 3535 1473 3607 oculis,
1503 3534 1728 3611 appellatione

927 3639 1066 3710 remota,
1083 3635 1241 3714 usquead
1257 3650 1420 3696 summam
1441 3632 1659 3694 ducentarum
1678 3632 1726 3692 li-

927 3734 1063 3795 brarum
1078 3732 1274 3797 auctoritate
1286 3732 1399 3792 nostra
1413 3730 1575 3792 moderati
1588 3729 1725 3791 curetis.

928 3833 1003 3895 Non
1027 3830 1235 3893 obstantibus
1259 3826 1426 3904 aliquibus
1453 3826 1573 3889 litteris
1603 3825 1727 3887 condr-

928 3929 1084 3992 mationis
1108 3944 1167 3990 seu
1189 3928 1265 3988 aliis
1285 3940 1386 4004 super
1402 3925 1473 4002 ipsa
1495 3922 1686 4000 provisione
1706 3938 1727 3984 a

930 4028 1014 4090 Sede
1028 4025 1218 4104 apostolica
1231 4023 1437 4100 impetratis,
1453 4020 1725 4092 contradictores,

929 4126 958 4187 si
984 4126 1041 4203 qui
1067 4124 1191 4186 suerint
1210 4123 1263 4184 rel
1282 4121 1436 4193 rebelles,
1463 4135 1523 4198 per
1548 4132 1727 4180 censuram

929 4222 1191 4286 ecclesiasticam
1215 4220 1473 4297 compescentes.
1496 4216 1588 4289 Quod
1608 4216 1637 4277 si
1657 4231 1725 4278 non

929 4337 1055 4393 omnes,
1071 4323 1147 4392 etc„
1163 4320 1200 4381 tu
1213 4317 1337 4380 fratrer
1352 4319 1517 4394 episcope,
1528 4316 1592 4377 etc.
1608 4315 1728 4376 Datum

929 4419 1096 4492 Laterani,
1115 4419 1210 4480 sexto
1232 4417 1306 4478 idus
1324 4415 1497 4488 februarii,
1514 4413 1726 4492 pontificatus

930 4517 1036 4580 nostri
1050 4532 1138 4579 anno
1154 4516 1273 4593 primo.

1277 4692 1373 4779 cdv

1039 4850 1092 4910 Ad
1105 4847 1398 4919 archiepiscopum
1411 4839 1620 4904 Totetcoum.

1230 4993 1248 5050 8
1262 4989 1334 5050 febr.
1345 4990 1424 5049 121⁷.

962 5111 1035 5179 [cot.
1048 5110 1093 5162 iat.
1108 5108 1180 5169 etot,
1192 5123 1218 5174 p.
1232 5108 1271 5158 to.
1282 5108 1339 5157 blas.
1352 5105 1532 5168 bibliotheque
1542 5101 1697 5167 nationale]

930 5246 1153 5320 Archiepiscopo
1165 5244 1301 5303 Toletano
1316 5241 1466 5300 condrmat
1481 5239 1576 5313 plures
1590 5237 1728 5296 ecclesias

966 5351 1031 5394 curn
1046 5334 1165 5392 decimis
1179 5333 1308 5391 omnium
1321 5330 1481 5388 reddituum
1494 5328 1645 5402 regalium.

971 5481 1051 5540 Cum
1064 5493 1084 5540 a
1097 5476 1193 5539 nobis
1208 5475 1438 5553 petitur,etc...
1454 5485 1562 5545 osque
1576 5486 1727 5532 assensu.

904 5661 909 5688 N
931 5577 1098 5643 Ecclesiae
1113 5574 1172 5637 llei
1186 5574 1331 5639 alcaran
1355 5586 1430 5635 otim
1452 5567 1605 5632 omnibus
1620 5568 1727 5645 perti-
