3928 6200
108 364 153 430 1115
736 373 966 438 EPISTOLAE.
989 378 1067 440 LIB.
1091 380 1116 440 Ι.

111 526 249 590 concilio
270 520 480 606 approbante
495 526 675 593 damnavit.
700 533 782 595 11111
804 533 907 611 igitur

114 626 186 688 idam
197 626 433 703 praedecessor
450 629 564 690 noster
578 628 613 690 in
628 629 793 692 sententia
814 646 905 709 prae-

114 724 195 785 dictae
221 723 451 787 damnationis
485 726 700 804 expresserit,
730 728 817 806 quod
844 745 904 807 per

115 820 165 883 loc
176 818 315 883 Floren.
332 823 537 885 monasterio
546 823 681 887 nolebat
695 825 906 903 aliquatenus

119 919 273 995 derogari,
296 920 456 998 quoniam
478 922 512 983 et
529 922 695 999 regularis
716 924 767 985 est
781 925 907 987 consti-

115 1016 237 1089 tutio,et
247 1016 464 1081 observantia
476 1019 648 1096 salutaris,
663 1019 815 1099 idemque
825 1024 907 1084 Joa-

118 1114 193 1176 cbim
213 1114 330 1177 omnia
354 1116 477 1193 scripta
499 1132 559 1178 sna
581 1117 648 1195 ipsi
668 1118 906 1194 praedecessori

114 1213 214 1275 nostm
229 1213 401 1290 assignari
415 1215 587 1277 mandavit
597 1216 797 1293 apostolicae
812 1218 906 1279 Sedis

113 1309 320 1388 approbanda
338 1312 479 1389 judicio,
504 1313 558 1374 rel
573 1313 782 1390 corrigenda,
804 1315 905 1378 dicti-

114 1409 176 1470 tans
190 1408 382 1485 epistolam,
399 1411 453 1472 cni
469 1410 604 1488 propria
618 1427 723 1472 manu
737 1411 907 1490 subscrip-

114 1504 159 1578 sit,
174 1506 210 1566 in
222 1521 291 1583 qua
305 1506 447 1569 firmiter
459 1507 638 1571 confitetur
650 1525 687 1571 se
701 1508 794 1571 illam
810 1510 906 1572 fldem

115 1604 230 1675 tenere,
248 1620 350 1682 quam
371 1607 521 1668 Romana
540 1607 632 1668 tenet
650 1607 810 1680 Ecclesia,
832 1624 907 1686 quac

114 1700 303 1778 disponente
332 1703 472 1765 Domino
499 1704 607 1767 mater
637 1705 686 1767 est
713 1706 906 1769 cunctmum

113 1797 265 1871 fidelium,
286 1800 322 1862 et
342 1801 518 1877 magistra
544 1801 745 1865 fraternitati
763 1804 829 1866 tuae
847 1820 908 1880 per

114 1896 291 1972 apostolica
306 1897 432 1975 scripta
447 1899 653 1973 mandamus,
674 1900 771 1978 atqua
786 1902 908 1977 praeci-

115 1993 227 2069 pimus,
244 1995 411 2072 quatenus
433 1995 552 2058 fratres
574 1997 702 2059 ordinis
724 1998 906 2075 supradicti

114 2106 207 2166 super
223 2091 395 2154 haereseos
414 2093 565 2167 crimine,
581 2110 643 2155 nec
658 2094 729 2171 ipsa
745 2094 907 2156 infamare

113 2204 300 2265 praesumas,
318 2192 377 2252 ant
388 2206 408 2251 a
421 2189 563 2252 subditis
572 2191 639 2253 tuis
650 2192 832 2269 permittas,
848 2209 907 2254 seu

115 2285 319 2363 aliquatenus
352 2287 542 2349 dissimules
584 2288 751 2350 infamari.
788 2291 906 2352 Datum

117 2385 219 2446 Rome
242 2385 332 2462 apud
365 2386 521 2449 Sanctum
547 2387 694 2461 Petrum,
726 2390 770 2449 IV
802 2403 907 2450 nonas

120 2479 306 2555 decembris,
323 2483 535 2559 pontificatus
544 2483 650 2546 nostri
665 2500 753 2546 anno
767 2485 885 2562 primo.

412 2669 606 2757 LXXVIX

124 2836 320 2899 1111111111
342 2838 433 2899 titius
451 2839 487 2899 S.
507 2839 656 2899 Martini
665 2855 703 2913 pr
714 2841 908 2914 escatorem

157 2937 372 3007 cardinalem,
388 2936 697 3011 apostolicaesedis
708 2937 868 3013 tenattem.

407 3066 424 3124 3
442 3065 504 3124 dec.
527 3066 606 3125 1116.

155 3203 266 3272 11111911..
276 3206 323 3258 lib.
334 3206 355 3266 1,
371 3206 446 3272 epist.
458 3207 499 3258 80.
512 3208 570 3259 llss.
586 3209 623 3259 La
638 3209 712 3260 Porta
722 3209 757 3260 du
775 3209 868 3276 Theill.

125 3320 259 3392 llortatnr,
265 3321 399 3381 iohanne
412 3329 534 3393 mortno,
549 3338 620 3397 rega
629 3324 790 3398 flagitent
801 3326 846 3383 vir
855 3324 908 3383 ior-

153 3411 187 3467 111
205 3411 322 3469 tutelam
341 3419 372 3471 et
394 3427 493 3470 curam
518 3420 651 3470 natorum
673 3412 799 3487 predicti
827 3414 908 3488 regis

153 3500 316 3572 pupillorum
328 3507 357 3558 et
371 3501 455 3573 regni
471 3501 611 3575 invigilet,
629 3501 802 3575 mandatque
817 3510 848 3560 nt
859 3503 906 3577 ju·

153 3596 284 3659 ramenta,
305 3604 370 3662 quse
389 3589 533 3663 principes
546 3598 645 3648 contra
667 3605 766 3665 regem
788 3591 907 3664 predic·

152 3682 206 3734 1111
223 3678 429 3750 prestiterant,
451 3692 510 3736 uon
527 3678 667 3737 servanda
685 3679 833 3738 denuntiet
849 3688 908 3738 tan·

152 3778 232 3837 qnam
247 3766 355 3824 illicita.

154 3888 248 3954 Duris
262 3892 361 3954 nobis
380 3891 570 3955 rumoribus
589 3892 767 3966 nunciatis,
788 3891 909 3956 videli-

118 3988 260 4065 catquod
282 3989 384 4051 clarae
408 3990 744 4063 memoriaeJoannes,
759 4007 820 4053 rex
836 3995 909 4053 An-

117 4083 200 4159 gliae,
214 4087 303 4149 riam
320 4088 705 4149 essetuniversaecarnis
717 4088 905 4165 ingressus3

117 4183 228 4259 repleti
253 4186 334 4248 sunt
363 4184 468 4245 lumbi
490 4186 596 4247 nostri
619 4185 744 4257 dolore,
766 4186 799 4248 et
823 4187 909 4251 sicut

13 4342 19 4355 ,
120 4282 330 4354 parturientis
340 4283 495 4359 angustia
506 4298 566 4344 nos
579 4283 735 4360 possedit,
748 4284 817 4345 tum
830 4285 909 4361 quia

15 4376 18 4445 l
118 4374 218 4452 ipsam
237 4382 350 4457 utpote
360 4381 541 4441 vassallum
561 4379 718 4441 Ecclesiae
737 4383 906 4454 Romanae,

16 4452 18 4507 l
116 4488 154 4535 ac
180 4476 282 4553 ipsius
304 4478 410 4538 fllium
432 4477 610 4555 specialem
634 4478 764 4540 sincera
782 4479 908 4540 dilexi-

11 4622 13 4659 ,
117 4585 187 4634 mus
201 4575 339 4637 cantate
360 4575 397 4636 in
416 4575 571 4651 Domin03
587 4576 657 4637 tum
677 4576 755 4653 quia
770 4576 837 4638 tuis
858 4576 910 4637 la-

11 4672 13 4715 3
116 4665 244 4732 boribus
257 4674 291 4734 91
304 4673 480 4748 angustiis,
496 4688 578 4750 quas
590 4672 826 4750 multiplicatas
840 4689 907 4734 non

116 4767 309 4845 ambigimus
322 4786 366 4831 ex
378 4769 441 4831 hoc
453 4785 538 4842 esse,
556 4771 774 4847 compatimur
786 4770 907 4833 affectu

117 4868 265 4944 paterno;
282 4869 353 4929 tum
366 4868 467 4929 etiam
482 4867 560 4945 quia
575 4870 683 4946 major
696 4867 792 4930 nobis
807 4869 911 4930 instat

13 5032 14 5039 ἵ
118 4964 294 5025 necessitas
309 4964 527 5034 subveniendi
541 4964 628 5026 natis
651 4965 799 5044 ejusdem
819 4966 908 5042 regis

13 5126 14 5143 ἶ
118 5061 256 5137 pupillis,
281 5077 423 5140 quornm
441 5078 514 5123 esse
529 5064 683 5125 tenemur
695 5078 739 5124 ex
758 5063 909 5142 injuncto

120 5154 208 5217 nobis
218 5158 435 5236 apostolatus
444 5157 554 5220 officio
565 5158 767 5233 defensores,
780 5160 910 5222 dicente

123 5252 288 5331 Scriptura
304 5278 313 5316 z
329 5259 465 5331 Pupilla
481 5257 519 5319 tc
531 5260 602 5318 cris
622 5258 772 5331 abutor.
788 5260 911 5319 Verum

124 5362 185 5411 non
199 5353 389 5415 deficientes
408 5353 443 5413 in
464 5352 529 5426 his,
550 5353 608 5415 sed
633 5354 668 5415 in
687 5370 726 5416 eo
741 5357 910 5432 assumpto

124 5443 316 5512 fortitudinis
340 5450 461 5529 spiritu
480 5452 538 5528 qui
565 5452 757 5513 consolatur
780 5468 841 5513 nos
876 5453 910 5513 in

126 5547 206 5607 omni
228 5548 445 5610 tribulatione
471 5550 585 5611 nostra
612 5550 648 5611 ut
681 5549 847 5627 possimus
877 5552 911 5613 et

126 5639 183 5717 ipsi
196 5660 250 5708 eos
264 5646 323 5724 qni
337 5646 374 5707 in
388 5662 544 5724 pressura
562 5649 649 5719 sunt,
671 5648 848 5721 consolari,
868 5648 908 5710 ad

127 5736 260 5816 ipsorum
278 5743 442 5805 auxilium
459 5744 492 5807 at
505 5744 641 5807 tutelam
664 5760 706 5806 91
724 5745 844 5809 affectu
857 5746 911 5807 in-

1700 377 1758 439 106

960 555 1040 618 timo
1052 556 1249 634 aspirantes,
1267 555 1345 619 licet
1359 556 1399 616 de
1418 558 1476 618 tua
1491 556 1678 618 constantia
1694 572 1756 632 ge-

960 669 1073 715 ramus
1093 670 1186 731 spem
1207 654 1343 725 certam,
1370 654 1533 716 tatamen
1559 653 1758 731 apostolicis

960 752 1248 814 exlrortationibns
1264 752 1417 813 duximus
1433 751 1697 824 confortandum,
1716 768 1758 813 na

961 864 1018 912 cor
1038 849 1132 912 tuum
1155 848 1342 928 hujusmodi
1356 849 1627 912 tribulationibus
1643 851 1676 911 et
1695 866 1758 911 an-

959 947 1079 1024 gustiis
1101 949 1342 1020 consternetur,
1359 947 1515 1026 quoniam
1531 948 1638 1009 fidelis
1656 951 1754 1019 Deus,

960 1045 1016 1122 qui
1035 1047 1067 1106 te
1082 1061 1183 1122 supra
1201 1044 1245 1118 id,
1281 1045 1367 1122 quod
1392 1047 1497 1123 potes,
1523 1062 1589 1107 non
1612 1046 1757 1122 patietur

960 1142 1094 1211 tentari,
1117 1142 1175 1205 sed
1200 1142 1298 1206 faciet
1322 1142 1422 1205 etiam
1444 1143 1478 1204 in
1493 1143 1556 1205 hac
1570 1143 1756 1205 tentatione

960 1241 1168 1318 proventum,
1185 1242 1222 1303 ut
1235 1241 1349 1303 valeas
1370 1240 1546 1303 sustinere.
1568 1242 1608 1304 Et
1625 1241 1758 1319 quidem

960 1338 1100 1401 forsitan
1111 1339 1185 1416 pius
1195 1340 1228 1401 et
1236 1340 1427 1401 misericors
1442 1339 1601 1400 Dominus
1615 1340 1755 1401 mortam

961 1436 1049 1513 regis
1064 1435 1169 1514 ipsius
1184 1437 1225 1497 ad
1238 1437 1360 1499 bonum
1375 1437 1518 1498 filiorum
1534 1439 1606 1515 ejus
1622 1452 1758 1499 conver·

960 1534 1010 1607 tit,
1030 1535 1066 1595 ut
1079 1550 1136 1595 eos
1151 1535 1208 1613 qui
1220 1535 1324 1613 patris
1339 1535 1622 1613 persequebantur
1637 1551 1756 1612 perso-

961 1647 1049 1704 nam,
1078 1631 1120 1694 ad
1144 1648 1258 1694 eorum
1286 1632 1477 1695 fidelitatem
1506 1633 1654 1706 reducat,
1682 1649 1757 1695 cum

961 1728 1029 1790 odii
1047 1745 1148 1791 cansa
1169 1729 1311 1803 sublata,
1324 1731 1364 1792 de
1383 1730 1491 1792 medio
1503 1731 1609 1806 ipsius
1625 1746 1757 1792 cessare

960 1828 1066 1905 possit
1086 1828 1234 1891 effectus.
1260 1829 1382 1890 Potens
1405 1828 1567 1891 ostentm
1595 1829 1755 1890 Dominus

962 1924 1142 1987 secundum
1151 1925 1300 1988 dolorum
1308 1926 1553 1988 multitudinem
1566 1926 1756 1987 eorumdem

962 2039 1031 2084 suae
1045 2023 1281 2085 consolationis
1299 2024 1409 2100 gratia
1430 2024 1602 2086 letificare
1627 2024 1756 2085 animas

961 2118 1168 2194 afflictorum,
1189 2121 1246 2197 qui
1258 2121 1397 2194 montes,
1411 2122 1512 2183 corda
1526 2121 1756 2183 1119119111-

961 2217 1136 2295 perborum
1149 2219 1181 2280 et
1195 2219 1385 2280 sublimium
1401 2236 1489 2297 saepe
1503 2220 1621 2295 tangit,
1644 2220 1677 2280 at
1698 2218 1713 2279 f
1736 2250 1754 2263 -

961 2315 1098 2391 migant,
1114 2316 1192 2377 dum
1207 2316 1359 2394 spiritum
1374 2316 1490 2379 salutis
1506 2316 1706 2393 concipiunt,
1722 2316 1755 2377 et

961 2413 1130 2490 pariunta
1151 2414 1281 2477 timore.
1296 2416 1400 2476 Tuam
1420 2430 1498 2491 argo
1520 2414 1755 2476 discretionem

962 2526 1146 2582 monemus,
1168 2512 1201 2574 et
1225 2512 1442 2574 exhortamur
1467 2512 1502 2573 in
1526 2512 1676 2583 Domine,
1698 2527 1758 2588 per

961 2610 1073 2686 apost.
1100 2608 1159 2671 tibi
1189 2609 1312 2686 scripta
1346 2610 1553 2681 mandantes
1577 2609 1755 2686 quatenus,

962 2705 1048 2767 sicut
1065 2704 1118 2767 vir
1140 2703 1235 2766 fortis
1257 2705 1289 2767 et
1306 2707 1460 2767 constans
1480 2705 1617 2767 dilatato
1644 2705 1755 2765 animo

962 2802 1051 2864 circa
1071 2801 1218 2875 tutelam,
1245 2802 1277 2865 et
1295 2819 1410 2865 curam
1435 2802 1668 2880 praedictorum
1689 2819 1756 2878 pu-

962 2900 1117 2976 pillorum
1132 2901 1165 2963 et
1182 2901 1290 2977 regni,
1304 2902 1396 2963 tanto
1418 2900 1643 2962 sollicitudine
1667 2899 1757 2960 invi-

962 2998 1045 3075 giles
1069 2998 1279 3076 promptiori,
1303 2999 1426 3076 quanto
1444 2997 1634 3076 apostolica
1654 2996 1756 3058 Sedes

962 3094 1003 3155 ad
1023 3094 1056 3155 id
1076 3093 1194 3155 fortius
1213 3110 1302 3156 nnnc
1316 3094 1458 3167 tenetur,
1480 3081 1513 3156 et
1533 3095 1568 3155 tu
1589 3094 1664 3171 ipse
1681 3092 1755 3154 vice

961 3190 1063 3252 illius.
1089 3192 1158 3253 Nos
1179 3191 1290 3254 autem
1314 3191 1354 3254 de
1379 3194 1436 3253 tua
1461 3191 1643 3262 industria,
1674 3207 1757 3268 pro-

961 3289 1038 3350 vida
1062 3289 1094 3351 at
1115 3288 1257 3351 sollicita
1274 3288 1482 3367 providentia
1501 3289 1655 3366 gerentes
1670 3287 1758 3349 fidn-

961 3386 1047 3449 ciam
1077 3386 1270 3464 planiorem,
1295 3387 1426 3465 plenam
1453 3387 1515 3449 tibi
1545 3386 1757 3449 concedimus

961 3484 1168 3562 potestatem,
1193 3485 1229 3546 ut
1249 3501 1301 3557 aa,
1318 3501 1390 3563 quae
1414 3484 1456 3545 ad
1478 3483 1705 3546 defensionem
1724 3483 1758 3545 et

962 3583 1137 3646 utilitatem
1163 3583 1352 3645 eorumdem
1372 3582 1573 3660 pupillorum
1596 3582 1629 3645 et
1649 3581 1755 3658 regni,

961 3697 1001 3743 ac
1019 3681 1180 3744 honorem
1192 3680 1389 3759 apostolicae
1405 3680 1499 3742 Sedis
1515 3680 1638 3742 videris
1654 3694 1759 3755 expe-

962 3781 1044 3853 dire,
1058 3778 1197 3857 exsequi
1209 3778 1322 3839 valeas
1338 3776 1560 3854 appellatione
1575 3777 1758 3853 postposita

961 3878 1034 3939 vice
1055 3877 1179 3938 nostra.
1204 3875 1355 3936 Sciturus
1377 3874 1463 3950 qnod
1484 3874 1633 3934 nostrum
1648 3871 1709 3933 tibi
1725 3874 1758 3935 et

963 3975 1029 4036 illis
1044 3991 1111 4036 non
1126 3972 1232 4034 deerit
1246 3971 1421 4039 auxilinm,
1445 3970 1479 4031 in
1499 3969 1617 4047 quibus
1632 3969 1759 4030 videri-

962 4089 1035 4134 mus
1059 4074 1294 4149 opportunum,
1321 4069 1356 4130 in
1385 4069 1543 4146 quantum
1571 4067 1759 4145 permiserit

963 4171 1022 4232 ille
1037 4170 1093 4247 qui
1104 4168 1254 4246 superbis
1269 4166 1405 4239 resistit,
1424 4167 1456 4228 et
1470 4165 1613 4241 gratiam
1627 4164 1760 4225 humili-

962 4269 1023 4329 bus
1038 4267 1237 4345 impertitur,
1249 4266 1282 4327 et
1293 4265 1503 4336 sententiam,
1514 4279 1612 4341 quam
1625 4264 1759 4340 propter

963 4367 1025 4428 hoc
1045 4364 1290 4427 rationabiliter
1310 4363 1426 4425 tuleris
1442 4363 1475 4423 in
1491 4362 1634 4423 rebellas
1655 4361 1759 4422 facie-

964 4481 1035 4526 mus
1051 4480 1155 4541 nsque
1175 4463 1215 4524 ad
1239 4462 1500 4524 satisfactionem
1525 4460 1679 4520 idoneam
1701 4458 1760 4518 flr-

963 4563 1062 4623 miter
1075 4561 1257 4623 observari.
1273 4560 1322 4620 Ad
1345 4559 1416 4619 haec
1428 4558 1590 4628 volumus,
1609 4558 1642 4616 et
1665 4571 1760 4615 man·

964 4660 1091 4732 damus,
1108 4658 1355 4735 utjuramenta,
1379 4671 1452 4733 quae
1465 4654 1606 4715 barones
1629 4652 1757 4727 Angliae

964 4758 1078 4819 contra
1099 4771 1211 4831 regem
1233 4753 1425 4831 praedictum
1445 4750 1548 4811 nobili
1563 4749 1635 4810 viro
1648 4749 1759 4809 Ludo-

963 4856 1037 4917 1119
1053 4852 1271 4931 primogenito
1287 4850 1375 4925 regis
1388 4851 1602 4917 Francorum,
1616 4846 1669 4907 vel
1679 4845 1757 4907 aliis

964 4943 1759 5031 prestiterunt,denunciastanquamillicitanon

965 5066 1038 5112 esse
1053 5046 1227 5110 servanda.
1243 5045 1361 5107 Datum
1372 5046 1485 5106 Romae
1499 5043 1585 5120 apud
1600 5043 1757 5104 Sanctum

965 5149 1110 5217 Petrum,
1121 5147 1167 5207 Ill
1180 5160 1256 5205 non.
1267 5141 1413 5204 decemb.
1424 5142 1635 5220 pontificatus
1651 5139 1757 5201 nostri

965 5261 1053 5307 anno
1068 5243 1187 5323 primo.

1005 5449 1049 5505 Iu
1072 5445 1229 5504 cuntdcnc
1243 5442 1394 5501 modum
1418 5435 1642 5499 wintoniensi
1663 5434 1755 5511 epis-

966 5557 1058 5620 copo,
1075 5537 1334 5616 archiepiscopis
1362 5533 1568 5619 Dubliuensi,
1584 5532 1758 5607 Burdoga-

965 5640 1052 5702 lensi
1068 5640 1102 5700 et
1116 5637 1192 5699 aliis
1205 5636 1240 5697 in
1255 5634 1412 5695 fidelitate
1434 5631 1523 5707 regis
1538 5629 1760 5707 1111111191·-

966 5735 1185 5800 manentibus.
