3928 6200
172 306 234 367 363
639 310 816 371 HONORII
838 312 882 370 111
905 312 1053 374 OPERA.
1072 343 1110 356 -
1126 314 1359 377 SERMONES.
1761 318 1822 378 adl

172 465 309 529 cullibet
330 467 501 528 vestrumz
525 467 575 528 Ne
596 466 766 530 delectetis
786 468 822 530 ln
840 469 967 531 semitis
1022 473 1823 551 666616611661666166611666116.[1666611616

172 566 362 643 impiorum,
385 580 448 627 nec
470 563 532 627 tibi
556 565 686 641 placeat
711 566 874 628 malorum
899 568 966 629 via.
1022 567 1157 630 fuerunt
1176 570 1240 646 ipsi
1254 570 1429 647 martyres,
1444 571 1534 632 inter
1548 586 1631 647 quos
1643 571 1741 648 quasi
1757 587 1824 632 uva

172 665 247 725 Non
270 663 357 723 enim
377 661 545 722 dormiunt
567 661 631 722 nisi
658 664 745 724 male
768 663 918 737 iecerint,
936 667 969 726 et
1023 681 1137 742 pressa
1150 667 1186 728 in
1195 668 1357 729 torculari
1372 667 1434 729 iuit
1448 668 1587 746 quilibet
1596 671 1725 745 martyr
1739 684 1824 745 pre-

174 777 240 826 uon
262 760 391 836 rapitur
411 774 548 819 somnus
572 759 614 820 ab
640 760 700 833 eis,
718 761 783 822 nisi
803 763 968 839 supplan·
1022 764 1138 836 bosus,
1164 765 1243 842 quia
1264 765 1326 827 etsi
1357 766 1460 842 praelo
1492 766 1646 841 martyrii
1671 781 1824 842 pressus,

76 872 86 887 ⁶
171 857 326 921 taverini.
342 857 380 916 st
391 855 467 916 item
483 878 491 919 t
506 857 677 920 Laetaniur
696 874 771 921 cum
786 858 968 921 166161666-
1019 861 1193 933 vardentem
1207 864 1317 924 tamen
1332 866 1405 940 eJus
1417 863 1613 924 charitatem
1628 877 1725 940 aquae
1741 863 1826 923 mul·

172 954 252 1025 rint,
266 955 299 1015 st
310 953 463 1015 exultant
481 954 516 1014 in
531 954 630 1015 rebus
644 956 810 1032 pessimis.
825 957 969 1033 Vigilate
1022 961 1065 1019 tae
1080 959 1276 1034 extinguere
1291 976 1357 1020 nen
1372 959 1539 1021 valebant.

172 1068 253 1126 ergo
285 1051 492 1112 dilectissimi
522 1051 630 1114 tribus
660 1054 783 1126 modis,
816 1054 969 1132 exemplo
1063 1056 1823 1137 Nectamenbaecvitissuospalmitesprotulit,

172 1150 243 1222 Dei,
259 1149 410 1227 example
432 1149 510 1210 boui
531 1150 654 1226 angeli,
670 1151 706 1212 ut
717 1152 851 1229 possitis
864 1152 970 1215 vitare
1024 1151 1123 1213 immo
1136 1154 1169 1215 et
1183 1154 1259 1215 aliae
1276 1155 1360 1215 vites
1375 1154 1525 1215 diversos
1540 1154 1693 1231 palmites
1706 1156 1827 1231 protu-

174 1248 317 1313 astutias
331 1248 365 1310 et
377 1248 512 1324 vigilias
527 1246 663 1313 diaboli.
1024 1249 1144 1311 lerunt.
1173 1253 1230 1313 list
1254 1251 1343 1312 enim
1366 1250 1444 1314 vitis
1470 1250 1654 1328 multiplex,
1686 1254 1826 1328 propter

1025 1346 1111 1423 quod
1135 1350 1212 1410 sunt
1236 1349 1270 1412 et
1294 1349 1495 1426 multiplices
1521 1348 1676 1425 palmites
1704 1363 1749 1409 ex
1775 1348 1825 1408 eis

492 1479 640 1567 XXXH
1025 1444 1252 1520 procedentes,
1265 1447 1404 1520 scilicet,
1421 1446 1499 1508 vitis
1518 1461 1684 1522 suprema,
1701 1444 1823 1517 media,

1025 1544 1150 1605 intima.
1166 1544 1251 1605 Vitis
1269 1559 1424 1621 suprema
1442 1542 1595 1606 Christus
1614 1545 1675 1614 est,
1702 1558 1827 1604 secun·

174 1670 224 1734 IN
252 1671 594 1733 FESTIVITATIBUS
623 1671 802 1733 PASCHAE
833 1671 972 1744 USQUE
1025 1642 1102 1702 dum
1117 1641 1198 1701 illud
1214 1640 1405 1717 evangelli:
1431 1644 1506 1717 Ερθ
1525 1656 1604 1702 sitm
1620 1641 1702 1701 tim-3
1722 1654 1824 1700 vem.

380 1770 435 1829 AD
457 1769 767 1831 PENTECOSTEN
1025 1740 1111 1800 Vitis
1143 1739 1325 1800 mediaest
1350 1740 1466 1800 sancia
1491 1737 1651 1808 Ecclesia,
1676 1736 1765 1797 uude
1788 1737 1826 1798 ia

1026 1837 1146 1897 Genesi
1166 1838 1366 1898 :Narravit
1391 1839 1494 1911 prior
1514 1834 1724 1909 praepositam
1743 1836 1827 1908 pta-

214 1940 288 2014 Epo
301 1951 380 1998 6666
390 1936 472 1998 atita
485 1951 582 2009 cera,
598 1936 634 1997 61
643 1938 974 2019 Paterraeasapri-
1025 1946 1213 1995 pernarrare
1236 1937 1437 1995 somniarat
1459 1936 1619 1994 Videbam
1635 1946 1754 1993 coram
1767 1944 1827 1992 me

173 2039 246 2095 6616
260 2033 348 2095 661...
366 2030 475 2112 (ioan.
492 2049 549 2106 xv,
567 2032 611 2112 1).
1026 2033 1133 2093 vitem
1151 2034 1189 2091 16
1203 2046 1270 2104 aaa
1285 2031 1387 2092 erarii
1397 2033 1645 2106 propaptaes...
1663 2028 1759 2107 (Gen.
1775 2043 1824 2099 ιι,

214 2133 293 2191 llaec
316 2130 430 2208 utique
449 2131 528 2191 ritis
549 2132 609 2203 est,
631 2146 705 2207 quae
733 2131 767 2192 et
787 2132 851 2192 hoo
869 2146 974 2207 expc-
1025 2129 1071 2207 9).
1099 2127 1289 2205 Nepbtalim
1312 2128 1412 2191 etiam
1438 2126 1474 2189 iu
1497 2126 1604 2202 ligura
1630 2126 1730 2203 hujus
1744 2124 1826 2186 ritis

174 2227 283 2288 nendo
298 2226 495 2304 subjungit:
518 2232 592 2303 Epa
616 2243 696 2289 6666
716 2229 798 2289 61116
820 2244 916 2299 aera,
939 2228 975 2290 et
1026 2225 1264 2301 interpretatur
1276 2224 1354 2286 vitis
1371 2224 1511 2285 remissa
1535 2240 1554 2284 a
1575 2226 1669 2299 juge,
1694 2221 1828 2283 scilicet

174 2338 235 2385 aas
247 2324 418 2398 palmites.
432 2323 495 2385 Ubi
510 2324 551 2385 ad
563 2323 738 2400 Apostolos
753 2324 854 2385 immo
868 2324 910 2385 ad
921 2340 974 2386 eo
1027 2323 1206 2384 servitutis.
1221 2324 1300 2384 Haec
1313 2323 1364 2383 est
1377 2320 1525 2383 Ecclesia
1536 2335 1609 2398 quse
1620 2318 1760 2381 liberata
1774 2319 1829 2381 est

174 2436 248 2482 rum
264 2436 473 2482 successores
493 2436 602 2482 sermo
622 2421 788 2496 dirigitur,
802 2421 889 2484 sicut
902 2421 971 2482 ibi:
1026 2436 1046 2481 a
1062 2420 1221 2481 servitute
1239 2420 1378 2497 peccati.
1396 2421 1509 2497 Itaque
1541 2421 1611 2495 jam
1625 2433 1692 2478 non
1706 2432 1825 2477 sumus

174 2521 253 2582 Noa
277 2533 342 2592 pro
363 2522 416 2581 616
434 2519 680 2594 repetentum,
701 2521 761 2581 sed
786 2519 820 2580 et
840 2534 905 2593 pro
920 2522 974 2581 air
1027 2517 1115 2578 servi
1130 2517 1187 2578 sed
1204 2516 1312 2588 liberi,
1334 2533 1400 2594 qua
1419 2516 1572 2578 libertate
1594 2515 1744 2576 Christus
1764 2530 1828 2576 nos

176 2619 234 2688 aui
260 2630 327 2690 per
347 2619 491 2678 verbam
509 2630 632 2677 eoram
656 2616 827 2678 credituri
838 2617 974 2679 666116
1027 2614 1191 2676 liberavit.
1208 2614 1295 2676 Vitis
1310 2614 1423 2675 intima
1436 2615 1487 2676 est
1499 2628 1669 2690 synagoga
1683 2612 1737 2673 rel
1749 2627 1828 2673 ma-

174 2727 232 2774 ma
253 2711 363 2790 (ioan.
388 2727 471 2784 svn,
504 2712 570 2792 20).
596 2713 658 2786 Qui
679 2713 790 2775 autem
809 2713 916 2775 credit
938 2713 973 2774 iu
1028 2713 1119 2783 litiae,
1138 2711 1319 2773 secundum
1342 2711 1424 2772 illud
1446 2710 1600 2773 Jeremioe
1622 2730 1629 2770 :
1653 2712 1829 2776 Quomodo

174 2809 296 2886 ipsum,
322 2809 418 2882 idest,
434 2811 471 2871 in
494 2810 660 2871 Christum
682 2812 715 2872 et
729 2811 841 2872 manet
864 2813 900 2872 iu
921 2826 971 2881 eo,
1026 2824 1194 2872 corioersa
1213 2813 1298 2871 ecia
1319 2810 1555 2871 amaritudine
1567 2808 1649 2868 61116
1662 2810 1826 2869 6116666...

174 2906 270 2979 idest,
303 2906 383 2971 iacit
414 2907 617 2969 voluntatem
640 2923 735 2968 suam
755 2908 880 2984 palmes
910 2910 972 2981 est,
1028 2906 1109 2986 (ier.
1121 2923 1157 2978 11,
1173 2906 1239 2985 21).
1255 2906 1341 2968 Vitis
1356 2920 1511 2982 suprema
1531 2906 1581 2966 est
1594 2904 1731 2980 optima,
1747 2902 1828 2964 vitis

175 3004 271 3076 idest,
288 3004 474 3082 discipulus
491 3004 542 3067 est
562 3003 604 3065 do
617 3004 681 3065 hae
696 3005 763 3066 vite
778 3005 971 3082 procedens.
1028 3004 1136 3065 media
1159 3005 1209 3065 est
1224 3003 1323 3075 bona,
1349 3003 1428 3064 ritis
1450 3003 1564 3064 infima
1589 3000 1688 3062 mala.
1713 2999 1828 3062 Prima

176 3101 269 3162 Unde
284 3103 317 3163 et
331 3102 403 3179 ipse
417 3101 465 3162 ait
483 3122 492 3161 e
511 3101 705 3167 06166661
720 3104 756 3163 ia
770 3116 837 3173 me,
858 3101 892 3164 61
913 3117 974 3179 opo
1027 3101 1115 3173 ritis,
1130 3100 1217 3161 idest
1226 3100 1387 3171 Christus,
1402 3099 1559 3176 produxit
1572 3098 1687 3159 vinum
1698 3100 1828 3175 jucun·-

174 3196 972 3278 1666,6161661116616666166(1666665)
1027 3197 1151 3270 ditatis,
1168 3196 1202 3258 et
1229 3196 1414 3273 spiritualis
1438 3195 1647 3271 intelligitur.
1675 3194 1769 3256 Unde
1792 3193 1828 3254 in

174 3294 265 3355 Talis
286 3295 413 3372 palmes
437 3294 499 3356 suit
525 3294 664 3372 quilibet
688 3297 816 3373 martyr
838 3295 972 3369 Christi,
1028 3296 1113 3359 libro
1126 3294 1281 3357 iudicum
1295 3316 1303 3353 ε
1319 3294 1505 3369 Respondit
1524 3294 1605 3354 61116
1624 3309 1637 3353 .·
1659 3294 1830 3365 6666616

175 3408 272 3469 quem
288 3408 350 3452 nec
364 3392 432 3453 vita
452 3408 513 3454 nec
536 3408 625 3453 mors
649 3391 691 3454 ab
713 3395 786 3470 ejus
811 3394 974 3455 charitate
1025 3408 1166 3468 pessum
1180 3395 1341 3453 deserere
1356 3395 1476 3453 viriam
1488 3405 1616 3461 666661,
1638 3392 1727 3464 quod
1739 3390 1831 3451 16611-

177 3505 357 3565 numquam
374 3489 481 3566 potuit
490 3505 658 3566 separare.
675 3490 846 3552 Fundatas
861 3491 974 3568 utique
1026 3491 1108 3562 ticat
1130 3494 1242 3555 Deam
1271 3489 1306 3571 et
1328 3491 1493 3560 tiarataes,
1516 3488 1552 3549 et
1583 3488 1677 3548 tater
1698 3486 1830 3547 catera

178 3587 251 3648 erat
266 3602 366 3664 supra
379 3587 509 3652 firmam
520 3589 661 3665 petram,
672 3588 706 3650 et
724 3588 800 3652 ideo
814 3588 974 3650 adversus
1027 3589 1329 3662 iipaapramoveri
1339 3582 1428 3663 (iud.
1442 3600 1489 3657 ιι,
1500 3584 1565 3663 13).
1578 3584 1618 3645 st
1629 3584 1663 3644 in
1676 3583 1829 3661 psalmo:

176 3700 251 3747 eum
263 3686 366 3761 pcrtae
380 3685 492 3757 inferi,
508 3685 606 3757 idest,
618 3686 848 3763 persecutores
863 3687 896 3747 et
909 3685 975 3747 bse-
1034 3688 1155 3745 Visam
1178 3684 1326 3754 1661111661
1338 3698 1399 3743 eor
1421 3686 1570 3746 16661616
1584 3680 1654 3760 (Ps.
1672 3683 1742 3750 103,
1760 3678 1827 3757 15).

176 3781 272 3842 retici
288 3781 473 3858 praevalere
495 3782 630 3844 minime
644 3784 833 3860 potuerunt,
855 3783 975 3844 bumo-
1027 3785 1097 3843 Hoc
1116 3782 1230 3842 vinum
1249 3780 1323 3841 haec
1341 3780 1420 3842 vitis
1442 3780 1609 3857 produxit,
1633 3777 1765 3857 quando
1791 3777 1830 3837 iu

176 3894 245 3941 rem
268 3879 393 3959 quippe
410 3881 482 3956 ipse
505 3881 633 3957 martyr
654 3880 849 3957 perceperat
866 3895 886 3941 a
907 3881 975 3942 vite
1028 3877 1288 3940 Gbanadalileae
1299 3893 1418 3955 aquam
1433 3878 1597 3939 convertit
1611 3877 1782 3947 inrisum,
1795 3878 1832 3938 et

175 3976 245 4048 illa,
269 3976 366 4048 idest,
383 3993 404 4038 a
430 3978 572 4050 Cbristo,
587 3978 629 4038 de
652 3981 747 4055 cuius
769 3978 974 4055 plenitudine
1028 3976 1159 4053 quando
1173 3974 1367 4036 vulneribus
1382 3974 1524 4038 sauciati
1538 3974 1648 4035 oleum
1663 3974 1696 4035 et
1707 3973 1826 4034 616666

176 4088 291 4133 omnes
302 4074 481 4149 accipiunt.
497 4074 740 4149 Haecestarbcr
752 4074 834 4149 ligni
850 4074 927 4136 vitae
940 4075 974 4135 in
1028 4072 1158 4134 inludit.
1172 4072 1323 4133 Secunda
1338 4072 1416 4133 vitis
1430 4071 1583 4148 producit
1600 4071 1715 4132 vinum
1727 4085 1829 4132 com-

174 4169 284 4231 medio
299 4169 457 4245 paradisi.
474 4170 559 4230 Nam
574 4170 739 4245 sapientia
755 4170 883 4246 lignum
896 4170 974 4235 ritae
1028 4170 1228 4246 punctionis.
1246 4169 1339 4230 Unde
1352 4169 1386 4229 in
1403 4167 1594 4231 Proverbiis
1610 4189 1617 4231 ε
1633 4170 1831 4229 116166166-

175 4267 226 4327 est
238 4264 562 4341 apprehendentibus
575 4281 660 4327 eam.
672 4269 779 4342 liujus
788 4267 867 4328 ritae
877 4267 975 4329 radix
1028 4284 1107 4329 ram
1119 4267 1354 4339 maerentibus,
1368 4268 1594 4329 etviaaaabis
1605 4270 1664 4341 pai
1675 4269 1713 4327 16
1726 4279 1832 4326 ama-

175 4362 240 4422 l'uit
261 4364 367 4433 Jesse,
385 4364 418 4423 et
441 4363 497 4439 qui
524 4379 566 4423 ex
587 4363 651 4424 hac
678 4362 791 4424 radice
817 4366 976 4441 exsurget
1028 4367 1182 4426 rttadiae
1194 4366 1277 4427 6661
1292 4363 1404 4444 (Prov.
1425 4380 1520 4435 mr,
1544 4361 1591 4441 θ).
1620 4365 1691 4424 Ηοο
1711 4363 1832 4425 riuum

175 4473 293 4534 regere
313 4460 439 4534 gentes,
471 4460 506 4519 in
534 4475 609 4520 eum
637 4461 753 4536 gantos
782 4459 973 4537 sperabunt.
1028 4478 1102 4524 cum
1126 4463 1291 4539 gustatur,
1319 4461 1468 4523 laetificat
1490 4466 1524 4522 et
1554 4463 1658 4522 Deum
1679 4462 1830 4533 Patrem,

178 4556 285 4633 stirps
293 4555 356 4619 luit
367 4554 677 4628 David,secundum
685 4556 975 4630 illud21>esracia
1028 4559 1114 4622 sicut
1137 4559 1319 4622 laetificavit
1342 4562 1448 4632 isaac,
1470 4558 1651 4620 seeundum
1671 4557 1758 4634 quod
1778 4558 1832 4619 le·

176 4654 310 4717 reatris
343 4655 395 4715 iai
416 4668 548 4727 pariam
579 4669 687 4729 caper
712 4658 829 4717 sedem
858 4669 975 4717 meam
1027 4657 1118 4733 gitur
1138 4656 1173 4719 in
1189 4657 1310 4719 Genesi
1327 4677 1336 4720 a
1354 4659 1444 4725 0666
1461 4672 1541 4718 cam
1558 4656 1686 4718 6616166
1709 4669 1832 4717 6666-

177 4748 245 4826 (Ps.
267 4751 337 4821 131,
361 4749 426 4829 11).
442 4752 592 4813 Truncus
609 4750 707 4813 beata
729 4751 831 4828 Virgo
850 4751 891 4814 de
910 4769 974 4830 quo
1027 4753 1691 4828 616661,6616116116661616666,666
1704 4752 1833 4814 1666616

175 4848 340 4923 processit
376 4864 457 4909 rora
484 4849 574 4913 vltis.
601 4849 696 4911 Unde
717 4850 822 4913 isaias
839 4870 847 4913 z
862 4853 976 4926 lipre-
1028 4852 1119 4913 61611
1139 4854 1302 4912 66166666
1324 4853 1454 4913 Accede
1472 4854 1517 4913 ad
1539 4864 1607 4917 aie.
1624 4849 1658 4913 61
1678 4852 1724 4911 da
1741 4852 1831 4911 mitit

176 4945 292 5004 dictur
319 4948 421 5021 Virpo
448 4949 491 5007 de
518 4948 636 5008 radice
657 4950 765 5018 16666,
790 4946 824 5008 61
847 4947 911 5019 1166
933 4951 975 5009 de
1027 4953 1190 5020 asariam,
1202 4950 1251 5020 111
1264 4951 1315 5010 mi
1325 4946 1421 5026 (Gen.
1434 4964 1542 5019 xxvn,
1557 4947 1624 5025 25).

176 5043 295 5105 radice
308 5044 384 5115 ejas
404 5044 565 5105 66666661
584 5040 642 5122 (Is.
658 5059 716 5115 su,
733 5042 780 5123 3),
805 5044 975 5121 Vitisipse
1067 5044 1829 5123 Tertiavitispruducitlambruscasetacetum;

177 5139 342 5213 Christum
355 5140 442 5203 uude
454 5140 527 5216 ipse
539 5140 865 5217 6116666666661116
875 5157 972 5211 aera,
1028 5141 1115 5204 unde
1130 5142 1236 5203 lsaias
1251 5164 1258 5203 :
1275 5142 1469 5216 1166661661
1483 5144 1521 5204 61
1535 5142 1779 5216 1666616666,
1794 5142 1831 5202 61

177 5236 331 5311 palmites
349 5237 634 5313 veroilpostoliet
648 5252 762 5302 sorum
777 5238 972 5303 imitatores
1026 5240 1107 5313 secti
1133 5243 1347 5302 lambruscas
1375 5238 1433 5318 (is.
1466 5257 1498 5312 v,
1527 5237 1573 5317 7),
1604 5238 1828 5316 iniquitatem,

176 5333 272 5399 Unde
286 5334 321 5395 in
335 5333 516 5410 Evangelio
533 5336 601 5395 :lii
624 5349 685 5397 666
698 5336 782 5399 66116
793 5337 973 5409 pampica
1027 5337 1165 5408 scilicet,
1187 5339 1220 5399 st
1241 5336 1517 5398 maledictionem.
1544 5338 1623 5397 ltem
1642 5350 1702 5413 per
1727 5352 1829 5397 eum-

176 5429 256 5491 iolia
270 5432 420 5494 doctrina
436 5448 506 5493 sua.
531 5431 623 5494 Unde
638 5433 673 5493 in
686 5433 814 5509 psalmo
830 5448 838 5494 :
854 5434 899 5496 Et
921 5435 976 5507 16-
1027 5432 1101 5495 dem
1112 5433 1233 5496 dicitur
1243 5451 1251 5497 :
1262 5435 1457 5510 Eapectaat
1467 5435 1507 5495 61
1520 5434 1831 5508 iaceretjadiciam

175 5529 259 5590 11666
278 5533 354 5600 ejas
366 5544 434 5592 666
450 5531 587 5603 defluet.
602 5532 674 5594 Uva
688 5529 814 5592 tructus
832 5545 876 5595 ex
894 5530 975 5592 doe·
1026 5532 1588 5607 61666616166166,61166111166,
1605 5530 1639 5594 61
1658 5544 1735 5592 ecce
1752 5536 1830 5593 cia-

177 5623 264 5688 trina
280 5627 496 5705 prorsuieus3
508 5627 595 5689 uude
609 5643 645 5692 sa
660 5626 834 5704 evangelio
847 5643 855 5689 ε
866 5624 975 5691 Posui
1026 5642 1104 5691 mor
1118 5625 1227 5709 (ibid).
1249 5630 1319 5695 Hac
1343 5628 1519 5706 reprobum
1534 5628 1647 5695 vinum
1667 5626 1830 5704 produxit
