3980 6206
133 356 192 415 717

131 531 248 577 coram
273 512 520 581 venerabilibus
536 514 619 576 viris
621 558 695 575 ......
722 516 858 577 cantore
861 557 933 575 ......

131 611 425 691 archipresbytero
466 614 499 675 et
540 613 700 687 magistro
735 612 935 674 Bonoamico

134 710 299 772 canonico
322 711 500 773 Bituricen.
525 711 724 773 auctoritate
745 709 936 787 apostolica

132 809 276 885 quaestio
289 809 486 881 verteretur,
498 807 680 871 tandemde
690 822 830 871 assensu
843 808 937 884 capi-

130 907 280 968 tulorum
295 923 432 968 suorum
448 906 509 967 sub
528 920 627 986 poeua
646 907 778 969 centurn
800 921 934 967 marca-

131 1019 208 1064 rum
232 1005 532 1081 compromiserunt
547 1004 582 1065 in
604 1019 676 1077 nos,
698 1005 733 1066 et
754 1002 934 1065 venerabi-

131 1102 199 1163 lem
214 1102 322 1163 virum
346 1102 541 1178 magistrum
563 1104 734 1179 Hugouem
754 1102 933 1163 Bituricen.

131 1199 409 1263 archidiaconum
436 1202 533 1277 juxta
563 1200 703 1261 formam
723 1216 797 1278 quae
819 1199 854 1261 in
873 1215 936 1260 au-

132 1292 292 1355 thenticis
314 1294 503 1356 eorumdem
519 1294 552 1356 et
566 1293 786 1370 capitulorum
799 1310 934 1356 suorum

133 1389 212 1450 inde
235 1389 405 1461 conlectis,
422 1391 455 1451 et
478 1389 575 1451 nobis
595 1388 726 1452 traditis
743 1390 935 1467 expressius

132 1487 333 1558 continetur,
350 1504 489 1565 quorum
504 1488 624 1550 seriem
640 1488 680 1551 de
692 1489 795 1551 verbo
807 1489 848 1551 ad
862 1505 935 1551 ver·

132 1585 212 1646 bum
239 1587 396 1662 praesenti
419 1586 550 1665 pagiuae
578 1587 734 1648 duximus
757 1588 931 1649 annotare.

173 1684 319 1749 Littcrae
354 1698 401 1746 ecc
435 1685 536 1759 parte
573 1690 722 1763 episcopi
750 1688 931 1747 Eduertsts.

132 1782 328 1855 Gualterus,
349 1782 408 1844 Dei
430 1783 538 1857 gratia
557 1783 718 1844 liddensis
740 1784 930 1863 episcopus,

131 1879 289 1941 omnihus
310 1882 493 1959 praesentes
522 1880 649 1942 litteras
672 1881 871 1960 inspecturis
899 1883 932 1942 in

130 1977 273 2039 Domino
301 1976 452 2040 salutern.
482 1978 647 2041 Noverint
668 1979 828 2053 universi,
846 1980 930 2058 quod

130 2092 206 2136 curn
220 2075 383 2137 internos
397 2092 440 2137 ex
452 2092 518 2139 una
532 2078 637 2153 parte,
654 2077 688 2139 et
698 2077 856 2140 venerab.
872 2095 933 2154 pa-

129 2175 217 2234 trem
234 2172 440 2235 Willelmum
459 2174 722 2236 antissiodoren.
742 2176 932 2254 episcopum

132 2288 176 2337 ex
190 2272 308 2343 altera,
326 2288 428 2350 super
450 2273 580 2349 capella
600 2271 641 2334 de
662 2271 832 2345 Bethleem
845 2273 931 2351 apud

131 2369 369 2431 Clametiacum
388 2371 428 2432 ,et
462 2372 540 2447 jnre
561 2369 748 2451 parochiali
784 2371 932 2450 ejusdem

129 2465 230 2543 burgi
254 2481 404 2528 coram...
430 2468 602 2527 cantore...
626 2465 930 2545 archipresbytero,

129 2565 162 2625 et
176 2563 338 2640 magistro
353 2564 553 2624 Bouoamico
567 2564 729 2625 canonico
748 2563 929 2627 Bituricen.

130 2660 329 2723 auctoritate
347 2660 536 2737 Apostolica
564 2662 705 2738 quaestio
733 2664 929 2732 verteretur,

128 2760 264 2822 tandem
279 2757 501 2821 mediantibus
516 2759 598 2822 viris
610 2758 706 2820 bonis
717 2761 749 2821 et
763 2759 804 2820 ad
816 2775 931 2837 pacem

128 2856 428 2933 interponentibus,
445 2856 558 2937 partes
571 2873 650 2916 suas
661 2857 695 2916 in
707 2857 931 2919 venerabilem

129 2957 175 3016 M.
196 2953 411 3017 aurelianen.
428 2955 630 3032 episcopum,
649 2955 844 3031 magistrum
858 2957 931 3017 Hu-

129 3068 250 3128 gonem
267 3052 446 3113 Bituricen.
471 3051 744 3114 archidiaconum
770 3054 932 3114 1111111-

129 3150 276 3211 baudum
301 3149 564 3212 antissiodoren.
602 3151 799 3213 canonicum
830 3167 931 3229 super

129 3248 187 3308 illa
204 3248 433 3309 controversia
460 3246 521 3309 sub
539 3262 637 3325 poena
655 3248 787 3310 centum
799 3263 931 3311 marca-

129 3360 205 3406 rum
242 3344 315 3423 pari
346 3344 425 3406 hinc
453 3343 530 3406 iude
559 3345 846 3423 compromisimus
870 3364 931 3408 vo-

129 3443 269 3512 luntate,
297 3440 358 3503 sub
381 3442 446 3504 hac
472 3442 589 3515 forma,
613 3442 699 3520 quod
727 3442 845 3504 arbitri
864 3444 929 3521 ipsi

129 3540 170 3603 de
191 3541 291 3618 plano
311 3542 368 3617 jus
392 3540 563 3618 utriusque
584 3543 689 3618 partis
707 3541 927 3619 inquirerent,

129 3641 163 3700 et
203 3654 265 3700 nos
294 3637 493 3699 inconcusse
530 3639 736 3700 servabimus
772 3638 929 3716 quidquid

130 3736 195 3815 ipsi
220 3736 273 3798 vel
304 3736 479 3813 episcopus
507 3751 582 3796 cum
608 3737 714 3798 altero
741 3735 929 3798 1111111111-

128 3851 204 3896 rum
229 3850 365 3895 suorum
384 3833 517 3895 duxerit
544 3833 784 3900 arbitrandum,
800 3837 833 3896 et
848 3850 929 3896 con-

128 3932 327 3993 dictumest
355 3932 440 4009 quod
469 3934 604 4010 propter
631 3932 722 3995 tertii
744 3932 930 3995 absentiam

128 4045 196 4090 non
219 4029 420 4105 impedietur
439 4031 518 4107 quin
543 4032 718 4108 episcopus
738 4047 814 4092 curn
829 4045 929 4091 coar-

128 4128 217 4190 111111
250 4142 323 4199 111,
353 4127 411 4204 qui
436 4144 584 4206 praesens
611 4128 721 4201 suerit,
750 4127 928 4205 procedat:

128 4227 190 4287 sub
206 4242 305 4304 prena
319 4228 432 4288 autem
459 4227 591 4289 centum
620 4242 809 4289 marcarum
832 4242 930 4303 repe·

127 4324 229 4386 tenda
257 4323 289 4384 sl
317 4339 465 4384 essemus
485 4323 520 4384 in
535 4323 665 4387 deiectu
680 4326 778 4402 plene
801 4341 928 4403 suppo·

127 4423 268 4494 suimus,
299 4437 359 4483 uos
381 4421 611 4498 jurisdictioni
633 4422 781 4500 episcopi
811 4438 931 4500 supra-

128 4520 209 4582 dicti
230 4521 264 4582 et
286 4522 324 4582 ut
351 4523 458 4598 majus
484 4519 587 4581 robur
610 4519 758 4583 obtineat
771 4535 928 4601 compro·

127 4618 279 4688 missum,
306 4618 390 4680 illud
409 4618 555 4696 iamper
573 4620 727 4691 nostras,
750 4634 851 4698 quam
871 4634 931 4696 per

105 4715 266 4799 ,capituli
294 4716 399 4777 nostri
423 4715 554 4778 litteras
577 4715 734 4779 duximus
757 4715 927 4778 roborare:

127 4813 269 4876 Durabit
287 4817 396 4875 autern
411 4813 687 4890 compromissum
713 4813 800 4877 istud
826 4829 929 4891 usque

127 4912 170 4974 ad
186 4912 307 4974 festum
322 4913 470 4974 omnium
488 4913 686 4974 Sanctorum
701 4911 767 4971 nisi
782 4911 824 4973 de
837 4928 930 4975 com-

127 5010 220 5072 muni
236 5025 402 5075 consensu
422 5010 567 5087 partium
587 5008 688 5071 111111
700 5011 927 5087 prorogatum,

127 5112 219 5172 etex
231 5110 322 5176 tunc,
336 5109 366 5169 si
388 5124 455 5169 non
474 5109 562 5170 esset
588 5122 689 5169 causa
708 5123 768 5185 per
785 5106 929 5170 arbitros

126 5209 318 5279 terminata,
341 5206 495 5269 dominus
514 5204 777 5267 antissiodoren.
798 5206 929 5283 episco-

126 5323 189 5385 pus
201 5306 243 5366 ad
254 5305 386 5382 judices
401 5320 479 5366 suos
493 5304 648 5381 superius
661 5305 850 5366 nominatos
866 5304 929 5366 ha-

125 5405 221 5466 beret
248 5418 432 5474 recursum,
455 5404 488 5464 et
509 5402 598 5464 esset
622 5402 791 5477 negotium
820 5401 927 5480 quoad

126 5503 259 5565 litteras
270 5501 479 5577 Apostolicas
492 5515 631 5578 quarum
644 5500 840 5561 auctoritate
853 5515 929 5560 con·

125 5598 356 5668 veniebamus,
371 5600 404 5660 et
416 5598 523 5677 quoad
539 5597 650 5659 omnia
663 5597 730 5659 tarn
745 5598 851 5675 quoad
868 5613 928 5658 uos

126 5713 226 5773 quam
257 5694 363 5773 quoad
384 5695 492 5771 ipsum
516 5695 551 5755 in
566 5709 605 5757 eo
622 5695 709 5755 statu
725 5694 758 5755 in
779 5696 928 5773 11111111

762 353 991 423 EPIS'l'OLAE.
1014 355 1092 416 ΠΒ.
1117 357 1158 419 lL
1529 350 1590 363 '⁴‘
1624 358 1627 363 “

1731 356 1790 417 718

989 513 1137 593 tempore
1155 513 1400 595 compromissi,
1413 514 1459 576 ita
1483 514 1570 594 quod
1597 530 1663 576 non
1685 516 1791 592 possit
1832 562 1841 567 -

991 612 1090 690 hujus
1101 612 1331 689 compromissi
1341 612 1504 690 praetextu
1515 613 1666 689 exceptio
1677 613 1790 692 aliqua

990 712 1140 786 exparte
1165 711 1278 772 nostra
1300 711 1417 772 contra
1444 710 1564 786 ipsum,
1585 711 1639 773 vel
1660 710 1790 775 litteras

990 807 1165 885 predictas
1199 808 1332 887 opponi.
1359 809 1478 870 Actum
1514 824 1628 870 mense
1655 807 1789 887 augusti

989 921 1078 993 anuo
1092 906 1223 968 Domini
1240 907 1331 967 1211.

1029 1002 1172 1065 Litterae
1184 1005 1326 1077 capituli
1337 1005 1468 1065 Educn.
1480 1006 1575 1079 Hugo
1588 1003 1745 1077 decanus,
1757 1007 1792 1069 11

989 1100 1182 1163 universum
1194 1101 1318 1162 Eduen.
1330 1101 1479 1163 ecclesiae
1495 1101 1675 1179 capitulum
1687 1105 1791 1164 omui-

989 1197 1788 1276 buspraesenteslitterasinspecturislnhomino

990 1295 1142 1358 salutem.
1173 1297 1371 1363 Noverinnus
1407 1298 1554 1367 universi
1583 1297 1669 1375 quod
1701 1298 1790 1359 inter

989 1394 1197 1456 venerabiles
1212 1397 1324 1473 patres
1338 1394 1509 1465 dominum
1529 1398 1678 1458 nostrum
1694 1397 1791 1461 (lual-

989 1478 1095 1553 terum
1118 1493 1256 1565 Eduen„
1280 1510 1323 1554 11
1340 1509 1405 1557 una
1426 1496 1519 1571 parte
1537 1497 1570 1556 et
1583 1494 1789 1555 Willelmum

989 1588 1249 1650 antissiodoren.
1269 1605 1312 1650 ex
1337 1589 1455 1675 altera,
1479 1590 1665 1669 episcopos,
1689 1606 1790 1667 super

988 1686 1116 1763 capella
1129 1686 1169 1749 de
1184 1687 1353 1749 Bethleem
1380 1688 1466 1765 apud
1482 1688 1737 1761 Clametiecum
1757 1689 1790 1749 et

988 1784 1118 1862 injure
1142 1785 1330 1865 parochiali
1349 1785 1615 1863 ejusdemburgi
1637 1802 1787 1848 coram...

988 1884 1159 1944 cantore...
1177 1883 1481 1961 archipresbytero,
1498 1885 1531 1945 et
1545 1885 1705 1960 magistro
1719 1886 1788 1945 Bo-

988 1982 1141 2042 uoamico
1183 1982 1346 2047 canonico
1378 1981 1559 2061 Bituricen.
1592 1982 1790 2047 auctoritate

988 2079 1176 2155 apostolica
1192 2081 1332 2157 qiraestio
1352 2081 1550 2147 verteretur,
1564 2080 1698 2141 tandem
1719 2096 1791 2141 me-

988 2175 1155 2237 diantibus
1170 2176 1252 2237 viris
1269 2176 1375 2250 bonis,
1398 2177 1430 2238 11
1444 2177 1486 2239 ad
1507 2192 1622 2254 pacem
1635 2178 1788 2255 interpo-

987 2273 1152 2343 nentibus,
1162 2277 1275 2351 partes
1290 2290 1369 2335 suas
1383 2274 1418 2335 in
1425 2274 1650 2336 venerabilem
1657 2274 1790 2352 patrem

987 2373 1165 2435 Manassen
1190 2372 1405 2435 aurelianen.
1431 2374 1634 2451 episcopum,
1659 2374 1787 2453 magis-

986 2470 1073 2531 trum
1088 2471 1128 2531 Η.
1141 2469 1322 2531 Bituricen.
1334 2470 1607 2533 archidiaconum
1622 2472 1655 2533 et
1664 2471 1704 2531 Η.
1714 2474 1787 2532 Au-

986 2566 1197 2628 tissiodoreu.
1225 2567 1423 2629 canonicum
1448 2581 1549 2646 super
1573 2567 1789 2631 1111111111-

985 2664 1095 2725 versia
1121 2664 1184 2726 sub
1212 2680 1310 2743 poene
1339 2667 1471 2727 centum
1499 2678 1687 2729 marcarum
1714 2666 1787 2744 pari

986 2761 1155 2823 voluntate
1167 2761 1467 2839 compromiserunt
1479 2762 1558 2823 hinc
1570 2761 1716 2823 indesub
1728 2762 1787 2824 tali

985 2858 1102 2930 forma,
1115 2859 1202 2936 quod
1217 2859 1336 2921 arbitri
1351 2860 1416 2937 ipsi
1430 2859 1471 2921 de
1483 2860 1582 2936 plano
1591 2862 1649 2937 jus
1664 2860 1785 2922 utrius-

985 2972 1049 3033 que
1064 2956 1168 3039 partis
1196 2956 1413 3036 inquirerent,
1437 2958 1470 3019 et
1489 2973 1565 3035 pars
1581 2960 1722 3036 utraque
1739 2958 1787 3018 in·

985 3070 1146 3115 concusso
1161 3054 1308 3119 servabit
1326 3055 1485 3132 quidquid
1500 3053 1618 3119 arbitri
1638 3055 1716 3133 ipsi,
1733 3055 1786 3116 vel

984 3152 1161 3231 episcopus
1181 3169 1256 3214 cunr
1274 3154 1380 3215 altero
1396 3152 1638 3219 coarbitrorum
1649 3168 1787 3213 sucrum

986 3250 1119 3331 duxerit
1129 3250 1369 3321 arbitrandum,
1382 3251 1415 3313 et
1428 3250 1616 3315 condictum
1629 3251 1690 3322 est,
1701 3250 1788 3329 qarod

986 3348 1120 3425 propter
1132 3347 1222 3410 tertii
1231 3347 1415 3410 absentiam
1425 3364 1491 3410 nou
1503 3348 1789 3426 impedieturquiu

973 3447 1161 3523 episcopus
1185 3461 1260 3507 cum
1275 3445 1413 3516 arbitr0,
1426 3446 1483 3522 qui
1504 3446 1604 3506 suerit
1626 3462 1785 3521 praesens,

986 3540 1154 3618 procedat.
1182 3544 1288 3618 Super
1310 3557 1406 3618 poena
1424 3542 1535 3603 autem
1550 3543 1683 3603 centum
1698 3558 1788 3602 1111-

986 3638 1787 3716 carumargentirepetenda,siepiscopusnoster

985 3738 1072 3799 esset
1086 3736 1120 3797 in
1136 3736 1276 3822 delectu,
1291 3736 1466 3813 supposuit
1488 3751 1524 3797 se
1546 3736 1633 3819 idem
1655 3736 1787 3814 episoc-

987 3852 1046 3911 pus
1081 3834 1177 3912 plene
1210 3834 1439 3911 jurisdictioni
1468 3833 1546 3895 dicti
1568 3833 1783 3895 aurelianen.

985 3933 1131 4009 episcopi
1161 3932 1396 4003 coercendum,
1425 3931 1458 3993 et
1487 3931 1523 3993 ut
1552 3934 1660 4008 majus
1683 3931 1785 3993 robur

985 4028 1132 4092 obtineat
1160 4029 1451 4106 compromissum,
1487 4027 1640 4090 domiuus
1670 4031 1786 4090 noster

985 4128 1158 4205 episcopus
1179 4128 1260 4188 illud
1285 4127 1380 4189 duxit
1406 4142 1565 4204 persnas
1590 4142 1630 4187 ac
1654 4128 1784 4188 nostras

986 4227 1114 4288 litteras
1139 4226 1307 4286 roborare.
1332 4223 1472 4288 Durabit
1497 4220 1786 4300 autemcompro-

985 4323 1123 4383 missum
1158 4321 1246 4384 istud
1276 4337 1381 4400 usque
1412 4321 1453 4384 ad
1485 4321 1605 4385 festum
1638 4321 1784 4383 omnium

986 4423 1194 4492 Sanctorum,
1207 4420 1272 4481 uisi
1288 4420 1328 4483 de
1341 4421 1508 4482 communi
1522 4436 1687 4483 consensu
1703 4436 1784 4496 par-

983 4519 1068 4582 tium
1079 4518 1180 4582 luerit
1197 4518 1336 4582 alterius
1350 4520 1574 4595 prorogatum,
1589 4521 1622 4579 et
1636 4519 1782 4586 extunc,

984 4616 1012 4677 si
1034 4633 1100 4678 non
1122 4617 1213 4679 esset
1228 4631 1331 4677 causa
1354 4631 1412 4693 per
1428 4614 1573 4678 arbitros
1592 4615 1781 4684 terminata,

984 4714 1138 4776 dominus
1167 4714 1431 4775 Autissiodoren.
1467 4713 1508 4774 ad
1538 4711 1671 4791 judices
1706 4727 1785 4772 suos

984 4811 1137 4889 superius
1165 4809 1352 4872 nominatos
1378 4809 1517 4871 haberet
1544 4824 1728 4880 recursum,
1752 4811 1786 4870 et

983 4910 1072 4972 esset
1099 4909 1268 4986 negotium
1293 4908 1400 4986 quoad
1423 4908 1552 4970 litteras
1574 4907 1784 4985 apostolicus

983 5022 1123 5087 quarum
1160 5006 1359 5068 auctoritate
1392 5005 1590 5067 convenitur
1629 5003 1783 5066 dominus

983 5107 1096 5167 noster
1110 5104 1296 5180 episcopus,
1306 5105 1340 5165 et
1351 5102 1459 5180 quoad
1471 5103 1582 5165 omnia
1595 5105 1662 5164 tarn
1675 5101 1783 5179 quoad

983 5202 1177 5280 praedictum
1200 5201 1370 5264 dominum
1391 5201 1540 5263 nostrum
1556 5217 1655 5279 quam
1675 5198 1782 5275 qrroad

983 5302 1152 5363 dominum
1164 5288 1419 5363 Autissidioren.
1440 5300 1475 5360 iu
1491 5316 1530 5361 eo
1546 5301 1644 5368 11111,
1664 5297 1700 5358 11
1717 5310 1782 5373 quo

983 5402 1057 5461 erat
1079 5402 1226 5475 tempore
1252 5398 1499 5474 compromissi,
1528 5398 1573 5457 ita
1601 5395 1687 5471 quod
1716 5412 1782 5457 uon

983 5495 1781 5574 poterituujuscompromisstpretextuexcepuo

982 5596 1095 5674 aliqua
1123 5597 1238 5658 contra
1261 5594 1431 5655 dominum
1445 5592 1702 5654 'notissidioren
1728 5596 1783 5655 vel

983 5695 1112 5756 litteras
1140 5709 1218 5754 suas
1247 5692 1423 5770 praedictas
1450 5691 1491 5752 ab
1524 5691 1664 5753 adversa
1688 5694 1782 5770 parte
