3946 6196
849 200 1024 263 HONORII
1045 202 1090 262 111
1112 203 1259 266 OPERA.
1817 205 1873 266 384

222 206 283 270 38³

223 365 426 444 episcopum,
452 364 493 425 ii.
513 362 676 425 decanum
700 363 734 424 et
754 361 936 438 capitulum
955 364 1022 424 Pa·
1114 360 1271 426 videntes
1291 363 1325 425 et
1348 362 1496 426 dolentes
1517 358 1758 440 indignationis
1773 363 1875 427 oliam

223 465 366 527 risiense
391 479 435 526 ex
461 461 583 534 altera,
612 475 713 537 super
738 462 814 536 jure
835 459 1020 538 parochiali
1073 461 1109 523 in
1123 460 1478 538 regnoangiiadanto
1493 462 1649 540 aquilone
1663 476 1874 536 succensam,

223 562 410 640 spirituali,
436 562 469 622 et
487 563 564 638 jnre
588 557 769 636 episcopali
792 557 829 618 in
853 558 1019 621 territorio
1073 575 1147 637 quae
1162 561 1420 637 circumquaque
1434 559 1605 635 voraginis
1627 576 1698 620 suae
1720 558 1875 621 flammas

222 658 416 723 monasterii
428 657 530 719 vestri
546 655 633 718 ultra
643 671 781 733 parvum
794 656 938 733 pontem,
949 654 1019 718 sive
1073 657 1257 730 effundens,
1266 656 1343 719 illos
1361 674 1436 719 cum
1451 656 1626 727 Chaldaeis,
1643 656 1790 735 quinam
1805 672 1876 720 suc·

222 759 266 821 sit
281 757 491 827 aediiicatum,
516 753 587 816 sive
608 753 838 815 aedificandum
858 754 1019 832 usquead
1072 756 1226 828 cendunt,
1243 755 1391 817 incendit
1405 755 1438 817 et
1450 755 1703 832 circumpositas
1716 755 1875 831 regiones

123 924 126 930 ,
221 855 362 932 burgum
378 853 491 915 Sancti
512 852 669 913 Germani
687 850 932 914 rationabiliter
945 869 1019 931 pro·
1071 853 1222 925 involvit,
1236 854 1519 916 etinremotarum
1532 853 1676 930 partium
1684 854 1874 915 etmaxime

219 952 379 1024 tulerunt,
394 950 480 1013 sicut
494 953 527 1012 et
540 965 682 1028 aequum,
699 949 731 1011 et
745 948 906 1011 hactenus
919 950 1017 1027 paci·
1071 953 1183 1014 Terrae
1200 952 1330 1013 Sanctae
1343 951 1428 1014 foret
1450 949 1668 1029 irreparabile
1688 951 1875 1013 detrimen·

222 1051 284 1112 tice
312 1048 534 1117 observatum,
568 1063 608 1109 ac
636 1048 784 1125 ipsorum
816 1046 1017 1109 arbitrorum
1070 1050 1151 1112 tum.
1161 1051 1244 1122 Quia
1254 1049 1463 1127 nequivimus
1475 1050 1511 1110 in
1521 1051 1669 1126 tempore
1678 1064 1872 1122 occurrere,

219 1147 409 1212 authentico
429 1145 659 1225 perspeximus
677 1144 851 1217 contineri,
870 1145 1018 1207 auctori·
1070 1163 1266 1210 succurrere
1283 1149 1359 1226 post
1381 1163 1516 1210 causam
1540 1147 1691 1223 cogimur
1711 1147 1874 1209 vulnera-

218 1246 287 1309 tate
310 1244 500 1323 Apostolica
533 1242 767 1305 confirmamus
794 1244 828 1305 et
840 1243 1016 1320 praesentis
1070 1247 1149 1318 tam,
1165 1246 1327 1308 interesse
1342 1245 1493 1308 nostrum
1504 1244 1737 1322 principaliter
1749 1259 1870 1322 prose·

220 1342 335 1421 scripti
347 1341 534 1420 patrocinio
549 1340 802 1403 communimus.
1070 1343 1211 1421 quendo,
1235 1344 1305 1405 tum
1330 1344 1407 1421 quia
1431 1357 1572 1419 regnum
1603 1342 1803 1419 praedictum
1828 1343 1870 1405 ad

257 1440 307 1503 lid
322 1443 481 1519 majorem
495 1440 606 1502 autem
622 1437 789 1502 firmitatis
802 1439 951 1502 tenorem
965 1438 1017 1500 lit·
1070 1444 1252 1506 Romanam
1280 1441 1462 1503 Ecclesiam
1488 1439 1632 1518 pertinet
1656 1440 1758 1517 pleno
1778 1442 1867 1518 jure,

216 1538 364 1599 terarum
377 1534 612 1613 praedictorum
626 1533 828 1596 arbitrorum
839 1549 938 1612 super
952 1533 1015 1595 boc
1069 1556 1134 1618 qno
1154 1539 1349 1618 perditionis
1371 1538 1433 1600 dlii
1453 1554 1539 1611 eam,
1564 1538 1623 1600 Dei
1637 1538 1760 1600 timore
1774 1540 1868 1615 post-

217 1631 443 1695 conlectarum
454 1630 673 1711 praesentibus
677 1631 839 1709 Jussimus
847 1629 1013 1703 annotari,
1068 1638 1188 1717 posito,
1207 1638 1394 1715 contempta
1413 1636 1771 1699 excommunicationis
1785 1652 1866 1698 sss.

217 1730 274 1809 qui
296 1732 344 1792 sic
365 1730 502 1808 incipit:
521 1728 700 1791 Gaulridus
722 1728 782 1790 Dei
800 1728 1016 1805 gratia,Mel-
1067 1738 1184 1810 tentis,
1199 1736 1268 1799 tam
1281 1737 1316 1798 in
1330 1737 1514 1807 invasores,
1531 1751 1631 1813 quam
1644 1734 1681 1796 in
1695 1733 1866 1814 adjutores

216 1828 328 1888 densis
341 1827 491 1890 ecclesiae
502 1826 655 1887 minister
665 1826 812 1898 humilis,
828 1826 861 1887 et
871 1823 1013 1886 Michael
1067 1837 1101 1897 st
1118 1834 1265 1897 fautores
1286 1851 1401 1897 sorum
1422 1834 1458 1895 in
1472 1834 1622 1910 generali
1635 1833 1787 1895 Consilio
1809 1849 1866 1895 so-

216 1924 361 1985 decanus
378 1923 491 1986 Sancti
505 1923 666 1995 Marcelli,
690 1924 723 1985 et
736 1921 841 1984 trater
856 1923 1011 1995 (larinus,
1067 1933 1220 1997 lsmniter
1238 1932 1455 2011 promulgata,
1477 1931 1622 2009 spoliare
1639 1930 1865 1993 sontssdunts

216 2022 368 2083 omnibus
395 2022 519 2084 Christi
544 2021 708 2094 fidelibus,
730 2021 870 2083 salutem
892 2021 927 2082 in
947 2024 1014 2084 Do-
1066 2032 1135 2094 tum
1169 2032 1247 2110 quis
1280 2032 1423 2093 vidimus
1451 2032 1639 2092 animarum
1667 2029 1864 2102 multarum,

214 2118 316 2180 mino.
331 2121 411 2181 Cum
429 2119 504 2181 orta
522 2119 611 2180 esset
631 2120 810 2191 contentio,
827 2120 860 2181 et
878 2119 910 2179 le
924 2120 1013 2182 reste
1066 2145 1206 2207 quarum
1216 2127 1661 2199 nobissstsuracommissa,
1677 2126 1866 2205 periculum

213 2216 286 2279 tout
306 2216 486 2279 semblable
508 2214 528 2278 d
549 2232 587 2278 ce
601 2216 658 2294 qui
679 2231 700 2278 a
721 2213 773 2278 tte
795 2215 947 2294 imprime
963 2216 1014 2278 ci-

214 2312 331 2375 dessus
344 2312 403 2394 (1).
424 2316 464 2377 Et
477 2314 544 2376 suit
558 2313 656 2391 apres
673 2336 681 2375 ε
697 2314 814 2381 Actum
827 2329 915 2376 anno
928 2329 1011 2390 gra-

212 2411 269 2474 tiae
297 2411 474 2473 millesimo
502 2411 728 2473 ducentesimo
747 2411 874 2473 decimo
897 2427 1011 2473 mense

210 2509 371 2587 januarii.

252 2616 344 2678 Nulli
357 2632 437 2695 ergo
451 2617 624 2680 bominum
638 2618 738 2682 bceat
751 2617 839 2680 hanc
854 2616 1010 2696 paginam

213 2713 335 2776 nostrae
344 2714 606 2778 confirmationis
617 2714 810 2793 intringere,
821 2715 875 2778 vel
883 2715 915 2777 ei
925 2731 1011 2776 ausu

211 2811 390 2873 temerario
403 2813 580 2875 contraire.
596 2814 715 2892 Siquis
725 2815 835 2876 autem
847 2813 1010 2876 attentare

210 2910 470 2987 praesumpserit,
491 2910 755 2987 indignationem
774 2911 1009 2988 omnipotentis

211 3005 281 3078 Dei,
295 3009 327 3068 ei
336 3005 508 3068 beatorum
519 3008 610 3069 Petri
622 3008 655 3069 et
666 3008 764 3069 Pauli
775 3008 1008 3085 Apostolorum

212 3106 284 3180 ejus
297 3119 333 3165 se
343 3105 474 3167 noverit
483 3105 707 3166 incursurum.
719 3106 839 3168 Datum
853 3106 1008 3168 Laterani

210 3200 308 3261 terito
324 3201 457 3263 kalend.
473 3202 565 3271 maii,
574 3202 784 3280 pontificatus
799 3203 905 3265 nostri
919 3220 1008 3266 anno

209 3296 317 3374 primo
333 3297 392 3377 (2).

518 3458 708 3548 CCCXIII

208 3630 261 3690 aa
281 3610 576 3704 arctissimam
591 3633 788 3697 continens.
806 3631 1007 3706 apostolica

467 3728 565 3789 Sedis
583 3729 745 3806 boatum.

503 3860 539 3918 29
552 3874 612 3933 apr.
630 3861 708 3920 tiit.

296 4009 425 4075 [Tbeinen
438 4010 602 4062 Monumenta
613 4010 752 4074 Hibernia,
766 4028 792 4077 p.
803 4011 827 4071 t.
838 4024 866 4063 n·
876 4013 913 4080 7.]

205 4151 446 4225 drcbieplscopus
467 4152 659 4224 bublinensis,
683 4154 796 4228 legatus
817 4155 898 4214 Sedis
909 4159 1002 4231 ipos·

240 4240 343 4308 tollore,
371 4237 407 4296 ad
431 4239 656 4300 reconciliandos
680 4242 822 4301 Hibernos
846 4260 912 4303 cum
934 4261 1005 4320 rege

241 4326 354 4399 Anglioe
368 4329 557 4386 constituitur.

245 4461 413 4522 Honorius
425 4462 612 4540 episcopus,
628 4466 813 4530 venerabili
828 4467 925 4532 fratri
935 4473 1005 4533 Du·

1066 2224 1276 2288 manifestum
1293 2226 1384 2288 :tum
1403 2224 1503 2286 etiam
1514 2223 1591 2301 quia
1605 2225 1718 2285 Terrae
1733 2222 1865 2285 Sancta

1066 2337 1256 2395 succursus,
1272 2321 1313 2384 ad
1327 2337 1424 2400 quem
1443 2320 1628 2398 inspirante
1647 2319 1790 2382 Domino
1805 2335 1863 2380 as-

1064 2420 1153 2499 pirat
1165 2420 1307 2498 populus
1322 2419 1535 2493 christianus,
1551 2433 1595 2480 ex
1607 2418 1671 2480 hoc
1682 2417 1865 2481 enormiter

1063 2517 1276 2596 praepeditur.
1310 2517 1431 2579 Audito
1464 2515 1578 2593 igitur,
1605 2514 1692 2594 quod
1727 2514 1864 2577 flamma

1064 2612 1152 2689 ignis
1167 2612 1359 2692 hujusmodi
1374 2629 1478 2690 usque
1496 2613 1530 2673 in
1545 2611 1740 2673 Hiberniam
1755 2611 1866 2688 rapia-

1064 2711 1128 2784 tur,
1145 2726 1219 2773 eam
1234 2711 1268 2772 in
1283 2708 1439 2788 superbia
1457 2710 1540 2772 fumi
1553 2708 1768 2780 convolvens,
1785 2707 1864 2770 dum

1064 2807 1198 2886 quidam
1232 2809 1367 2887 propria
1401 2808 1530 2870 malitia
1564 2806 1724 2869 excaecati
1746 2806 1863 2869 contra
1965 2866 1966 2901 ἢ

1063 2907 1273 2968 carissimum
1294 2906 1330 2968 in
1356 2906 1487 2968 Christo
1512 2905 1618 2969 lilium
1645 2908 1799 2967 nostrum
1820 2904 1861 2965 H.
1965 2904 1966 2913 ’

1063 3020 1175 3082 regem
1207 3005 1389 3081 Anglorum
1419 3004 1602 3074 illustrem,
1637 3002 1802 3081 pupillum
1830 3001 1863 3063 et

1062 3103 1247 3181 orphanum
1258 3102 1535 3179 crucesignatum,
1550 3117 1640 3164 curae
1649 3100 1744 3162 Sedis
1754 3102 1864 3177 Apos-

1060 3201 1178 3263 tolicae·
1194 3200 1398 3274 derelictum,
1421 3216 1457 3262 se
1478 3199 1658 3263 infideliter
1679 3198 1859 3275 erigentes,

1061 3297 1175 3361 lideles
1188 3301 1260 3378 ejus
1270 3298 1371 3376 impie
1386 3298 1650 3376 persequuntur:
1666 3312 1728 3358 nos
1737 3296 1861 3358 volen-

1060 3396 1110 3458 tes
1121 3395 1201 3457 illuc
1211 3412 1346 3458 manum
1358 3395 1502 3472 dirigere
1512 3395 1721 3472 adiutricem,
1733 3394 1763 3454 si
1775 3393 1863 3455 torte

1060 3494 1219 3555 Dominus
1243 3493 1420 3555 infundens
1444 3492 1682 3555 misericordiae
1707 3507 1778 3553 suae
1803 3505 1864 3553 ro-

1060 3606 1142 3664 rem,
1167 3590 1313 3652 furorem
1330 3590 1419 3668 ignis
1436 3591 1599 3669 deprimat
1615 3589 1797 3661 saevientis,
1813 3591 1858 3660 te,

1060 3690 1101 3750 de
1120 3691 1215 3767 cujus
1231 3688 1296 3751 ilde
1319 3689 1352 3751 et
1374 3688 1550 3766 prudentia
1574 3687 1707 3765 plenam
1728 3686 1767 3748 in
1793 3689 1861 3749 Do-

1059 3786 1150 3848 mino
1174 3787 1329 3848 fiduciam
1350 3787 1549 3855 obtinemus,
1569 3786 1668 3863 pleno
1686 3783 1749 3847 tibi
1777 3799 1861 3846 con-

1059 3900 1153 3947 cesso
1187 3885 1364 3962 legationis
1400 3884 1523 3956 obicio,
1550 3883 1593 3945 ad
1626 3883 1737 3961 partes
1766 3882 1859 3962 ipsas

1059 3982 1213 4044 duximus
1231 3982 1473 4054 destinandum,
1495 3982 1613 4043 uttam
1635 3995 1735 4057 super
1748 3979 1860 4041 refor-

1058 4081 1179 4142 manda
1206 4096 1304 4158 pace,
1327 4095 1426 4159 quam
1454 4094 1554 4157 super
1579 4093 1740 4141 succursu
1766 4079 1859 4155 regis

1058 4177 1209 4254 praedicti
1242 4179 1380 4251 statuas,
1408 4180 1506 4255 prout
1533 4175 1715 4238 secundum
1752 4178 1859 4238 Deum

960 4354 963 4359 ἱ
1057 4275 1182 4337 videris
1209 4274 1377 4354 expedire.
1415 4274 1578 4347 Quocirca
1611 4273 1861 4336 fraternitatem

1057 4374 1147 4435 tuam
1176 4388 1349 4435 monemus
1375 4372 1408 4437 et
1434 4371 1617 4443 hortamur,
1648 4370 1776 4433 attente
1799 4387 1860 4449 per

1056 4470 1244 4547 apostolica
1263 4470 1386 4548 scripta
1398 4470 1603 4541 mandamus,
1621 4469 1787 4547 quatenus
1799 4469 1858 4531 in-

205 4557 350 4621 blinensi
379 4559 647 4641 archiepiscopo,
678 4565 878 4642 Apostolicae
907 4567 1002 4631 Sedis
1053 4568 1205 4646 junctum
1218 4566 1280 4630 tibi
1294 4567 1470 4644 legationis
1485 4566 1629 4629 odicium
1650 4566 1699 4628 ita
1721 4566 1858 4629 studeas

205 4656 326 4734 legato,
343 4656 495 4720 salutem.

241 4892 283 4979 tl)
310 4896 371 4954 iioc
396 4904 449 4967 est,
477 4897 622 4958 averto:
647 4901 728 4970 Quod
754 4917 819 4960 ven.
848 4905 1003 4966 iicldensis

205 4980 306 5049 episc,
323 4982 408 5093 usque
420 4969 458 5050 cd
471 4983 479 5024 ε
492 4971 667 5055 Auctoritate
681 4973 855 5046 Apostolica.
867 4976 948 5035 Unde
961 4979 1003 5037 sic

204 5043 353 5095 restituere
377 5044 433 5095 icet
445 5039 522 5096 illam
536 5049 708 5100 sententiam
724 5044 894 5105 arbitrorum
906 5063 1002 5122 quaea

205 5110 239 5166 il.
252 5110 329 5180 Papa
344 5108 589 5168 confirmationem
604 5115 733 5187 accepit:

241 5180 301 5236 Hoc
319 5185 364 5234 cst
382 5178 529 5238 arbitrium
570 5182 626 5240 uod
646 5200 709 5241 veri.
728 5185 882 5247 Meldeneis
899 5190 999 5264 episc,

204 5249 243 5308 il.
269 5248 396 5307 decanus
420 5252 512 5309 sancti
568 5254 674 5324 arcelli,
698 5263 727 5313 ct
754 5256 841 5316 irater
868 5262 1000 5332 Garinus,

205 5321 289 5378 electi
303 5320 493 5378 communiter
517 5322 613 5381 arbitri
639 5340 675 5382 ex
698 5341 754 5385 una
774 5337 865 5402 parte,
890 5339 918 5388 et
935 5346 1000 5392 ven.

205 5390 1000 5475 epiec.,li.deoanus·etcapitulumParisienseexaltera,

205 5462 1003 5617 {retractabiturlitteralibus

1057 4665 1195 4743 exsequi
1212 4664 1355 4728 fideliter
1370 4667 1403 4728 et
1416 4663 1606 4743 prudenter,
1625 4663 1733 4742 utqui
1748 4665 1784 4728 te
1796 4664 1860 4726 bo-

1056 4921 1182 4987 pontem,
1198 4914 1260 4973 sive
1274 4915 1311 4973 sit
1325 4915 1495 4974 aedificatum
1510 4914 1572 4971 sivo
1585 4913 1790 4973 aedificandum
1808 4932 1855 4974 us·

1056 5001 1112 5058 que
1135 4984 1171 5043 ad
1192 4985 1315 5060 burgum
1336 4990 1365 5045 S.
1381 4985 1516 5045 Germani
1535 4984 1741 5043 rationabiliter
1757 4996 1855 5060 protu-

1055 5056 1237 5125 lerant,at'cut
1255 5063 1283 5114 et
1300 5074 1419 5129 acquum,
1437 5062 1463 5114 ct
1481 5056 1615 5113 taceres
1626 5057 1744 5129 pacifice
1760 5060 1855 5115 obscr-

1055 5132 1153 5186 odam
1170 5143 1205 5187 co
1221 5128 1347 5201 iptorum
1362 5129 1539 5188 crbttrorum
1553 5127 1713 5185 ombrmtco
1727 5130 1853 5187 contine·

1055 5203 1114 5255 tur.

1092 5269 1133 5340 (2)
1153 5271 1225 5327 Earn
1250 5270 1369 5329 Honoril
1392 5271 1433 5329 111
1457 5267 1579 5338 bullam,
1602 5267 1762 5328 redonibus
1786 5271 1856 5328 sotis

1056 5338 1164 5397 frivolis
1179 5340 1320 5414 allegatis,
1341 5341 1477 5414 rejicitur
1497 5340 1598 5397 falsam
1615 5341 1773 5410 Leunoiua,
1791 5356 1856 5425 qun

1056 5409 1091 5467 de
1105 5415 1182 5468 datu
1198 5426 1252 5495 quo
1266 5420 1333 5469 ante
1350 5410 1509 5483 retinendo,
1525 5421 1574 5470 aut
1587 5410 1624 5468 de
1637 5412 1856 5470 consuetudinis

1056 5483 1219 5556 antiquari
1234 5484 1406 5556 pronuntiat.
