3946 6196
824 208 1000 270 HONORII
1023 210 1234 273 Ilioneus.

543 400 656 491 xxii

298 572 351 632 Ad
375 574 654 635 archidiaconum
682 573 897 637 Nttmemcm

357 668 390 729 et
403 669 643 731 scholasticum
656 673 845 736 Auamma.

463 799 500 857 27
513 807 629 873 august.
647 802 727 865 121⁷.

298 919 427 984 [11111111
441 923 554 980 bonum.
568 925 713 989 hungaria,
727 925 749 985 l.
765 925 895 992 11111

198 1040 234 1098 Ut
250 1038 327 1096 litem
343 1039 417 1097 iuter
433 1038 565 1097 abbatem
581 1041 677 1099 Sancti
693 1042 806 1103 11111111
822 1050 851 1100 11
869 1042 996 1116 hospita-

1792 217 1857 279 m

1052 384 1071 429 a
1093 371 1220 447 septem
1242 367 1339 432 aunis
1360 368 1524 435 duntaxat
1541 374 1734 452 percepisse
1757 374 1857 439 deoi-
1954 364 1955 451 J

1051 480 1122 527 mas
1143 466 1183 528 de
1208 466 1405 544 quibusdam
1428 468 1506 530 aliis
1526 486 1570 531 ex
1593 470 1686 533 villis
1712 472 1854 546 eisdem,
1954 510 1955 543 1

1052 566 1085 625 et
1099 563 1161 625 hoc
1175 565 1277 626 etiam
1291 565 1456 627 violenter
1474 587 1482 625 :
1498 569 1531 629 et
1543 582 1610 629 non
1627 569 1694 630 nisi
1713 570 1855 646 triginta

1052 663 1151 723 trium
1175 677 1339 724 annorum
1362 664 1505 740 spatium
1525 665 1707 736 effluxisse,
1730 684 1776 729 ex
1787 684 1855 746 qno

1050 759 1129 822 dicti
1155 759 1366 839 hospitalarii
1394 761 1540 824 decimas
1564 764 1654 841 ipsas
1678 766 1855 843 percipere

1050 858 1268 935 incoeperunt.
1292 862 1343 920 Ex
1370 859 1490 937 quibus
1514 860 1658 924 infertur
1684 878 1729 924 ex
1757 868 1854 940 parte

1049 956 1244 1017 monasterii
1268 959 1442 1020 memorati
1465 957 1621 1020 frivolum
1642 975 1728 1032 esse,
1764 963 1852 1038 quod

1049 1068 1150 1129 super
1171 1053 1388 1129 derogatione
1415 1055 1666 1132 privilegiorum
1692 1060 1727 1119 et
1759 1058 1854 1120 deci-

232 1127 319 1186 larios
336 1127 415 1201 juxta
437 1130 596 1187 Innocentii
620 1132 661 1189 lll
679 1129 785 1193 bullam
807 1132 876 1205 ipsis
901 1139 992 1194 11111-

265 1217 271 1229 .
413 1218 418 1229 Ι
1049 1166 1178 1211 marum
1194 1152 1444 1229 prascriptione
1459 1154 1579 1215 asserit
1591 1169 1670 1231 pars
1683 1154 1850 1217 adversa:

232 1231 352 1274 missam
367 1216 511 1275 (1111111111.

1049 1247 1233 1324 praesertim
1250 1263 1325 1309 cum
1342 1249 1443 1311 etiam
1462 1249 1493 1309 si
1508 1265 1624 1311 verum
1638 1253 1739 1323 esset,
1762 1252 1851 1328 quod

235 1344 404 1406 Honorius
441 1345 632 1423 episcopus,
672 1362 788 1408 servus
822 1362 995 1408 servorum
1049 1344 1091 1405 de
1123 1344 1390 1422 quadragenaria
1430 1346 1641 1423 possessione
1675 1350 1849 1426 proponit,

196 1441 269 1514 Dei,
290 1440 420 1503 dilectis
435 1441 565 1514 tiliis...,
582 1441 817 1505 archidiacono
832 1444 994 1507 Nitriensi
1049 1441 1089 1503 ad
1106 1443 1388 1523 praescriptionem
1404 1444 1515 1506 tamen
1530 1445 1720 1522 nequiverit
1737 1446 1851 1522 proie-

196 1538 265 1601 et...
289 1539 465 1601 scolastico
479 1539 614 1601 Albensi
634 1541 891 1617 vesprimiensis
916 1541 995 1603 dioe·
1048 1540 1135 1601 cisse
1151 1562 1159 1602 :
1175 1557 1276 1618 quum
1296 1557 1358 1603 noc
1376 1544 1503 1618 justum
1523 1542 1679 1605 habuerit
1701 1543 1848 1617 1111111111,

197 1635 298 1709 cesis,
333 1637 475 1699 salutem
512 1638 545 1699 et
577 1638 801 1715 Apostolicam
835 1638 994 1700 benedic·
1048 1654 1109 1699 neo
1131 1638 1230 1699 etiam
1250 1638 1435 1715 possederit
1453 1639 1540 1701 bona
1564 1640 1639 1701 ilde.
1658 1642 1767 1715 Quum
1784 1641 1850 1717 igi-

196 1734 333 1795 tiouem.
1048 1738 1102 1797 tur
1116 1737 1254 1809 constet,
1271 1736 1416 1799 decimas
1429 1737 1523 1815 ipsas
1535 1737 1576 1798 ab
1591 1738 1731 1815 antiquo
1744 1739 1848 1800 luisse

236 1831 379 1894 Litteras
418 1831 515 1894 bonae
559 1834 726 1897 memoriae
764 1830 993 1913 (innocentii)
1049 1850 1224 1895 concessas
1252 1835 1454 1897 monasterio
1483 1836 1682 1911 memorato,
1713 1851 1755 1897 ac
1785 1836 1847 1898 sibi

195 1945 291 2007 papae
317 1929 563 2007 predecessoris
591 1933 696 1994 nostri
723 1932 818 1993 nobis
844 1933 878 1993 in
905 1932 994 1994 bunc
1049 1947 1121 1992 esse
1137 1948 1197 2009 per
1215 1932 1327 2009 plures
1342 1934 1508 1995 Romanos
1523 1933 1703 1994 Pontifices
1725 1933 1851 1995 conflr-

194 2027 328 2089 modum
343 2029 531 2106 accepimus
547 2031 764 2107 praesentatas
781 2051 811 2090 ε.
1048 2031 1171 2101 matas,
1199 2029 1240 2090 de
1263 2031 1513 2107 procuratorum
1541 2029 1714 2107 utriusque
1741 2032 1847 2108 partis

235 2123 372 2186 Dilectis
394 2123 510 2186 filiis...
535 2125 646 2187 abbati
671 2125 783 2188 sancti
803 2127 938 2189 Martini
953 2127 994 2188 de
1049 2143 1187 2188 assensu
1201 2126 1463 2204 perhpostolica
1487 2126 1582 2190 vobis
1604 2128 1729 2203 scripta
1751 2145 1850 2189 man-

195 2222 370 2283 Pannonia
384 2222 419 2284 et
431 2224 468 2284 B.
484 2223 693 2299 procuratori
715 2223 889 2301 hospitalis
914 2225 995 2286 Hie-
1048 2224 1184 2297 damus,
1214 2226 1375 2301 quatenus
1402 2223 1468 2285 nisi
1498 2224 1709 2301 hospitalarii
1736 2241 1849 2303 saepe-

195 2319 427 2397 rosolymitani
441 2321 475 2381 in
499 2321 682 2397 Hungaria,
707 2322 743 2382 in
766 2323 879 2384 nostra
902 2338 992 2400 prae-
1048 2322 1127 2384 dicti
1141 2321 1297 2400 praelatos
1317 2322 1418 2384 testes
1442 2322 1530 2383 inira
1553 2323 1697 2399 quatuor
1715 2338 1848 2384 menses

196 2416 304 2478 sentia
319 2417 519 2490 constitutis,
544 2417 699 2481 dilectum
723 2418 828 2480 illium
844 2420 993 2481 nostrum
1048 2420 1194 2495 legitime
1228 2419 1481 2497 reprobaverint
1514 2435 1626 2481 coram
1665 2420 1779 2492 vobis,
1816 2423 1849 2483 et

196 2515 233 2574 L.
251 2514 341 2576 tituli
360 2515 484 2576 sanctae
506 2516 621 2576 Crucis
640 2515 865 2594 presbyterum
883 2517 994 2579 cardi·
1048 2518 1332 2595 praescriptionem
1347 2534 1422 2578 cum
1442 2517 1528 2579 bona
1541 2516 1604 2578 tide
1620 2516 1847 2594 probaverint,

195 2611 305 2673 nalem
336 2612 502 2686 dedimus,
535 2613 722 2677 auditorem
751 2636 759 2676 ε
789 2630 901 2678 eorem
928 2631 993 2693 quo
1048 2615 1180 2677 eosdem
1201 2614 1241 2676 ad
1269 2616 1510 2677 restitutionem
1530 2614 1736 2675 decimarum
1757 2617 1849 2692 ipsa·

194 2710 365 2788 proposuit
389 2710 497 2773 dictus
515 2710 629 2784 abbas,
652 2712 737 2795 quod
761 2728 836 2773 cum
857 2713 993 2775 decime
1047 2729 1121 2781 rum
1149 2713 1346 2774 auctoritate
1371 2714 1484 2774 nostra
1513 2712 1627 2773 subter
1653 2714 1846 2790 apostolica

196 2807 237 2871 de
258 2807 411 2870 omnibus
434 2808 525 2871 villis
549 2810 583 2871 et
606 2810 882 2887 possessionibus,
910 2826 994 2889 quas
1048 2812 1244 2873 diffinitione
1263 2811 1499 2882 condemnetis,
1525 2813 1724 2887 perpetuum
1749 2827 1847 2889 super

196 2905 297 2968 habet
310 2905 474 2983 hospitale
489 2906 523 2967 in
539 2907 696 2968 comitatu
721 2908 924 2984 simigiensi,
951 2909 993 2971 ad
1048 2909 1110 2970 hoc
1132 2908 1214 2994 ipsis
1230 2907 1458 2985 hospitalariis
1480 2907 1648 2969 silentium
1670 2907 1848 2985 imponen-

197 3007 270 3082 ejus
282 3004 709 3072 noscunturmonasterium
721 3006 898 3082 pertinere,
908 3006 994 3067 sicut
1048 3009 1110 3068 tes.
1126 3005 1235 3066 Nullis
1248 3004 1369 3066 litteris
1382 3004 1587 3066 obstantibus
1600 3007 1723 3082 praeter
1736 3021 1847 3067 assen-

196 3102 335 3179 apparet
358 3117 401 3164 ex
425 3101 531 3178 ipsius
551 3101 736 3178 privilegiis
764 3101 937 3165 evidenter
961 3105 995 3165 et
1049 3120 1121 3164 sum
1134 3104 1289 3180 partium,
1313 3104 1401 3164 etc...
1420 3103 1553 3175 Quodsi
1570 3119 1636 3163 non
1652 3118 1783 3173 omnes,
1801 3107 1845 3173 tu,

195 3198 502 3260 confirmationibus
529 3198 725 3260 Pontificum
752 3202 992 3274 Romanorum,
1049 3201 1153 3263 irater
1178 3201 1343 3283 episcope,
1368 3216 1443 3264 cum
1471 3215 1585 3262 eorum
1607 3200 1728 3273 altero,
1758 3204 1845 3263 etc...

195 3296 326 3374 praetati
341 3295 554 3383 hospitalarii
569 3297 729 3375 quasdam
743 3313 858 3359 earum
869 3299 994 3361 temere
1049 3300 1167 3361 Datum
1190 3297 1317 3360 Viterbi
1341 3299 1403 3359 Xll
1425 3297 1492 3365 kal,
1518 3299 1599 3358 Maii
1624 3314 1715 3360 anno
1742 3316 1848 3360 nono-

196 3394 400 3467 iuvadentes,
428 3393 562 3455 illarum
588 3394 715 3458 tructus
739 3395 869 3474 jamdiu
898 3396 995 3458 iude-
1049 3397 1187 3467 decimo,
1213 3398 1264 3457 Ne
1289 3396 1402 3472 igitur,
1428 3395 1469 3457 ob
1487 3394 1566 3464 dicti
1589 3396 1846 3473 praedecessoris

193 3492 262 3555 bite
280 3494 500 3571 perceperunt
520 3493 556 3554 in
579 3496 652 3571 eJus
672 3494 866 3556 monasterii
878 3495 993 3557 laesio-
1049 3495 1153 3557 nostri
1170 3493 1304 3566 obitum,
1327 3509 1503 3570 processus
1527 3493 1632 3570 ipsius
1651 3495 1780 3571 negotii
1794 3511 1848 3556 re-

194 3607 290 3659 uem;
307 3591 395 3657 unde
407 3591 579 3662 humiliter
593 3591 782 3669 postulavit,
800 3594 835 3654 ut
848 3592 994 3654 decimas
1048 3592 1208 3663 tardetur,
1233 3591 1425 3652 discretioni
1442 3591 1561 3652 vestrae
1576 3607 1637 3669 per
1658 3593 1845 3668 Apostolioa

195 3690 286 3767 ipsas
300 3705 375 3755 oum
391 3688 551 3759 fructibus
566 3689 644 3757 inde
659 3690 823 3767 perceptis
839 3690 993 3771 11111111-
1049 3691 1172 3767 scripta
1199 3688 1420 3767 praecipiendo
1446 3688 1652 3761 mandantes,
1683 3692 1846 3767 quatenus

194 3788 271 3850 titui
288 3788 486 3855 faceremus,
512 3791 713 3850 Procurator
727 3803 805 3850 vero
821 3787 900 3853 dicti
915 3787 996 3851 hos-
1048 3804 1115 3850 non
1139 3788 1290 3850 obstante
1311 3786 1462 3849 absentia
1483 3788 1630 3864 episcopi
1650 3788 1845 3864 supradicti,

195 3885 308 3963 pitalis
332 3902 375 3955 ex
398 3885 539 3948 adverso
562 3885 778 3963 respondens
808 3885 994 3963 privilegiis
1049 3887 1104 3964 qui
1129 3886 1214 3947 sicut
1237 3885 1436 3962 accepimus
1460 3886 1531 3962 jam
1557 3885 1621 3946 iter
1646 3885 1793 3962 arripuit
1815 3885 1847 3956 in

194 3983 277 4060 ipsis
300 3983 458 4060 tanquam
482 3983 618 4053 annosis
648 3998 722 4045 esse
750 3997 809 4067 per
837 3981 995 4044 desuetu·
1049 3983 1232 4049 subsidium
1246 3985 1357 4043 Terrae
1375 3983 1515 4052 Sanctae,
1536 3998 1595 4043 vos
1617 3982 1683 4048 diro
1698 3982 1735 4042 in
1748 3999 1847 4044 causa

196 4080 306 4143 dinem
335 4080 540 4155 derogatum,
579 4080 693 4156 utpote
721 4079 840 4156 quibus
870 4079 993 4148 dictum
1049 4081 1121 4158 ipsa
1142 4083 1240 4158 Juxta
1272 4079 1410 4140 termam
1436 4079 1472 4139 in
1500 4078 1620 4140 litteris
1646 4080 1846 4156 supradictis

196 4177 436 4240 monasterium
457 4176 594 4237 minime
609 4192 705 4236 usum
725 4176 788 4238 luit
806 4198 813 4236 ε
830 4176 994 4255 hospitale
1048 4193 1257 4256 expressam,
1296 4175 1427 4238 sublato
1464 4175 1640 4254 cujuslibet
1675 4176 1847 4240 dilationis

195 4274 390 4352 praedictum
406 4273 559 4344 asseruit,
576 4273 724 4334 decimas
743 4274 833 4350 ipsas
848 4289 907 4350 per
927 4289 993 4336 an·
1049 4276 1216 4339 contrario
1250 4274 1282 4336 et
1310 4274 1543 4361 appellationis
1573 4272 1763 4347 obstaculo,
1790 4291 1847 4336 ra·

195 4388 256 4434 nos
272 4370 490 4449 qnadraginta
505 4373 538 4432 et
556 4369 698 4447 amplius
720 4370 857 4448 pacifice
878 4387 995 4449 possa
1048 4375 1138 4436 tione
1159 4372 1283 4450 praevia
1303 4370 1502 4448 procedatis.
1532 4372 1651 4432 Datum
1677 4372 1847 4434 Ferentini

195 4470 286 4531 disse
305 4490 313 4530 ε
329 4470 363 4532 11
382 4469 430 4530 ita
451 4483 525 4531 esse
542 4468 831 4546 praescriptionem
851 4469 991 4542 unitum,
1048 4470 1175 4540 1111111,
1191 4467 1398 4551 septembris,
1415 4467 1674 4529 annosecundo.

197 4584 295 4646 quam
318 4583 354 4632 se
373 4565 578 4647 inpartibus
602 4565 671 4627 illis
690 4565 846 4628 obtulerit
867 4566 992 4644 proba-

194 4671 319 4740 turum,
340 4682 380 4733 ao
392 4664 646 4744 reprobaturum
660 4663 878 4726 nihilominus
893 4666 993 4727 testes
1379 4647 1512 4735 XXIII

121 4822 124 4827 ,
195 4783 215 4827 1
242 4764 436 4836 monasterii
470 4765 564 4842 pane
596 4763 789 4841 productos,
824 4778 883 4840 per
912 4779 993 4841 quos
1049 4802 1100 4862 Ad
1119 4801 1277 4874 priorem
1296 4797 1551 4860 &conventum
1566 4801 1845 4861 mewm·

196 4863 370 4941 probatum
386 4860 525 4934 dicebat,
553 4861 792 4928 monasterium
811 4861 921 4939 ipsum
942 4861 995 4923 11-
1345 4920 1358 4975 l
1380 4934 1411 4976 se
1432 4925 1443 4975 t
1474 4919 1543 4977 lm

195 4956 280 5037 giuti
306 4961 403 5022 annis
434 4963 511 5022 ante
538 4961 678 5025 mortem
711 4959 801 5036 regis
828 4959 936 5032 Belee,
962 4960 995 5021 et
1413 4934 1454 4991 ρ’
1545 4961 1583 5011 ’.

194 5059 303 5123 tribus
332 5057 429 5127 annis
462 5059 535 5134 post
562 5058 701 5121 mortem
730 5050 877 5133 ejusdem
903 5056 994 5119 circa
1257 5033 1368 5100 fflfflt’
1381 5033 1555 5097 ¹⁵¹³·¹¹’⁰¹’i³‘·
1572 5032 1640 5098 θ’θ’]

196 5157 353 5237 praefatas
390 5153 536 5216 decimas
566 5154 663 5216 dictis
696 5154 880 5232 privilegiis
920 5170 993 5218 esse
1083 5143 1237 5203 confimat
1254 5141 1384 5199 decimas
1399 5140 1460 5216 jem
1484 5147 1551 5199 1111
1569 5140 1728 5201 Concilium
1743 5156 1812 5214 geu.

195 5272 312 5329 nsum,
347 5256 380 5317 et
411 5252 646 5330 hospitalarios
675 5252 765 5330 ipsos
799 5253 993 5330 praedictum
1366 5243 1525 5303 P⁰⁸⁸⁶⁸³⁸⁸·

196 5353 347 5421 abbatem
374 5353 523 5429 tempore
559 5349 650 5425 regis
678 5349 837 5421 himerici
865 5366 885 5411 a
914 5351 992 5428 qui-
1088 5348 1270 5420 Honorius,
1296 5348 1372 5420 eto,
1401 5345 1531 5408 dilectis
1557 5345 1635 5412 tiliis
1666 5344 1788 5424 priori,
1815 5349 1846 5410 et

195 5452 333 5520 busdam
346 5467 390 5513 ex
408 5450 488 5522 illis,
507 5447 682 5527 dequibus
701 5449 822 5524 agitur,
845 5464 905 5525 per
920 5448 995 5510 rio·
1049 5447 1224 5511 conventui
1239 5444 1426 5517 Ferrarien.

194 5546 333 5614 lentiam
356 5548 518 5623 ejecisse:
541 5562 582 5607 ac
604 5544 736 5608 eosdem
760 5544 994 5620 hospitalarios
1087 5545 1191 5609 tristis
1215 5543 1396 5623 petentium
1419 5540 1604 5612 desideriis,
1621 5542 1697 5613 ete,
1714 5556 1844 5617 11111111
