3958 6204
204 278 264 340 183
662 274 840 338 HONORII
855 274 901 337 111
916 275 1066 338 OPERA.
1086 306 1128 322 ·-
1148 277 1381 343 SERMONES.
1784 292 1848 354 184

164 526 166 531 .
204 435 326 518 (Galat.
342 451 389 513 vi,
406 435 471 520 10).
495 438 532 499 ln
558 435 696 515 probata
708 435 919 509 discretione,
932 451 996 516 per
1049 436 1172 513 sibilis;
1187 440 1355 518 tamquam
1370 439 1524 505 scintillae
1537 457 1597 519 per
1613 444 1845 524 subtilitatem,

203 552 302 616 qnam
323 536 445 598 bonum
467 550 549 613 opus
571 535 660 596 recte
684 534 929 608 discernamus,
953 548 994 596 ne
1048 535 1303 617 discurreutper
1317 539 1511 616 agilitatem.
1528 543 1598 605 Has
1613 545 1755 621 quatuor
1771 563 1850 625 pro·

203 635 288 698 torte
298 651 365 696 nan
381 634 424 696 sit
438 636 505 694 Deo
521 634 703 709 acceptum,
716 632 744 694 si
760 633 994 696 ilateumrana
1049 633 1205 710 prietates
1219 637 1397 713 glorificati
1412 640 1560 716 corporis
1575 643 1609 701 in
1629 646 1849 719 argumenta·

202 733 321 810 gloria,
338 732 390 793 rel
403 745 477 791 cum
493 728 647 806 adjuncta
665 730 802 791 malitia.
820 731 913 793 Unde
928 735 995 794 Da-
1046 733 1171 794 tionem
1194 732 1313 795 futurae
1341 735 1593 812 glorificationis
1618 740 1651 801 ct
1680 741 1716 801 in
1739 758 1844 805 carne

202 834 312 894 minus
327 830 368 890 ad
383 829 464 889 Cain
479 849 486 887 ε
503 831 540 890 st
554 827 647 889 recte
661 829 799 903 offeras,
818 844 886 891 uou
900 830 994 892 recte
1048 830 1179 890 mortali
1190 830 1341 893 cbristus
1356 834 1498 896 ostendit
1511 835 1697 898 claritatem
1707 841 1842 915 quando

201 933 320 992 autem
342 930 486 999 dividas,
508 927 669 1001 peccasti.
692 928 791 988 Recte
806 926 991 1000 offerimus,
1048 941 1084 986 se
1109 926 1343 1003 tranfiguravit
1368 929 1402 989 in
1429 933 1540 993 monte
1569 936 1602 993 et
1633 934 1846 1012 resplenduit

202 1026 333 1107 quaudo
347 1024 469 1087 bouum
481 1039 562 1101 opus
578 1023 735 1099 tacimus3
752 1025 809 1086 sed
824 1041 891 1086 non
904 1026 994 1087 recte
1047 1022 1152 1084 facies
1171 1026 1244 1102 ejus
1263 1026 1350 1088 sicut
1372 1028 1438 1102 sol;
1461 1028 1687 1104 subtilitatem,
1711 1033 1847 1109 quando

201 1124 390 1197 dividimus,
403 1123 432 1183 si
451 1138 517 1183 nou
535 1121 677 1183 discrete
695 1122 776 1184 illud
797 1124 992 1199 cogitamus,
1049 1118 1510 1201 clausosiguaculovirginali
1522 1128 1690 1204 tamquam
1701 1144 1847 1205 sponsus

201 1223 279 1301 quia
292 1237 380 1299 saepe
392 1219 590 1298 putatbomo
605 1219 995 1292 facerebonum,ettacit
1048 1217 1209 1292 processit
1236 1219 1277 1280 de
1299 1219 1445 1283 thalamo
1467 1238 1543 1297 suo;
1566 1224 1750 1299 agilitatem
1771 1226 1849 1289 sire

200 1321 338 1394 malum;
356 1334 444 1396 saepe
463 1318 542 1380 facit
558 1317 679 1381 bonum
704 1318 738 1379 et
760 1317 884 1380 exalia
901 1319 994 1396 parte
1047 1314 1216 1377 levitatem
1224 1317 1588 1396 qnandosuperaquam
1603 1321 1691 1383 sicco
1701 1323 1847 1401 vestigio

200 1417 282 1480 tacit
302 1416 436 1478 malum.
462 1415 502 1477 nt
527 1415 572 1476 ita
600 1415 672 1491 ipse
695 1413 838 1477 aedificat
862 1415 896 1477 et
921 1415 994 1493 ipse
1048 1413 1278 1489 pertransivit3
1292 1414 1604 1492 impassibilitatem,
1621 1420 1754 1497 qnando
1768 1436 1849 1483 cor·

201 1514 351 1577 destruit.
368 1514 462 1575 Unde
483 1512 756 1574 Ecclesiasticus:
777 1515 869 1574 Unus
880 1514 992 1585 aediti-
1048 1525 1109 1585 pus
1124 1510 1157 1571 et
1172 1511 1367 1587 sanguinem
1381 1528 1477 1574 suum
1495 1514 1532 1575 in
1553 1530 1648 1576 coena
1668 1516 1851 1595 discipulis

199 1629 284 1675 cans
298 1612 331 1674 et
344 1612 433 1674 aiter
446 1610 639 1673 destruetis.
649 1612 877 1682 Umiuvocem
889 1625 994 1672 emau-
1047 1605 1175 1679 tribuit,
1189 1610 1339 1685 quamvis
1354 1610 1569 1672 evidentioris
1591 1612 1745 1674 miraculi
1766 1614 1852 1678 fue·

201 1706 991 1784 aietDomiuustUndeetiambeatusGregorius:
1047 1704 1102 1776 rit,
1119 1705 1149 1763 si
1169 1704 1241 1767 baec
1265 1707 1340 1768 sine
1358 1707 1427 1768 illis
1450 1707 1581 1770 dotibus
1603 1710 1715 1772 aiebat
1734 1732 1742 1771 :
1759 1711 1848 1772 Ful-

201 1809 354 1868 ‹Bonum
369 1820 448 1881 ergo
470 1821 552 1882 opus
566 1803 663 1865 nobis
678 1805 722 1866 sit
739 1805 776 1865 in
786 1805 994 1867 voluntate.»
1048 1801 1171 1877 gebunt
1183 1805 1300 1877 sancti,
1315 1807 1348 1866 et
1360 1807 1458 1867 erunt
1472 1805 1588 1881 fulgidi
1603 1809 1639 1867 in
1654 1823 1794 1885 corpore
1808 1810 1845 1871 et

239 1906 325 1965 Nam
336 1920 378 1965 ex
397 1902 510 1964 divino
533 1901 698 1981 adjutorio
722 1902 785 1964 erit
808 1902 843 1963 in
865 1902 995 1979 perfec-
1048 1899 1174 1960 anima.
1188 1901 1272 1961 Nam
1285 1901 1326 1961 dc
1341 1900 1469 1978 fulgore
1482 1904 1630 1979 corporis
1645 1904 1725 1966 dicit
1742 1908 1849 1983 Apos-

199 2003 302 2064 tione.
319 2004 398 2062 Haec
417 2001 559 2076 quatuor
574 2000 721 2061 breviter
743 1999 994 2076 comprehendit
1047 1996 1135 2057 tolus
1169 2018 1177 2057 z
1212 1999 1417 2060 salvatorem
1452 2005 1702 2077 expectamus...
1735 2004 1775 2064 Et
1809 2004 1847 2064 in

198 2099 375 2176 Apostolus
391 2119 398 2157 :
416 2100 559 2159 obsecro
572 2112 633 2159 uos
643 2100 995 2171 pei-misericoratmu
1048 2093 1227 2170 Evangelio
1239 2095 1442 2171 :Fulgebunt
1450 2098 1626 2174 jnstisicut
1636 2098 1726 2160 setin
1735 2114 1846 2176 regno

199 2199 274 2267 Dei,
290 2195 329 2257 ut
342 2197 534 2257 exhibeatis
547 2209 694 2269 corpora
708 2195 828 2255 uestra
846 2196 995 2256 bostiam
1048 2193 1157 2252 Patris
1168 2192 1244 2252 mei.
1259 2194 1350 2264 Quod
1364 2209 1533 2271 exponens
1547 2197 1751 2271 Augustinus
1765 2197 1816 2259 ait
1833 2219 1843 2258 ε

199 2294 386 2363 cicentem,
399 2293 568 2363 sarratam,
584 2295 657 2354 Deo
664 2292 867 2365 placentem,
883 2292 995 2353 ratio-
1047 2288 1206 2350 «colaris
1221 2288 1357 2352 claritas
1376 2292 1500 2368 quanta
1520 2293 1585 2354 erit
1596 2294 1631 2352 iu
1646 2294 1845 2370 corporibus

201 2392 312 2451 uabite
331 2391 527 2462 obsequium
556 2389 713 2450 oestrum
736 2386 844 2466 (Rom.
870 2405 931 2456 ιιι,
946 2387 990 2467 1).
1047 2386 1237 2458 electorum,
1254 2387 1385 2464 quando
1399 2388 1483 2465 justi
1500 2388 1671 2465 fulgebunt
1689 2392 1776 2452 sicut
1791 2390 1846 2453 sol

199 2486 350 2549 Hostiam
380 2486 546 2547 viventem
574 2485 609 2546 in
632 2485 743 2546 carnis
756 2484 991 2558 maceratione,
1047 2484 1083 2544 in
1112 2499 1216 2559 regno
1244 2485 1352 2545 Patris
1380 2501 1513 2559 eorum,
1540 2502 1613 2564 quae
1639 2487 1774 2549 claritas
1805 2489 1845 2549 in

198 2585 348 2646 sanctam
361 2582 395 2643 in
407 2583 570 2651 castitate,
580 2585 648 2644 Deo
663 2583 847 2660 placentem
858 2583 893 2643 in
906 2581 992 2644 bono
1048 2581 1170 2642 Christi
1176 2596 1314 2658 corpore
1320 2584 1526 2659 resurgentis
1536 2584 1729 2647 abscondita
1738 2584 1846 2647 tuisse

198 2697 308 2760 opere,
319 2679 516 2742 rationabile
529 2679 722 2758 obsequium
732 2681 768 2742 in
779 2681 991 2743 discretione.
1048 2680 1157 2755 potius
1186 2694 1285 2756 quam
1310 2679 1456 2742 defuisse
1481 2682 1647 2743 credenda
1669 2683 1730 2744 est.
1753 2701 1773 2743 r
1797 2686 1845 2745 De

239 2780 395 2856 Sequitur
433 2778 474 2839 de
508 2778 626 2855 gloria.
657 2779 768 2841 Gloria
804 2780 995 2841 sanctorum
1049 2775 1201 2840 claritate
1220 2793 1301 2839 varo
1320 2776 1441 2839 animae
1459 2778 1539 2840 dicit
1556 2780 1701 2841 Joannes
1725 2801 1732 2840 ε
1759 2783 1848 2842 Cum

198 2875 405 2956 quadruplex
415 2878 476 2948 est,
490 2877 576 2937 sicut
586 2876 666 2938 dicit
676 2877 834 2937 Dominus
844 2877 879 2937 in
890 2879 995 2938 Evan-
1048 2869 1263 2948 apparuerit,
1283 2878 1412 2937 simims
1430 2879 1462 2937 et
1482 2879 1625 2947 emmiu,
1647 2880 1729 2950 quia
1748 2881 1855 2939 cide-

196 2975 285 3051 gello
308 2996 316 3034 r
338 2977 542 3037 Mensicram
558 2977 680 3036 bonam
694 2975 729 3035 et
747 2975 941 3048 consertam
960 2975 995 3035 et
1049 2973 1159 3032 bimus
1171 2986 1252 3032 eum
1268 2973 1371 3034 sirmi
1386 2973 1438 3033 est
1459 2970 1594 3050 (ltoan.
1606 2988 1642 3045 11,
1653 2973 1720 3051 28).
1742 2974 1847 3045 Quasi

196 3072 404 3148 coagitatam
433 3072 467 3132 ei
486 3071 790 3146 superaffluentem
810 3071 938 3132 dabunt
958 3074 996 3132 tu
1049 3067 1175 3130 diceret
1188 3090 1195 3127 :
1208 3069 1338 3146 quando
1353 3068 1851 3133 videbitanimanostrachris-

196 3173 315 3231 uuum
345 3170 501 3230 oestrum
526 3167 620 3247 (Luc.
651 3184 698 3240 v1,
721 3166 786 3246 38).
823 3170 992 3241 Mensura,
1047 3166 1119 3226 tum
1132 3180 1247 3227 veram
1258 3167 1376 3239 lucem,
1394 3168 1471 3244 quia
1481 3167 1612 3244 ipseest
1623 3168 1773 3229 illarera
1785 3168 1847 3230 lux

65 3292 73 3301 ·
197 3265 295 3337 idest,
312 3266 486 3328 retributio
501 3266 691 3328 sanctorum
703 3267 754 3327 est
767 3265 853 3327 bona
868 3266 904 3327 in
916 3281 993 3327 cor·
1049 3278 1123 3338 quae
1138 3261 1305 3325 illuminat
1325 3279 1455 3324 omnem
1474 3263 1641 3326 hominem
1655 3265 1846 3326 venientem

197 3380 316 3441 porum
346 3363 598 3439 glorificatione,
630 3363 778 3425 conferta
806 3363 842 3424 in
868 3364 993 3426 aeterna
1048 3358 1084 3418 iu
1106 3359 1194 3421 bunc
1220 3361 1387 3422 mundum.
1412 3362 1497 3421 Nam
1524 3378 1597 3423 cum
1626 3362 1776 3423 Christus
1802 3362 1847 3425 sit

198 3460 367 3533 societate,
398 3462 563 3536 coagitata
590 3462 626 3522 in
647 3461 767 3523 mentis
790 3461 823 3522 et
844 3461 993 3537 corporis
1049 3458 1148 3534 caput
1165 3458 1313 3518 nostrum
1328 3458 1361 3519 et
1380 3473 1440 3518 nos
1456 3459 1604 3520 membra
1622 3459 1737 3536 ipsius,
1757 3460 1851 3523 sicut

198 3558 459 3620 confirmatione.
477 3558 722 3635 superaffluens
738 3557 771 3618 in
794 3559 853 3620 Dei
875 3559 994 3633 cogni-
1048 3555 1148 3630 caput
1166 3554 1230 3616 erit
1245 3554 1456 3627 luminosum,
1469 3556 1515 3617 ita
1530 3558 1563 3617 et
1576 3555 1732 3617 membra.
1750 3558 1849 3620 Unde

197 3656 298 3741 tione.
316 3659 353 3718 ln
368 3671 543 3733 corporum
556 3656 809 3733 glorificatione,
825 3657 903 3734 quia
920 3671 996 3717 cor·
1048 3652 1084 3712 in
1119 3652 1317 3729 Apocalypsi
1346 3652 1386 3713 de
1415 3652 1538 3715 sanctis
1566 3676 1573 3713 :
1601 3657 1678 3716 Nou
1699 3657 1848 3730 egebunt

199 3771 279 3832 pora
293 3756 483 3816 sanctorum
496 3754 994 3831 eruntsimiliacorporichristi
1048 3752 1177 3811 iumtue
1196 3754 1346 3812 tacemus
1366 3765 1475 3825 aeque
1498 3754 1627 3812 iumine
1651 3754 1742 3823 sciis,
1767 3767 1849 3826 quo-

197 3853 233 3913 in
248 3853 400 3916 claritate
414 3853 447 3914 et
456 3853 670 3915 beatitudine.
684 3853 778 3914 Unde
791 3852 968 3929 Apostolus
985 3873 992 3911 :
1048 3849 1146 3906 uiam
1160 3849 1329 3927 Dominus
1339 3850 1432 3908 Deus
1441 3849 1644 3909 itzimiualu't
1657 3862 1716 3909 eos
1727 3848 1845 3927 (Apoc.

198 3952 414 4013 Salvator-cm
433 3952 656 4024 expectamus
677 3954 863 4010 bornicum
876 3952 996 4011 lesum
1048 3959 1135 4016 xxn,
1149 3944 1194 4023 5).

200 4049 387 4118 Christum,
399 4050 458 4120 qut
466 4047 671 4119 reformabit
684 4061 810 4118 corpus
823 4047 994 4108 buruiiia·
1091 4042 1140 4102 Ob
1151 4057 1249 4117 quam
1262 4057 1417 4117 magnum
1429 4041 1550 4103 donum
1563 4047 1614 4104 est
1624 4042 1721 4116 istud,
1736 4043 1855 4106 bom-i-

200 4144 244 4203 tis
257 4145 397 4213 uestrae,
408 4143 809 4217 coimperatumcorpori
824 4143 996 4203 claritatis
1051 4153 1125 4199 nem
1139 4139 1352 4215 resplendere
1367 4139 1408 4200 ad
1424 4140 1674 4201 similitudinem
1690 4142 1761 4213 Dei,
1778 4156 1850 4203 ser·

199 4236 683 4317 sumplrilipnrr,20).corpus
704 4238 853 4299 nostrum
871 4238 996 4301 dicitur
1050 4252 1127 4295 vum
1144 4235 1358 4312 resplendere
1379 4236 1421 4297 ad
1433 4237 1683 4299 similitudinem
1699 4239 1844 4313 Domini,

202 4351 277 4396 esse
298 4336 435 4405 humile,
459 4334 537 4411 quia
553 4335 677 4411 patitur
692 4334 823 4406 famem,
849 4336 939 4396 sitim
963 4338 996 4397 ei
1050 4334 1238 4393 creaturam
1251 4333 1292 4394 ad
1308 4333 1561 4395 similitudinem
1577 4335 1754 4406 creaioris,
1768 4337 1849 4412 qnia

199 4434 339 4495 caeteras
368 4433 583 4494 necessitates
614 4432 647 4493 et
678 4432 906 4499 infirmitates,
937 4434 994 4494 sed
1050 4446 1165 4491 omnes
1176 4430 1846 4506 justietelectitalemclaritatemhabe-

200 4529 996 4607 Cbristusconilgnrabltcorpusnostrumcorpori
1050 4526 1131 4588 bunt
1164 4528 1199 4588 in
1234 4529 1495 4601 resurrectione,
1529 4529 1660 4605 qualem
1696 4529 1849 4590 Christus

199 4630 362 4692 claritatis
378 4645 458 4700 suae,
475 4627 552 4706 qnia
569 4626 674 4689 'faciet
692 4625 775 4687 illud
794 4627 994 4699 immortale,
1051 4624 1166 4686 habuit
1180 4625 1216 4685 in
1231 4625 1533 4701 transfiguratione.
1552 4628 1590 4686 ln
1605 4627 1730 4687 aeterna
1744 4628 1851 4687 satie-

199 4728 415 4805 impassibile,
427 4724 677 4805 splendidumet
687 4725 881 4800 gloriosum.
892 4726 997 4788 Erunt
1050 4722 1132 4793 iate,
1159 4722 1235 4799 quia
1262 4721 1430 4784 desideria
1456 4726 1649 4786 sanctornm
1675 4723 1850 4799 replentur

201 4826 289 4886 enim
325 4828 467 4902 quatuor
500 4824 702 4902 principales
729 4823 822 4885 dotes
847 4824 996 4900 corporis
1050 4820 1084 4880 et
1093 4820 1260 4880 satiantur
1271 4819 1469 4881 inomnibus
1480 4821 1588 4881 bouis.
1606 4821 1699 4882 Unde
1714 4822 1847 4883 David:

201 4919 398 4996 glorificati,
434 4922 561 4983 scilicet
585 4922 753 4984 subtilitas
783 4922 815 4982 ei
849 4921 995 4997 agilitas,
1053 4916 1215 4989 Satiabor,
1244 4916 1321 4977 dum
1358 4917 1625 4980 manifestabitur
1649 4917 1757 4993 gioria
1788 4921 1847 4980 tua

202 5017 404 5096 splenderet
419 5018 681 5093 impassibilitas,
694 5019 792 5095 juxta
804 5017 886 5078 illud
900 5040 907 5076 ε
921 5022 999 5079 Fut·
1053 5012 1122 5092 (Ps.
1142 5016 1191 5087 16,
1209 5012 1322 5093 15).1n
1338 5015 1457 5075 mentis
1483 5016 1517 5075 et
1540 5015 1689 5091 corporis
1708 5015 1854 5076 confor-

200 5115 423 5193 gebuutjustt
434 5115 523 5174 sicut
537 5120 586 5176 soi
606 5118 644 5175 tu
665 5128 772 5189 reguo
785 5116 908 5176 Patris
928 5119 998 5177 mei
1052 5112 1207 5189 mationa,
1224 5112 1415 5189 quiasancti
1427 5111 1720 5175 conformabuntur
1733 5116 1850 5175 mente

203 5209 560 5293 (llattli.n111,43).lit
578 5208 683 5270 alibi:
701 5214 889 5285 Tamquam
911 5216 999 5273 sciu-
1052 5211 1084 5270 et
1106 5225 1258 5286 corpore,
1283 5210 1330 5270 ita
1350 5209 1387 5270 ut
1408 5225 1474 5269 non
1500 5208 1628 5284 possint
1645 5211 1698 5271 vel
1723 5211 1852 5271 malum

203 5312 283 5372 titire
297 5312 332 5371 tu
347 5308 554 5369 arundineto
565 5308 763 5368 discurrent
778 5307 870 5386 (Sap.
882 5325 932 5377 111,
950 5309 996 5388 7).
1052 5306 1120 5382 pati
1141 5306 1326 5367 velmalum
1342 5305 1463 5367 facere.
1486 5305 1579 5367 Unde
1601 5307 1704 5368 David
1731 5329 1738 5365 :
1767 5310 1849 5369 Nou

243 5405 430 5481 Fulgebunt
448 5419 508 5480 per
526 5404 746 5481 splendorem,
766 5405 852 5467 sicut
873 5407 921 5467 sol
939 5422 1000 5483 per
1052 5406 1320 5465 courmooebitur
1345 5407 1381 5464 tu
1414 5405 1597 5475 aeteruum,
1629 5408 1688 5478 qui
1715 5406 1850 5467 dabitat

203 5499 504 5564 immutabilitatem
516 5501 586 5561 sive
596 5500 907 5578 impassibilitatem,
920 5503 999 5579 quia
1053 5505 1091 5563 iu
1121 5504 1316 5563 Jerusaiem
1346 5500 1420 5579 (Ps.
1454 5504 1536 5574 124,
1574 5499 1623 5581 1).
1656 5502 1848 5563 ierusalem

202 5600 252 5662 sal
269 5600 303 5661 in
319 5615 379 5661 sua
395 5599 513 5664 neura
528 5598 579 5661 est
593 5597 809 5662 immutabilis
825 5599 856 5661 ei
871 5601 1000 5677 impas-
1054 5598 1292 5677 interpretatur
1319 5598 1404 5663 visio
1419 5599 1527 5675 pacis,
1542 5600 1576 5660 et
1587 5598 1755 5675 significat
1776 5615 1850 5662 coe·-
