3946 6196
163 246 224 305 ³95
783 242 957 303 nononis
981 243 1023 302 lli
1045 243 1192 305 OPERA.
1745 249 1804 309 fild

165 418 220 464 res
235 402 422 479 manipulos
446 404 480 464 iu
500 403 621 464 horrea
645 401 853 479 congregari,
866 400 961 462 solli·
1014 400 1119 478 pectis
1132 400 1174 464 de
1186 400 1319 475 heresi,
1334 398 1418 463 adeo
1428 401 1472 465 sit
1484 401 1638 474 diffusus,
1650 405 1801 484 quodpei

166 500 305 561 citeros
320 499 474 562 convenit
495 514 694 576 precavere,
712 500 748 559 ut
770 498 959 559 incendium
1014 499 1159 559 medium
1180 499 1261 560 anui
1275 515 1341 562 non
1356 500 1463 576 potest
1476 501 1647 564 commode
1662 503 1804 578 visitari,

165 597 247 669 litis,
264 598 350 676 quod
367 614 432 659 non
445 597 552 674 potest
566 596 698 673 penitus
713 595 859 672 sepeliri,
872 611 958 673 quo·
1014 594 1189 657 occasione
1216 594 1391 671 cuiusdam
1414 596 1662 659 constitutionis
1683 597 1724 658 de
1747 614 1805 659 as-

165 695 255 756 niam
275 711 412 756 necesse
431 696 482 756 est
505 696 541 755 ut
563 694 719 755 scandala
736 694 882 764 veniant,
900 709 958 754 so·
1015 706 1114 751 sensu
1130 691 1332 754 venerabilis
1355 691 1469 754 fratris
1488 694 1604 767 nostri,
1620 696 1656 756 et
1669 696 1807 771 capituli

165 795 291 872 piatur,
326 794 358 854 et
392 807 452 868 per
483 808 540 853 eos
574 791 777 867 regularium
812 793 958 853 virorum
1015 789 1194 850 Nivernen.
1219 804 1320 865 super
1341 789 1522 851 residentia
1536 806 1595 868 per
1611 793 1695 853 anui
1710 793 1808 854 dimi-

166 907 287 961 causae,
300 889 483 967 praesertim
501 906 574 966 quae
587 891 763 950 vertuntur
776 905 877 967 super
891 890 960 967 spi·
1014 886 1104 946 dium
1117 885 1269 947 iacienda
1292 887 1328 948 in
1349 888 1528 949 Niverneu.
1545 889 1688 953 ecclesia
1702 906 1808 967 nuper

164 986 353 1057 ritualibus,
361 986 566 1058 decidantur,
575 986 631 1063 qui
646 986 680 1047 in
696 986 814 1064 spiritu
828 987 961 1049 bumili-
1013 982 1121 1055 tactae,
1136 999 1234 1060 quam
1244 982 1276 1044 te
1289 987 1498 1046 seruaturum
1506 988 1698 1062 juramento
1709 1003 1809 1064 praes·

164 1085 243 1147 tatis
260 1085 293 1146 et
311 1084 346 1145 in
363 1086 474 1146 animo
487 1085 627 1146 contrito
643 1085 781 1146 Domino
794 1083 960 1146 lamulan-
1013 1081 1074 1143 tito
1088 1080 1285 1159 promisisti;
1302 1082 1381 1144 licet
1394 1082 1506 1143 nullus
1524 1083 1808 1160 predecessorum

163 1184 232 1254 tes,
249 1182 503 1244 constitutiones
526 1182 560 1243 et
585 1180 814 1244 observantias
838 1185 960 1243 norunt
1013 1179 1146 1240 tuorum
1157 1179 1348 1256 praestiterit
1361 1179 1553 1257 bnjnsmodi
1567 1183 1805 1258 jurameutum,

140 1332 144 1339 .
164 1280 294 1357 plenius
306 1279 491 1355 regulares.
505 1280 585 1340 Paci
595 1295 675 1355 ergo
685 1279 718 1341 et
727 1278 830 1357 quieti
840 1281 959 1341 vestrae
1013 1275 1320 1337 archidiaconatum
1335 1277 1443 1354 ipsum
1462 1278 1652 1340 visitatione
1672 1279 1808 1341 assidua

164 1378 303 1454 paterna
317 1377 467 1439 volentes
482 1376 704 1438 sollicitudine
721 1376 906 1453 providere,
923 1378 957 1438 in
1014 1373 1217 1450 indigentem
1229 1373 1355 1451 absque
1368 1375 1463 1450 grau
1477 1390 1544 1438 non
1558 1377 1652 1453 potes
1667 1376 1807 1454 dispeu-

164 1473 313 1536 iavorem
328 1474 502 1551 religionis
521 1475 703 1549 canonicae,
718 1473 812 1536 vobis
826 1474 879 1535 vel
899 1490 960 1552 po-
1014 1472 1068 1533 dio
1081 1472 1166 1533 sicui
1181 1471 1315 1549 expedit
1326 1472 1481 1547 visitare3
1498 1488 1599 1550 super
1617 1488 1684 1550 qno
1700 1473 1809 1536 tibist

163 1572 231 1634 tius
254 1572 364 1633 ordini
385 1571 496 1633 vestro
522 1571 750 1645 concedimus,
774 1575 809 1634 ut
830 1572 958 1650 quoties
1014 1568 1122 1630 eidem
1131 1568 1417 1631 archidiaconatui
1427 1568 1731 1647 providerianobis
1743 1570 1808 1631 bu·

164 1669 253 1732 inter
267 1668 402 1731 abbates
420 1669 475 1733 rel
496 1668 616 1731 iratres
634 1670 773 1741 vestros,
790 1670 846 1747 qui
862 1672 957 1731 Pras-
1013 1666 1138 1729 militer
1159 1666 1364 1743 supplicasti.
1382 1668 1451 1728 Nos
1472 1667 1577 1743 igitur
1598 1667 1806 1730 anendentes

168 1767 422 1830 monstratensis
442 1767 591 1829 ecclesiae
610 1767 838 1843 magisterium
857 1783 957 1829 reco-
1013 1763 1100 1842 quod
1109 1765 1284 1825 occasione
1292 1764 1536 1827 constitutionis
1547 1764 1809 1841 premonemur-

165 1866 338 1940 gnoscunt,
354 1863 395 1925 ad
418 1864 621 1926 audientiam
640 1863 837 1942 apostolicae
863 1865 959 1925 Sedis
1013 1863 1122 1923 torum
1133 1861 1431 1937 possetdiscrimen
1444 1861 1604 1923 semare
1617 1862 1807 1923 animarum

163 1977 264 2039 super
277 1961 505 2039 spiritualibus
525 1978 634 2023 causae
652 1976 866 2039 quaecumque
880 1961 957 2023 lue·
1014 1958 1042 2018 si
1057 1958 1281 2020 visitationem
1296 1958 1449 2019 omiseris
1468 1974 1569 2035 quam
1582 1972 1625 2019 ex
1641 1958 1746 2021 oiiloii
1761 1959 1808 2020 tui

162 2059 231 2120 rint
245 2059 363 2123 uelata
379 2058 421 2136 (si
437 2059 678 2121 committendae
696 2057 832 2137 inerint)
848 2058 889 2119 ad
904 2059 959 2121 vi·
1013 2054 1123 2117 debito
1135 2070 1292 2116 exercere
1306 2056 1443 2124 teneris,
1450 2056 1647 2117 auctoritate
1657 2056 1719 2117 tibi
1727 2072 1810 2133 prae·

98 2194 101 2201 ·
165 2172 222 2218 ros
237 2157 340 2219 vestri
367 2157 493 2219 ordinis
512 2157 732 2219 remittantur.
750 2158 798 2218 lta
819 2155 905 2234 quod
930 2156 958 2218 si
1014 2153 1157 2214 sentium
1172 2152 1327 2215 duximus
1341 2152 1588 2228 indulgendum,
1600 2153 1635 2215 ut
1650 2154 1809 2231 quamdiu

164 2255 206 2316 ad
237 2255 322 2317 alios
347 2254 492 2333 judices,
519 2254 709 2332 huJusmodi
743 2254 958 2330 indulgentia,
1013 2249 1298 2310 archidiaconatui
1310 2251 1366 2311 tuo
1382 2248 1499 2310 debitae
1515 2249 1718 2311 visitationis
1728 2250 1808 2311 olil-

164 2368 231 2414 non
252 2353 365 2414 habita
385 2353 562 2425 mentione,
577 2334 766 2413 commissio
782 2352 957 2412 decaetero
1013 2346 1101 2406 cium
1126 2346 1328 2418 exercueris,
1355 2361 1422 2407 non
1443 2345 1594 2408 obstante
1615 2348 1807 2423 juramento

163 2450 355 2528 apparuerit
373 2450 565 2525 impetrata,
581 2448 701 2510 robore
719 2448 832 2510 careat
848 2448 957 2510 tirmi-
1013 2442 1183 2533 praedicto,
1206 2444 1241 2503 in
1256 2443 1394 2520 praelata
1413 2443 1555 2505 ecclesia
1569 2446 1738 2521 tamquam
1753 2461 1809 2505 re-

162 2548 252 2609 tatis.
264 2547 313 2608 nd
328 2546 412 2618 haec,
424 2546 517 2607 vobis
532 2546 730 2608 auctoritate
745 2546 957 2622 praesentium
1013 2540 1124 2600 sidens
1139 2541 1313 2617 reputeris,
1327 2556 1389 2602 nec
1404 2540 1445 2602 ad
1465 2540 1571 2617 ipsam
1590 2541 1807 2604 residentiam

162 2644 384 2722 indulgemus,
403 2648 440 2707 nt
456 2660 556 2722 quum
575 2644 730 2721 generale
746 2643 958 2705 interdictum
1013 2636 1200 2698 iaciendum
1238 2637 1336 2698 aliter
1363 2637 1584 2714 compellaris.
1622 2638 1716 2700 Nulli
1748 2655 1807 2700 er-

162 2746 261 2805 terrae
276 2742 386 2816 luerit,
399 2742 598 2804 liceatrobis
611 2742 646 2804 in
661 2742 811 2804 ecclesiis
824 2741 956 2812 vestris,
1012 2750 1065 2809 go,
1080 2736 1156 2806 etc,
1178 2735 1301 2795 nostrae
1325 2734 1561 2808 concessionis,
1582 2737 1645 2796 etc.
1671 2735 1708 2797 Si
1731 2737 1805 2813 quis

164 2855 238 2918 quae
260 2857 280 2903 a
302 2841 455 2918 populari
479 2841 556 2902 sunt
579 2840 785 2905 habitatione
808 2840 956 2910 remotae,
1012 2832 1208 2903 automata.

164 2939 277 2999 divina
301 2938 411 3000 cilicia
435 2938 627 3000 solemniter
652 2935 832 3007 celebrare,
857 2935 956 2996 dum·
1052 2930 1170 2991 Datum
1189 2928 1355 2999 Laterani,
1368 2930 1428 2989 vn
1441 2944 1547 2991 nonas
1566 2928 1658 3002 maii,
1675 2930 1811 3006 pontiti-

164 3036 261 3098 modo
274 3035 552 3097 excommunicati
564 3036 597 3096 et
608 3032 775 3095 interdicti
784 3031 898 3109 procul
904 3031 958 3092 ab·
1013 3026 1106 3087 catus
1117 3025 1223 3088 nostri
1237 3040 1325 3088 anno
1340 3026 1458 3104 primo.

167 3134 297 3204 sistant,
321 3135 357 3193 ut
379 3147 419 3192 ea
440 3146 507 3192 non
528 3130 656 3207 possint
680 3129 808 3190 audire.
825 3131 862 3189 In
881 3129 957 3190 aliis

165 3231 276 3292 antem
288 3228 433 3290 exclusis
444 3227 738 3289 excommunicatis
753 3227 786 3288 et
800 3225 959 3289 interdic-
1331 3213 1494 3300 GCCXX

163 3327 218 3399 lis,
235 3342 301 3387 uon
321 3325 461 3405 pulsatis
476 3324 658 3402 campanis,
672 3339 849 3402 suppressa
863 3339 956 3397 voce,
1052 3364 1105 3425 Aa
1136 3365 1343 3424 amasium
1366 3362 1522 3424 abbatem
1548 3363 1810 3424 „th-

168 3423 291 3485 clausis
298 3423 582 3500 januis,avestris
591 3421 749 3484 iratribus
761 3420 956 3483 celebretur.
1338 3460 1352 3519 t

165 3520 258 3581 Nulli
286 3536 365 3597 ergo
387 3520 521 3581 omnino
549 3519 720 3581 bominum
745 3518 845 3580 liceat
872 3518 958 3579 banc
1308 3472 1507 3647 1οᾟξῖζῇ

166 3617 321 3696 paginam
333 3620 457 3679 nostrae
465 3615 887 3691 concessionisiutringere,
895 3616 957 3676 etc.

166 3715 200 3776 Si
214 3715 287 3792 quis
302 3713 423 3781 autem,
440 3714 515 3774 etc.'
1030 3713 1074 3778 [ne
1086 3713 1170 3777 reus,
1182 3711 1344 3763 bibliothece
1353 3710 1603 3763 immansuetorum
1612 3711 1716 3777 erup.
1727 3711 1795 3777 ste]

205 3813 325 3875 Datum
339 3810 507 3882 Laterani,
519 3808 659 3886 Sitifim
671 3809 746 3871 idus
755 3807 960 3888 Mamm·
1014 3826 1809 3901 AbbssPremoustmteusispotestsuiordlnisalumnos

167 3911 284 3973 ficatus
299 3909 403 3971 nostri
416 3922 504 3970 anno
517 3907 635 3984 primo.
1050 3915 1197 3975 absolvere
1207 3917 1293 3974 etlam
1302 3915 1656 3986 ebeucommunicntione;
1665 3931 1730 3973 cum
1741 3917 1811 3988 ipsis

469 4034 473 4045 .
1047 4019 1136 4078 super
1155 4004 1365 4077 irregularitate
1378 4003 1566 4077 dispensare3
1581 4011 1716 4061 tonsuras
1726 4004 1807 4063 novi·

472 4118 655 4206 CCCXIX
1049 4094 1096 4150 tiis
1118 4093 1229 4153 clericis
1249 4092 1359 4163 lacere;
1378 4093 1548 4151 vestimenta
1570 4092 1760 4151 sacerdotalis
1782 4100 1811 4151 et

1050 4181 1141 4255 pallas
1152 4179 1424 4239 altarisbeuedioere
1434 4180 1699 4241 etbenedicliouem
1709 4181 1812 4239 incon·

166 4287 219 4347 Ad
240 4282 446 4343 Geroust'um
466 4279 744 4339 archidiaconum
760 4277 961 4339 Niveimen-
1050 4269 1177 4327 elusione
1192 4269 1306 4342 capituli
1320 4269 1464 4342 generalis
1475 4268 1553 4327 dare.

521 4388 606 4436 sem·
1056 4394 1727 4472 Honoriusepiscopus,servusservorum
1737 4396 1809 4466 Dei,

463 4513 568 4572 pmp
585 4514 663 4570 llll.
1016 4492 1135 4554 dilecto
1162 4491 1230 4553 illio
1258 4492 1582 4565 premonstratensi,
1609 4492 1812 4557 salutemet

1014 4589 1230 4675 apostolicam
1249 4588 1523 4651 benedictionem.

1056 4689 1161 4760 Quum
1172 4686 1219 4747 sis
1230 4687 1329 4748 Pater
1342 4687 1490 4747 omnium
1500 4685 1556 4762 qui
1567 4688 1813 4749 Praemonstra·

169 4765 301 4839 indulget
312 4764 349 4829 ei,
365 4770 397 4821 ut
409 4759 544 4835 quamdiu
559 4759 802 4817 archidiaconatui
814 4772 866 4816 sno
880 4756 958 4816 debi·
1015 4783 1143 4844 ,enm
1176 4781 1326 4843 ordinem
1355 4780 1567 4859 profitentur,
1592 4782 1626 4843 ot
1660 4780 1812 4843 abbatias

202 4863 239 4912 te
265 4851 435 4910 visitationis
457 4849 583 4907 oldcium
604 4847 773 4915 exercuerit,
789 4847 819 4904 in
840 4846 961 4905 ecclesia
1016 4877 1121 4954 ipsius
1144 4877 1271 4941 ordinis
1295 4878 1437 4939 teneatis
1458 4893 1502 4939 ΘΧ
1524 4875 1636 4939 debito
1657 4878 1810 4951 visitare,

202 4938 373 5000 Nivernensl
388 4945 524 5010 mquam
539 4934 668 4995 “widem
682 4940 836 5008 'epum‘
1016 4974 1076 5037 tibi
1092 4973 1134 5036 ad
1153 4975 1382 5039 executionem
1403 4974 1503 5036 officii
1519 4974 1569 5036 tui
1582 4975 1811 5053 apostolicum

207 5083 386 5150 Honorius,
401 5080 477 5152 etc„
501 5080 620 5143 dilecto
644 5078 714 5141 illio
731 5077 890 5141 demasic
905 5092 963 5141 ar-
1016 5071 1188 5150 indulgere
1201 5074 1354 5135 tenemur
1367 5071 1525 5135 savorem.
1548 5071 1629 5133 lude
1653 5072 1811 5149 estquod

167 5181 364 5245 chidiacono
382 5177 563 5241 Niuerneu.
1016 5170 1081 5231 tuis
1106 5168 1261 5247 precibus
1286 5170 1470 5232 annuentes
1500 5168 1722 5246 presentibus
1750 5170 1811 5233 tibi

208 5277 312 5340 Nobis
340 5290 508 5353 exponere
530 5272 728 5350 procurasti,
748 5271 835 5351 quod
861 5287 961 5350 quum
1016 5266 1135 5328 litteris
1147 5266 1368 5343 indulgemus,
1385 5268 1422 5329 ut
1434 5265 1592 5327 iratribus
1616 5266 1651 5328 et
1670 5282 1812 5329 conver-

167 5378 205 5439 tu
230 5375 321 5437 solus
347 5373 474 5435 existes
495 5370 750 5433 archidiaconus
778 5369 959 5431 Nivernen.
1015 5365 1062 5425 sis
1081 5365 1228 5442 ejusdem
1244 5365 1382 5438 ordinis,
1399 5365 1499 5442 siqui
1520 5364 1581 5426 tibi
1596 5368 1736 5441 peccata
1750 5382 1810 5428 sua

167 5471 333 5543 dioeoesis
347 5472 380 5533 et
401 5468 692 5533 archidiaconatus
706 5468 784 5529 tuus
795 5467 831 5528 in
853 5466 961 5528 medio
1016 5462 1166 5524 confiteri
1177 5462 1354 5536 soluerint,
1369 5461 1596 5539 poenitentiam
1611 5462 1810 5541 injungendi

141 5608 145 5613 -
169 5580 281 5643 pravae
295 5567 440 5633 nationis
453 5566 591 5642 situs,et
604 5565 780 5642 contignus
794 5564 877 5628 locis
891 5578 963 5627 sus-
1015 5559 1049 5622 et
1069 5558 1262 5623 absolvendi
1289 5575 1357 5632 eos,
1385 5560 1485 5623 etiam
1514 5559 1542 5620 si
1570 5557 1656 5621 torte
1675 5560 1808 5623 vinculo

207 4650 314 4716 [liegest.
327 4646 372 4697 lib.
383 4645 404 4708 l,
418 4644 493 4709 epist.
504 4643 559 4694 lte.
574 4643 631 4693 ldss.
644 4643 682 4694 La
692 4643 769 4692 Porta
780 4641 816 4693 du
827 4642 920 4707 Tbeil].
