3928 6200
727 310 958 373 EPISTOLAE.
981 312 1060 374 LIB.
1083 312 1108 373 1.
1702 317 1743 379 30

458 478 528 565 XX

99 678 144 736 Ad
167 676 413 751 Sunptaucum
435 678 544 751 aarum
567 680 739 750 cociacum
759 676 893 739 Parisii

335 776 499 848 11611116
519 774 653 835 Pufais.

394 887 513 960 136611.
531 888 610 945 1116.

100 1009 236 1075 [Georgius
262 1008 378 1060 Historia
405 1010 571 1075 diplomatica
597 1010 893 1078 6611611661166616116

263 1091 381 1143 civitatis
392 1091 467 1142 Setis
478 1091 505 1142 in
517 1092 600 1151 Latio,
613 1106 640 1157 1.
652 1092 721 1157 ast]

101 1236 178 1304 lium,
204 1232 327 1307 ejusque
356 1233 432 1291 bona
465 1233 518 1292 sub
546 1235 577 1292 B.
610 1234 685 1291 Petri
716 1235 892 1307 protectione

237 1323 369 1395 suscipit,
383 1337 417 1380 ac
436 1322 491 1381 alia
505 1321 582 1380 bona
596 1322 756 1382 confirmat.

136 1460 214 1519 Cum
230 1474 252 1519 a
263 1457 361 1518 nobis
372 1457 504 1534 petitur,
521 1458 596 1531 etc,
611 1473 787 1534 personam
801 1459 892 1521 tuam

102 1573 169 1617 rum
186 1554 341 1618 omnibus
361 1554 469 1628 bonis,
486 1572 558 1633 quae
581 1556 618 1616 in
640 1555 892 1633 praesentiarum

100 1652 339 1716 rationabiliter
353 1652 513 1729 possides
530 1652 636 1715 autin
650 1652 809 1724 futurum,
823 1656 894 1731 116-

101 1753 140 1813 tis
161 1750 280 1823 modis,
305 1750 484 1827 praestante
502 1750 652 1823 Domine,
667 1751 791 1829 poteris
814 1750 892 1811 adi-

101 1848 189 1926 pisci,
214 1848 276 1908 sub
300 1849 338 1908 B.
356 1847 447 1909 Petri
472 1847 675 1925 protectione
698 1848 890 1925 recipimur,

102 1949 159 2008 611.
184 1945 383 2023 specialiter
404 1946 514 2006 autem
539 1945 778 2018 molendinum,
805 1945 891 2023 quod

102 2044 218 2105 dicitur
229 2042 270 2104 de
285 2041 461 2115 81611116,
478 2043 577 2105 situm
590 2044 677 2121 apud
692 2046 803 2121 Aquas
816 2042 892 2105 Put-

102 2158 164 2215 zas,
177 2142 210 2202 et
222 2140 336 2202 casale
350 2139 491 2217 positum
509 2141 545 2202 in
554 2132 723 2203 territorio
737 2139 840 2214 Sitiae,
849 2142 892 2202 vin

103 2237 170 2299 loco
184 2237 239 2315 qui
254 2238 378 2299 dicitur
392 2254 538 2315 campus,
557 2237 644 2316 quod
658 2237 719 2303 tibi
734 2238 775 2300 61.
792 2253 890 2299 mem.

106 2336 311 2413 sanguineus
334 2335 375 2396 de
388 2335 490 2413 Aquis
512 2337 636 2409 Putate,
662 2335 799 2413 patruus
815 2337 892 2397 tuus

104 2434 136 2493 in
145 2434 257 2496 ultima
280 2432 452 2495 voluntate
478 2434 612 2509 legavit,
636 2434 722 2495 sicut
745 2449 784 2495 ea
802 2433 893 2512 juste

104 2531 258 2608 possides
284 2531 318 2592 et
338 2530 459 2608 quiete,
482 2547 522 2592 ac
545 2531 580 2591 in
603 2531 794 2593 authentico
816 2531 892 2593 inde

104 2628 245 2691 confecto
271 2628 403 2706 plenius
433 2628 631 2702 continetur,
659 2629 892 2692 remissionem

105 2742 237 2803 quoque,
254 2742 294 2787 ac
309 2724 542 2787 refutationem
567 2725 771 2804 quaestionis,
793 2742 892 2805 quam

104 2823 160 2883 tibi
174 2824 211 2884 de
223 2823 323 2886 terris
335 2823 550 2900 palustribus,
567 2825 683 2901 positis
692 2825 790 2902 juxta
804 2825 892 2889 idem

104 2921 207 2982 casale
220 2920 382 2997 Ugoloel,
392 2921 425 2982 et
437 2920 634 2983 Anniballus
645 2922 724 2984 tunc
739 2924 891 2985 consules

106 3018 198 3079 Sitini
220 3019 355 3080 nomine
381 3019 616 3081 Universitatis
641 3021 825 3093 moverant,
849 3021 892 3081 ad

105 3131 211 3191 preces
225 3116 340 3177 dilecti
354 3116 415 3176 filii
432 3117 584 3193 magistri
598 3117 748 3190 Maximi,
769 3118 892 3180 notarii

105 3214 214 3285 nostri,
238 3213 389 3290 germani
403 3214 464 3286 tui,
485 3212 526 3275 61
545 3213 664 3276 iisdem
686 3215 889 3289 consulibus,

105 3311 240 3384 nomine,
268 3310 301 3373 et
322 3326 488 3372 consensu
515 3312 759 3386 Universitatis‚
786 3313 891 3390 ipsius

106 3406 324 3470 instrumentis
340 3408 509 3485 inspectis,
524 3408 642 3486 quibus
653 3411 745 3472 tuam
760 3411 892 3473 rideba-

107 3503 151 3565 116
176 3505 389 3568 intentionem
415 3505 587 3575 fundasse,
617 3506 800 3570 liberaliter
830 3508 891 3571 tibi

109 3598 213 3675 factas,
227 3602 312 3665 sicut
326 3602 545 3666 instrumento
557 3603 690 3682 publico
704 3605 892 3668 continetur

108 3699 293 3763 auctoritate
327 3700 389 3762 tibi
419 3700 609 3779 apostolica
644 3702 890 3777 confirmamus,

108 3796 164 3855 etc.
190 3798 306 3859 Datum
341 3798 509 3870 Laterani,
532 3798 644 3860 idibus
681 3799 888 3878 septembris,

108 3893 305 3966 pontificatus
320 3894 425 3958 nostri
441 3910 530 3957 anno
544 3897 663 3973 primo.

446 4090 537 4177 XXI

107 4266 155 4323 Ad
167 4268 355 4335 albericum
376 4270 669 4344 archiepiscopum
687 4271 890 4333 lismensem

294 4364 331 4425 ei
346 4364 588 4440 suffraganeos
601 4368 688 4440 ejus.

384 4476 417 4534 la
430 4483 503 4550 sept.
521 4478 599 4537 isac.

107 4595 266 4654 [1111116116
284 4614 352 4664 pour
372 4599 453 4649 servir
470 4600 486 4650 1
501 4600 623 4652 l’bistcirc
642 4600 686 4652 des
709 4602 842 4667 provinces
860 4606 891 4655 dc

279 4681 386 4740 Nemus,
406 4684 427 4730 t.
440 4680 471 4739 11,
483 4694 502 4742 1,
519 4695 545 4745 p.
561 4680 600 4741 2l,
613 4695 639 4731 n.
652 4682 702 4744 13].

105 4818 278 4895 Privilcgiuvn
298 4820 416 4879 Honorii
437 4820 474 4879 (16
488 4821 640 4894 puniendis
660 4823 890 4884 malefactoribus

435 4911 550 4968 1161116.

138 5044 300 5105 Honorius
311 5044 496 5123 episcopus,
510 5061 626 5107 servus
637 5062 808 5109 serrorum
817 5049 887 5124 Dei,

104 5141 341 5203 venerabilibus
366 5141 524 5203 fratribus
548 5144 799 5222 archiepiscopo
820 5150 889 5209 Re-

12 5274 14 5307 ,
105 5239 201 5299 mensi
213 5239 246 5301 et
261 5238 485 5314 suffraganeis
504 5244 588 5318 ejus,
614 5242 646 5303 et
665 5242 795 5305 dilectis
810 5244 889 5307 111116

103 5332 279 5408 abbatibus,
296 5336 474 5413 prioribus,
483 5338 738 5413 archidiaconis,
753 5339 888 5404 decanis

105 5432 134 5491 ct
157 5432 230 5494 aliis
251 5433 469 5495 ecclesiarum
495 5436 643 5514 praelatis
674 5437 709 5499 in
734 5440 889 5502 Remensi

105 5529 267 5602 provincia
297 5531 495 5606 constituite,
528 5534 667 5597 salutem
695 5537 728 5600 61
756 5539 891 5614 aposto-

106 5621 194 5685 licam
208 5625 482 5691 benedictionem.

986 472 1062 533 Non
1090 471 1215 551 absque
1251 472 1366 536 dolore
1399 472 1509 536 cordis
1534 476 1567 537 61
1598 474 1742 553 plurima

946 569 1135 632 turbatione
1162 570 1350 645 didicimus,
1376 572 1463 649 quod
1487 573 1535 633 116
1555 571 1591 633 in
1616 573 1742 651 pleris-

947 682 1010 743 que
1031 666 1179 744 partibus
1203 668 1430 731 ecclesiastica
1453 683 1596 731 censura
1623 669 1745 732 dissol-

945 762 1036 824 vitur
1047 764 1080 826 61
1094 766 1264 828 canonicae
1279 768 1452 829 sententiae
1467 767 1628 828 severitas
1644 783 1744 828 ener-

946 861 1055 934 vatur,
1082 862 1199 928 111111
1223 863 1373 940 religiosi
1395 865 1428 927 61
1450 864 1661 936 1111611116,
1683 865 1740 942 qui

946 974 1006 1036 per
1025 959 1119 1021 Sedis
1135 961 1334 1037 apostolicae
1352 962 1529 1038 privilegia
1545 961 1665 1039 majori
1680 962 1742 1024 do-

946 1056 1016 1118 nati
1043 1058 1119 1119 sunt
1137 1057 1301 1133 libertate,
1326 1060 1449 1136 passim
1472 1076 1492 1120 6
1513 1058 1741 1121 malefactori-

946 1153 1008 1215 bus
1034 1154 1104 1216 suis
1133 1156 1276 1232 injurias
1304 1158 1491 1219 sustineant
1521 1158 1553 1218 61
1586 1157 1740 1234 1611166,

947 1251 1024 1312 dum
1044 1252 1104 1314 vix
1126 1253 1295 1315 invenitur
1319 1254 1375 1331 qui
1397 1269 1545 1331 congrua
1567 1253 1636 1315 illis
1659 1270 1742 1332 pro-

947 1349 1088 1410 tectione
1112 1350 1298 1421 subveniat,
1319 1352 1352 1415 et
1371 1368 1431 1428 pro
1451 1351 1592 1414 fovenda
1618 1367 1745 1430 paupe-

947 1461 1020 1506 rum
1041 1446 1232 1510 innocentia
1252 1464 1287 1509 66
1307 1465 1438 1510 murum
1457 1447 1661 1511 defensionis
1683 1465 1745 1526 op-

947 1544 1058 1620 ponat.

988 1641 1185 1718 specialiter
1212 1644 1321 1705 autem
1348 1643 1459 1705 dilecti
1486 1643 1560 1716 lilii,
1580 1642 1682 1705 abbas
1710 1644 1744 1704 et

947 1741 1130 1801 conventus
1145 1739 1185 1801 de
1200 1741 1414 1814 camberone,
1436 1741 1667 1803 Cisterciensis
1682 1757 1743 1801 or-

947 1835 1045 1909 dinis,
1061 1835 1130 1898 tam
1145 1836 1185 1898 de
1200 1837 1427 1916 frequentibus
1442 1838 1577 1915 injuriis
1590 1854 1687 1915 quam
1702 1838 1743 1899 de

946 1919 1019 2011 ipso
1052 1934 1244 2010 quotidiano
1274 1935 1404 1998 defectu
1430 1935 1569 2013 justitiae
1598 1951 1745 2012 conque-

945 2032 1067 2104 rentes,
1094 2033 1345 2096 universftatem
1369 2035 1514 2095 vestram
1540 2033 1660 2095 litteris
1679 2049 1742 2111 pc-

945 2126 1070 2191 tieruut
1084 2130 1281 2207 Apostolicis
1301 2131 1452 2204 excitari,
1469 2132 1506 2192 ut
1518 2131 1566 2192 ita
1587 2129 1744 2192 videlicet

946 2226 995 2287 616
1013 2226 1047 2288 11
1065 2227 1337 2290 tribulationibus
1361 2230 1431 2289 suis
1450 2229 1566 2291 contra
1580 2227 1742 2289 malefac-

945 2323 1035 2385 tores
1050 2339 1163 2386 oorum
1178 2326 1329 2403 prompta
1354 2326 1504 2387 debeatis
1519 2324 1743 2401 magnanimi-

945 2423 1013 2484 tate
1037 2439 1249 2500 consurgere,
1279 2423 1364 2502 quod
1389 2424 1430 2484 ab
1456 2423 1632 2500 angustiis,
1660 2437 1743 2499 quas

947 2520 1122 2594 sustinent,
1150 2522 1183 2583 et
1196 2522 1363 2599 pressuris
1382 2522 1493 2584 vestro
1513 2520 1641 2598 possint
1653 2535 1743 2597 prae·

947 2617 1032 2679 sidio
1057 2618 1234 2694 respirare.
1252 2620 1413 2691 Quocirca
1436 2617 1648 2680 universitati
1661 2632 1740 2679 166-

945 2714 1006 2777 trae
1019 2732 1079 2793 per
1092 2714 1281 2793 apostolica
1297 2716 1420 2793 scripta
1433 2715 1628 2776 mandamus
1643 2714 1743 2791 atque

946 2812 1169 2891 praecipimus,
1209 2813 1372 2890 quatenus
1406 2812 1482 2877 illos
1516 2811 1573 2889 qui
1608 2826 1744 2888 posses-

948 2910 1058 2971 siones
1073 2911 1125 2973 161
1140 2926 1194 2972 166
1214 2926 1274 2972 661
1295 2910 1409 2972 domos
1424 2909 1657 2987 praedictorum
1672 2907 1744 2969 fra-

945 3008 1034 3070 trum
1060 3007 1113 3070 161
1147 3007 1319 3069 hominum
1349 3022 1484 3068 suorum
1517 3004 1743 3069 irreverenter

946 3104 1141 3178 invaserint,
1158 3107 1216 3167 611
1234 3121 1274 3167 66
1295 3106 1419 3182 injuste
1434 3104 1645 3174 detinuerint,
1667 3118 1741 3181 quae

946 3203 1112 3280 praedictis
1131 3202 1290 3265 fratribus
1308 3219 1350 3265 ex
1369 3202 1563 3264 testamento
1585 3200 1743 3262 deceden-

945 3300 1028 3361 tium
1040 3300 1261 3378 reliquuntur,
1274 3316 1334 3362 seu
1344 3300 1378 3360 in
1391 3299 1480 3377 ipsos
1491 3298 1612 3361 fratres
1625 3298 1741 3359 contra

945 3397 1142 3474 Apostolicae
1157 3397 1252 3458 Sedis
1263 3396 1391 3458 indulta
1402 3395 1599 3457 sententiam
1612 3409 1742 3456 excom·

946 3494 1181 3556 municationis
1200 3496 1258 3557 aut
1278 3493 1445 3557 interdicti
1467 3490 1741 3583 praesumpseriut

945 3591 1167 3669 promulgare,
1182 3592 1236 3653 vel
1261 3592 1407 3653 decimas
1420 3590 1572 3652 laborum
1594 3589 1635 3651 de
1656 3604 1736 3666 pos-

946 3690 1150 3752 sessionibus
1163 3689 1286 3751 habitis
1301 3691 1378 3750 ante
1389 3688 1572 3749 Concilium
1583 3684 1741 3763 generale

946 3800 1006 3847 seu
1026 3786 1239 3848 nutrimentis
1267 3786 1427 3863 ipsorum,
1453 3784 1574 3861 spretis
1594 3782 1740 3860 Aposto-

945 3883 1019 3947 licae
1048 3882 1143 3943 Sedis
1169 3881 1365 3959 privilegiis,
1397 3881 1606 3958 extorquere,
1629 3879 1741 3939 moni·

945 3979 1226 4058 tionepraemissa,
1236 3979 1266 4040 si
1278 3978 1357 4039 laici
1370 3977 1505 4048 fuerint,
1523 3975 1653 4054 publice
1665 3990 1742 4035 can·

946 4077 1028 4140 16116
1041 4065 1191 4139 accensis
1201 4072 1558 4139 excommunicationis
1576 4071 1740 4134 sententia

945 4174 1144 4254 percellatis,
1158 4173 1277 4236 sivero
1290 4172 1405 4235 6161161
1416 4172 1470 4234 161
1481 4170 1633 4233 66161161
1647 4185 1743 4246 regu·
1810 4218 1814 4229 ,

944 4274 1033 4335 16166
1046 4289 1105 4335 seu
1121 4270 1279 4333 monachi
1295 4270 1430 4344 fuerint,
1447 4284 1504 4331 ecs
1519 4266 1742 4347 appellatione

945 4370 1074 4432 remota.
1092 4369 1133 4431 ab
1149 4369 1258 4431 officio
1283 4368 1316 4431 et
1338 4367 1500 4430 beneflcio
1518 4364 1738 4444 suspendatis

945 4467 1096 4530 neutram
1110 4466 1296 4530 relaxaturi
1310 4466 1507 4528 sententiam
1531 4463 1635 4525 donec
1650 4478 1739 4539 prae-

945 4565 1041 4627 dictis
1056 4565 1215 4627 fratribus
1228 4564 1380 4642 plenarie
1392 4559 1609 4631 satisfaciant,
1626 4560 1658 4620 61
1670 4560 1739 4619 tam

944 4662 1023 4725 laici
1044 4648 1143 4741 quam
1163 4662 1277 4723 clerici
1298 4660 1477 4729 6661116166,
1505 4657 1562 4734 qui
1582 4671 1642 4732 pro
1665 4654 1741 4716 vio-

944 4761 1035 4822 lenta
1050 4776 1207 4822 manuum
1226 4757 1407 4835 injectione
1421 4752 1643 4815 anathematis
1660 4751 1738 4812 viu·

945 4859 1019 4919 culo
1038 4856 1161 4918 fuerint
1179 4854 1341 4925 innodati,
1364 4868 1438 4913 cum
1457 4848 1627 4912 diocesani
1648 4849 1739 4926 epis-

944 4955 1018 5034 copi
1029 4953 1148 5017 litteris
1159 4951 1199 5014 ad
1210 4951 1326 5014 Sedem
1337 4947 1739 5026 116616116611161161166

944 5054 985 5115 61
999 5052 1114 5114 ecdem
1128 5050 1262 5112 uinculo
1276 5047 1466 5113 mereantur
1478 5044 1617 5108 absolvi.
1632 5046 1740 5108 Villas

944 5150 1054 5213 autem
1069 5150 1105 5211 in
1118 5147 1236 5228 quibus
1248 5147 1335 5208 bona
1351 5143 1585 5224 praedictorum
1599 5142 1739 5205 fratrum

943 5249 996 5312 vel
1018 5247 1189 5310 hominum
1213 5261 1349 5307 suorum
1373 5259 1433 5322 per
1457 5240 1651 5305 violentiam
1680 5239 1740 5300 de-

943 5347 1034 5410 tenta
1058 5345 1191 5417 fuerint,
1211 5344 1368 5422 quamdiu
1393 5341 1441 5403 ibi
1466 5340 1543 5401 sunt
1569 5337 1739 5399 interdicti

945 5443 1118 5507 sententiae
1162 5442 1366 5520 supponatis.
1408 5440 1527 5501 ilatum
1569 5435 1736 5507 Laterani,

943 5545 1033 5605 XVII
1048 5542 1210 5603 kalendas
1230 5540 1385 5611 octobris,
1409 5534 1618 5615 pontificatus
1634 5533 1739 5595 nostri

944 5640 1171 5718 6116111116.
