3928 6200
124 350 166 414 nr
755 352 985 419 nrrsronm.
1009 352 1087 417 ms.
1110 352 1136 414 1.
1277 337 1282 347 “
1713 352 1771 413 118

128 511 235 591 putem
257 511 389 576 insulae
412 513 455 578 de
482 513 571 577 Selia
590 511 677 579 sicut
694 514 743 577 tui
758 515 845 593 juris
867 515 918 579 est
972 511 1152 590 aliquando
1173 509 1337 574 sententla
1361 509 1529 586 innodati,
1544 526 1612 575 non
1627 524 1671 573 er
1684 525 1770 574 con·

10 604 35 683 ιρᾕ
131 610 312 673 auctoritate
349 611 415 674 tibi
454 612 636 690 apostolica
671 612 916 682 confirmamus,
971 611 1112 688 temptu,
1139 609 1197 673 sed
1223 625 1267 671 ex
1291 610 1495 686 negligentia
1518 609 1553 672 et
1576 609 1770 687 ignorantia

10 698 37 772 l-ss'
134 708 271 788 quidquid
283 710 378 787 juris
388 709 494 772 babes
505 710 539 771 in
555 710 697 772 ecclesia
712 710 817 773 sancti
833 709 918 772 Feli·
971 708 1086 769 divina
1107 707 1218 769 officia
1241 706 1456 779 celebrarint,
1482 723 1524 770 ne
1546 707 1612 786 ipsi
1635 708 1771 786 propter

10 796 32 853 t
134 806 413 870 cisdePorcaniis
429 808 728 885 compertinentiis
744 808 917 870 suistlil·
970 806 1034 867 boc
1068 804 1110 868 ad
1146 804 1262 866 sedem
1295 806 1519 882 apostolicam
1546 805 1771 884 personaliter

9 908 30 965 l·
132 906 182 968 lam
195 904 235 965 de
254 904 405 978 Gasulis,
425 907 458 967 et
470 905 581 966 omnia
599 905 641 966 ad
657 908 713 983 jns
728 906 916 983 episcopale
971 901 1161 965 laborantes
1200 903 1373 964 materiam
1407 901 1551 965 habeant
1585 902 1767 980 evagandi,

8 1004 37 1049 ;·;.
132 1002 312 1081 spectantia.
327 1005 375 1063 're
390 1018 531 1080 quoque,
546 1002 726 1081 velaliquo
741 1019 915 1066 successo-
971 1015 1086 1062 eorum
1125 1000 1339 1076 dignaremur
1372 999 1473 1061 saluti
1508 999 1769 1062 misericorditer

12 1124 34 1146 -1
130 1101 335 1164 rumtuorum
348 1099 502 1174 obeunte,
517 1100 602 1161 nulli
610 1099 698 1162 bona
712 1101 916 1179 episcopalia
970 1097 1156 1175 providere.
1194 1097 1336 1174 Ideoque
1377 1096 1572 1159 discretioni
1605 1098 1672 1159 tuae
1706 1112 1768 1175 per

8 1206 14 1242 ὲ
131 1213 280 1275 usurpare
295 1198 409 1260 liceat.
425 1197 630 1277 Quicumque
644 1214 724 1260 vero
738 1198 772 1259 id
787 1198 914 1272 iecerit,
970 1194 1151 1273 apostolica
1171 1195 1294 1272 scripta
1306 1194 1501 1257 mandamus
1516 1196 1680 1273 quatenus
1690 1212 1766 1255 cum

8 1318 10 1321 ’
128 1295 917 1373 ssecmuoteniovecommonitusapraesump-
970 1292 1116 1370 praefatis
1149 1294 1319 1354 canonicis
1361 1292 1539 1354 autoritate
1577 1292 1768 1369 Apostolica

127 1394 205 1456 tione
217 1409 280 1455 sua
291 1410 360 1454 non
371 1393 561 1470 resipuerit,
575 1394 838 1470 indignationem
849 1411 918 1456 om·
970 1390 1153 1468 dispenses,
1168 1389 1318 1468 injuncta
1344 1390 1393 1451 eis
1417 1389 1635 1451 nihilominus
1659 1390 1769 1468 poeni-

126 1491 298 1569 nipotentis
317 1491 389 1564 Dei,
411 1492 444 1554 et
464 1491 637 1554 beatorum
658 1491 748 1553 Pe'tri
767 1492 801 1554 et
818 1492 916 1553 Pauli
969 1487 1074 1551 tentia
1108 1487 1318 1565 competenti.
1359 1488 1478 1549 Datum
1523 1490 1636 1550 Romae
1680 1486 1767 1564 apud

124 1589 345 1667 apostolorum
360 1591 433 1667 eJus
444 1589 606 1662 incurrat,
620 1589 654 1652 et
663 1589 824 1651 canonica
839 1605 918 1650 sen·
972 1587 1129 1647 Sanctum
1152 1585 1298 1657 Petrum,
1318 1585 1457 1663 septimo
1475 1585 1550 1646 idus
1569 1585 1765 1661 decembris,

124 1687 220 1748 batia
232 1687 448 1764 percellatur.
460 1688 674 1750 Decernimus
684 1702 776 1764 ergo,
787 1687 824 1748 ut
832 1687 917 1749 nulli
970 1682 1181 1761 pontificatus
1193 1682 1300 1745 nostri
1314 1698 1403 1744 anno
1418 1683 1536 1761 primo.

125 1783 253 1846 omnino
268 1784 442 1846 hominum
457 1785 557 1848 liceat
577 1784 734 1863 praedicta
756 1785 841 1858 loca,
858 1800 917 1846 ec-

124 1882 251 1955 clesias,
268 1882 346 1954 etc,
361 1883 487 1945 temere
502 1882 708 1960 perturbare,
725 1883 783 1945 aut
802 1897 916 1944 eorum

122 1980 347 2057 possessiones
364 1979 507 2054 auferre,
528 1981 583 2042 rel
605 1979 734 2042 ablatas
757 1980 914 2054 retinere,
1337 1950 1402 2037 XC

121 2078 282 2150 minuere,
298 2093 359 2139 seu
378 2077 581 2155 quibuslibet
591 2077 823 2140 vexationibus
838 2076 917 2139 iati-

120 2174 402 2250 gare,sedomnia
410 2175 540 2252 integre
550 2176 789 2238 conserventur
800 2190 916 2237 eorum
1022 2181 1077 2242 Ad
1097 2182 1331 2242 ildimundum
1357 2183 1510 2257 Reperti,
1535 2182 1695 2243 concitem

120 2288 176 2349 pro
188 2287 332 2350 quornm
354 2272 594 2349 gubernatione
616 2289 655 2334 ac
675 2273 916 2335 sustentatione
1267 2281 1478 2341 lismensem.
1517 2292 1521 2301 ’

121 2385 276 2432 concessa
300 2371 388 2443 sunt,
414 2371 529 2433 usibus
551 2370 704 2433 omnibus
729 2371 913 2449 protutura,

122 2466 210 2528 salva
233 2467 331 2529 Sedis
354 2468 552 2545 apostolicae
572 2469 782 2531 auctoritate.
799 2469 914 2546 Siqua
1265 2442 1366 2502 ⁸d00·
1388 2440 1467 2502 ¹²¹⁶·

8 2568 21 2641 ξ
121 2563 229 2640 igitur,
255 2565 332 2639 etc„
360 2581 467 2640 utque
491 2564 671 2644 subjaceat,
693 2567 756 2628 etc.
782 2566 915 2628 Cunctis
970 2566 1081 2631 [negat.
1091 2566 1138 2619 lib.
1148 2567 1168 2626 1,
1180 2567 1256 2632 epist.
1266 2567 1363 2617 loo·
1376 2567 1502 2633 bouquet,
1514 2568 1617 2621 Recneil
1628 2568 1673 2619 des
1683 2568 1769 2620 Histo-

10 2674 21 2731 :
124 2664 227 2723 autern
251 2662 377 2724 eisdem
399 2663 494 2737 locis,
516 2664 570 2726 rel
590 2665 741 2726 ecclesiis
761 2680 820 2725 sua
835 2667 914 2742 jura

11 2794 17 2805 ·
124 2759 330 2822 servantibus
362 2761 407 2822 sit
437 2778 504 2839 pax
536 2762 669 2824 Domini
700 2762 806 2824 nostri
833 2763 915 2823 Jesu

113 4541 229 4603 llandat
245 4551 278 4603 ut
293 4558 362 4603 cum
381 4543 550 4618 quibusdam
569 4548 717 4606 canonicis
732 4549 780 4621 qui
794 4565 909 4608 excom·

18 2944 25 2981 ¹
126 2953 173 3014 nis
194 2954 391 3032 percipiant,
408 2958 441 3018 et
461 2956 548 3034 apud
572 2956 757 3019 districtum
767 2957 914 3036 judicem
948 2972 957 2988 ·

21 3052 29 3071 ¹
126 3053 255 3128 praemia
268 3053 404 3115 aeternae
416 3054 507 3131 pacis
519 3054 702 3117 inveniant.
717 3058 833 3118 Amen.
843 3058 913 3117 Da·
1003 3081 1039 3140 Α,
1056 3081 1084 3139 s,
1100 3080 1223 3155 legatus.

1232 2647 1325 2697 donst.
1336 2647 1404 2709 Xlll,
1414 2661 1441 2712 p.
1454 2647 1523 2711 oli]

968 2815 1091 2874 Nuuciat
1103 2813 1231 2873 Pontifex
1246 2813 1343 2873 comiti
1358 2813 1518 2875 Reimundo
1533 2817 1650 2890 Rogerii
1663 2817 1763 2876 decre·

1004 2903 1080 2961 visse
1094 2918 1126 2962 se
1135 2904 1175 2962 illi
1188 2906 1317 2962 burense
1326 2912 1451 2963 castrum
1461 2906 1623 2964 restitutum
1635 2906 1679 2976 iri,
1689 2906 1766 2979 quod

1004 2991 1220 3050 custodiendum
1244 3000 1392 3067 receperat
1420 2995 1520 3053 Petrus
1545 2996 1765 3053 Benevemmus

125 2856 253 2930 Christi,
267 2858 432 2935 quatenus
443 2860 476 2921 et
486 2859 541 2920 bic
552 2858 695 2921 fructum
707 2858 802 2921 bonae
815 2858 916 2921 actio·

127 3149 191 3209 tum
204 3152 316 3212 Romae
334 3150 423 3227 apud
444 3152 601 3214 Sanctum
619 3154 754 3215 Petrum
769 3169 828 3230 per
842 3170 916 3215 ma·

129 3260 201 3307 num
209 3248 345 3309 Rauerii
357 3249 479 3326 prioris
495 3250 601 3312 sancti
615 3251 766 3312 Fridiani
775 3253 911 3324 Lucani,
1007 3235 1384 3314 H⁰11⁰P1U⁸0R1800911b
1411 3235 1531 3299 dilecto
1556 3236 1626 3299 filio
1658 3236 1763 3300 nobili

132 3343 251 3406 Sanctae
271 3347 431 3408 Romanae
451 3347 607 3409 Ecclesiae
632 3348 911 3421 vicecancellarii,
967 3331 1041 3395 Vim
1056 3335 1095 3395 R·
1108 3329 1148 3413 (')
1161 3333 1274 3395 00fflifi
1288 3334 1445 3407 Fu10ss8i‚
1459 3334 1522 3396 ott·

1 3472 4 3481 ·
129 3439 182 3501 Vll
194 3441 265 3503 idus
276 3444 471 3515 decembris,
482 3446 724 3508 incarnationis
733 3446 914 3510 Dominicae
1008 3431 1089 3490 Cum
1101 3430 1180 3492 ⁰¹i¹1¹
1191 3429 1338 3494 fldfl⁰⁰t⁰
1349 3431 1419 3493 ffliO
1432 3435 1469 3493 P·
1482 3430 1522 3512 (’)
1531 3432 1620 3495 tituli
1632 3436 1664 3494 S·
1678 3434 1763 3495 Lau·

130 3551 208 3600 anne
228 3542 399 3614 Mccxw,
421 3542 603 3605 indictione
635 3546 674 3616 v,
703 3545 913 3621 munificatus
967 3527 1068 3590 rentii
1082 3529 1117 3589 in
1132 3529 1273 3589 Damaso
1288 3529 1397 3606 presb.
1423 3531 1603 3604 cardinali,
1620 3530 1760 3593 tunc'A.

1 3649 3 3670 2
129 3648 200 3698 ,om
211 3637 336 3700 domini
354 3640 495 3702 Honoffi
510 3657 604 3718 papae
626 3644 671 3703 111
693 3658 780 3704 anno
792 3644 911 3722 primo,
969 3626 1002 3686 S.
1019 3625 1139 3702 legato,
1149 3625 1368 3689 absolutionis
1380 3625 1579 3689 beneficium
1591 3628 1762 3706 accepisti,
1887 3718 1890 3722 ι

968 3722 1075 3783 eidem
1101 3723 1188 3785 inter
1212 3723 1280 3785 alia
1300 3726 1491 3802 juramento
1512 3725 1659 3802 praestito
1683 3741 1765 3803 pro-

967 3819 1098 3893 misisti,
1122 3819 1208 3897 qucd
1229 3835 1330 3897 super
1342 3821 1386 3882 iis
1404 3836 1464 3897 pro
1488 3822 1607 3898 quibus
1627 3837 1765 3883 excom·

417 3907 612 3996 LXXXIX
967 3917 1155 3979 municatus
1180 3918 1380 3989 exstiteras,
1404 3918 1602 3995 Apostolicis
1619 3918 1760 3980 deberes

965 4028 1084 4091 parere
1103 4014 1279 4086 mandatis,
1305 4015 1338 4077 et
1360 4014 1401 4076 ob
1421 4015 1485 4076 boc
1505 4016 1650 4077 castrum
1674 4017 1762 4078 Furi

214 4113 437 4175 Adabbatem
448 4116 484 4176 S.
497 4117 664 4177 lobannis
674 4116 811 4179 Scnwn.
967 4111 1132 4189 assignari
1159 4111 1268 4174 iecisti
1294 4112 1403 4174 eidem
1420 4114 1489 4175 tuis
1510 4112 1762 4176 custodiendum

421 4252 438 4312 7
449 4252 502 4312 dcc
526 4254 596 4313 ωδ
966 4209 1122 4287 expensis
1150 4206 1213 4290 (a).
1236 4210 1403 4272 Praeterea
1427 4226 1487 4289 pro
1512 4212 1656 4288 Rogerio
1679 4214 1763 4274 Ber-

504 4296 511 4310 '
599 4297 605 4310 '
967 4307 1062 4370 nardi
1072 4304 1121 4388 (b)
1134 4308 1204 4370 filio
1216 4307 1250 4369 et
1261 4308 1405 4386 Rogerio
1417 4308 1458 4370 de
1470 4310 1682 4388 Commengia
1696 4326 1761 4372 ne-

157 4403 263 4468 [negsa
275 4402 322 4455 lib·
333 4403 355 4466 1,
365 4402 440 4467 epist.
454 4404 508 4455 ¹¹²·
523 4403 871 4472 tiss.1.ar0rnuurueil.]
966 4406 1042 4482 pote
1051 4406 1129 4480 tuis,
1141 4407 1178 4468 ut
1189 4405 1354 4468 mandatis
1366 4407 1564 4484 apostolicis
1577 4407 1760 4483 obedirent,

965 4503 1073 4566 eidem
1094 4504 1257 4566 cardinali
1279 4504 1424 4566 castrum
1448 4503 1603 4581 obligasti
1619 4506 1763 4583 praedic-

146 4634 351 4691 municatienis
373 4635 513 4692 sententis
544 4634 671 4694 innodati
700 4652 758 4695 non
781 4653 817 4696 er
839 4653 908 4697 con-
965 4601 1285 4712 tum39r⁰pt⁰rqu⁰d
1300 4603 1388 4711 ΜΨ
1404 4602 1548 4664 castrum
1564 4602 1762 4712 ³¹¹⁰t⁰¹f¹t³t⁰

146 4728 271 4796 tempta,
295 4721 348 4780 sed
371 4722 563 4797 nemmem,
588 4724 686 4783 divine
713 4724 808 4785 offici,
832 4727 908 4786 0019,
967 4699 1061 4761 Sedis
1075 4699 1273 4776 apostolica
1296 4698 1359 4761 furt
1372 4698 1533 4761 hactenus
1547 4699 1759 4762 custoditum.

145 4809 275 4882 smum,
287 4811 447 4885 dispenset.
964 4798 1079 4874 Nuper
1093 4797 1202 4859 autem
1216 4811 1277 4872 per
1296 4796 1449 4872 proprios
1469 4796 1608 4857 nuncios
1629 4796 1671 4859 ad
1699 4800 1763 4860 Se-

964 4895 1039 4957 dem
1052 4894 1274 4971 Apostolicam
1290 4892 1471 4954 destinatos
1486 4909 1506 4953 a
1519 4893 1614 4955 nobis
1627 4895 1761 4958 instan-

151 4983 333 5057 Honorius,
350 4984 425 5057 etc,
441 4983 561 5048 dilecto
578 4984 647 5047 filio
665 4985 776 5050 abbati
797 4988 909 5051 Sancti
963 4992 1092 5055 tissime
1120 4989 1296 5068 postulasti
1324 4990 1362 5052 ut
1386 4989 1510 5052 dictum
1527 4993 1672 5055 castrum
1698 4994 1760 5057 tibl

109 5078 273 5142 Jobannis
287 5085 465 5143 Semcnen.
963 5089 1095 5152 restitui
1114 5086 1310 5149 faceremus.
1336 5087 1429 5150 Licet
1448 5103 1528 5150 vero
1548 5105 1568 5151 a
1588 5092 1758 5154 nonnullis

151 5179 219 5240 Tua
244 5178 343 5241 nobis
369 5179 500 5242 devotio
528 5180 741 5258 supplicavit,
771 5184 808 5245 ut
833 5200 909 5245 curu
962 5187 1058 5249 nobis
1080 5186 1270 5262 suggestum
1289 5184 1390 5246 luerit
1409 5186 1494 5263 quod
1513 5189 1561 5262 tu,
1584 5190 1758 5266 postquam

110 5274 245 5349 quidam
278 5276 435 5339 canonici
471 5277 521 5339 tui
555 5281 907 5343 excommunicationis
962 5286 1108 5348 castrum
1128 5284 1378 5360 recuperaveris
1399 5285 1623 5363 saepedictum,
1650 5302 1757 5364 nego-

150 5472 184 5544 (t
200 5474 497 5552 Palmundollogerii.
997 5486 1037 5561 (t)
1052 5487 1156 5570 Copula
1182 5486 1211 5543 in
1229 5487 1317 5543 unum
1343 5486 1459 5544 nomina
1482 5486 1538 5543 duc
1557 5486 1754 5558 Repertoltcr-

151 5548 183 5619 Γ)
201 5549 511 5608 Petwssessevesstflno·
960 5561 1055 5628 nardi,
1080 5566 1154 5615 sicut
1174 5558 1491 5629 raymundus-nocero·
1518 5572 1622 5615 nomen
1642 5573 1756 5635 compo

154 5619 192 5689 (a)
210 5620 332 5677 Consule
364 5634 398 5676 ea
418 5619 454 5677 de
480 5636 511 5678 re
535 5621 693 5682 iunocentii
717 5623 825 5684 litteras
852 5624 904 5684 lib.
959 5632 1045 5690 situm
1058 5626 1255 5697 est‚etdeiude
1266 5627 1436 5701 adjectivum
1446 5627 1609 5701 possidendi
1623 5631 1682 5687 tuis
1690 5646 1756 5690 cum

117 5685 215 5761 XVIII,
226 5705 254 5764 lb
266 5690 331 5750 60οι
348 5685 510 5766 (munet).
959 5702 1070 5761 duabus
1081 5698 1198 5758 vocibus
1211 5698 1270 5771 pra
1285 5706 1313 5757 et
1326 5703 1422 5769 nepotc
1434 5704 1578 5779 construe.
1588 5699 1754 5778 (bouquet).
