3900 6202
81 292 140 356 189

82 452 154 515 dicti
163 448 255 531 'regis
276 448 311 515 et
333 450 430 528 regni
446 451 604 532 expedire
617 452 750 531 viderit,
764 472 865 519 exse-

82 550 133 628 qui
144 548 253 611 valeat
265 549 341 611 vice
355 550 481 623 nostra,
500 549 675 614 intendens
694 553 867 617 humiliter

83 649 114 709 et
130 644 254 714 devote,
270 645 415 707 sciturus
432 647 518 725 quod
534 646 605 725 ipsi
625 649 698 727 regi
720 650 754 715 et
765 651 866 729 adju-

83 741 200 806 toribus
224 741 297 803 suis
317 742 482 804 auxilium
498 744 649 808 nostrum
668 747 865 821 nondeerit,

702 290 931 359 EP'ISTOLAE.
954 298 1033 361 LIB.
1055 296 1082 362 1.

1658 313 1718 376 190

921 458 1034 525 attrita
1051 461 1217 526 contiuuis
1232 464 1265 526 et
1284 462 1452 530 haeretlcae
1472 467 1647 546 pravitatls
1661 486 1718 535 er-

921 558 1053 621 roribus
1082 559 1243 635 involuta,
1272 563 1430 626 velsero
1458 564 1500 627 ab
1525 566 1717 645 huiusmodi

921 656 1104 732 respiraret
1117 658 1293 735 angustiis,
1317 660 1351 723 et
1373 660 1536 739 contagiis
1550 681 1717 743 purgare·

921 751 986 814 tur.
1007 754 1047 815 nt
1065 755 1221 833 quoniam
1240 755 1276 818 in
1297 758 1444 833 graviori
1463 760 1578 824 morbo
1601 778 1719 826 recur-

81 841 230 919 puantum
250 838 310 900 ille
325 828 493 918 permittet
505 841 562 918 qui
576 844 729 920 superbis
740 845 869 908 resistit
921 849 1061 910 rendum
1083 850 1134 913 est
1154 852 1195 913 ad
1209 853 1374 915 validiora
1393 856 1554 927 remedia,
1574 858 1608 921 et
1621 859 1720 922 uten-

81 939 111 1000 et
139 935 321 1000 humilibus
356 936 499 1012 gratiam
524 938 724 1016 impertitur.
749 942 868 1006 Datum

81 1032 239 1108 Laterani,
255 1035 333 1096 x1v
344 1032 412 1097 kal.
426 1033 523 1109 febr,
537 1050 625 1098 anno
639 1038 758 1114 primo.

114 1168 155 1228 Iu
175 1169 336 1230 eumdem
357 1168 498 1229 rmdum
518 1166 632 1230 Nobili
650 1168 724 1232 viro
747 1170 869 1234 castel-

81 1263 150 1325 lano
167 1264 291 1325 Corum
306 1260 367 1343 (1).

113 1361 199 1422 itera
212 1358 359 1422 Roherto
371 1359 413 1421 de
424 1358 666 1440 Veteri-ponte

113 1457 200 1520 Item
216 1456 336 1518 coniti
351 1456 499 1519 cestrie.

112 1556 202 1617 Item
215 1552 335 1615 comiti
348 1552 520 1616 Fetrariae.

113 1651 201 1714 Item
214 1649 376 1712 Gaufrido
391 1648 431 1712 de
445 1648 570 1714 Navill.

8 1794 10 1809 ,
113 1749 202 1810 Item
221 1747 411 1810 castellano
424 1747 589 1811 Devoriae.

8 1836 10 1851 ’
112 1845 202 1908 Item
235 1844 424 1906 Beronibus
456 1843 603 1923 quinque
637 1845 798 1908 Portuum
837 1844 871 1908 et

8 1952 9 2005 t
80 1957 186 2004 eorum
208 1939 438 2019 complicibus.

8 2024 9 2027 '
112 2043 154 2102 Iu
175 2042 343 2102 eumdem
365 2040 442 2112 rere
463 2040 603 2100 murm
617 2038 811 2114 {castellano
830 2037 870 2100 de

80 2135 333 2213 Negtingaham,
356 2135 390 2197 et
411 2134 489 2197 aliis
501 2135 693 2197 castellanis
711 2136 747 2197 in
763 2136 872 2198 tideli-

81 2234 139 2295 tate
163 2231 335 2295 carissimi
364 2231 427 2292 tilii
448 2231 555 2295 nostri
572 2234 614 2294 Η.
632 2232 721 2309 regis
742 2233 871 2310 Angiiae

82 2328 344 2407 persistentibus.

114 2430 155 2489 In
168 2429 333 2490 eumdem
346 2428 485 2490 modum
506 2424 764 2506 archiepiscopo
785 2425 872 2491 Rbo-

922 944 1000 1006 dum
1015 947 1163 1010 cauterio
1191 948 1248 1010 uhi
1271 951 1512 1016 medicamenta
1537 953 1627 1017 lenia
1650 972 1718 1018 non

921 1041 1115 1118 procedunt,
1143 1045 1295 1121 apposita
1316 1046 1394 1109 sunt
1418 1047 1543 1111 ferrum
1569 1051 1603 1113 et
1629 1051 1718 1128 ignis

921 1138 1116 1201 vulneribus
1132 1157 1206 1218 quaa
1228 1142 1352 1205 dudum
1375 1144 1440 1206 sibi
1463 1147 1647 1224 appositam
1661 1147 1718 1211 io·

923 1237 1107 1298 mentorum
1131 1253 1198 1300 non
1221 1241 1395 1304 senserant
1416 1242 1625 1319 medicinam,
1650 1262 1718 1324 pu·

921 1331 1019 1394 tridis
1044 1334 1212 1409 carnibus,
1246 1352 1289 1398 ne
1315 1337 1442 1414 partem
1466 1340 1631 1404 sinceram
1652 1344 1721 1406 tra·

923 1428 1051 1503 herent,
1067 1432 1257 1508 amputatis,
1274 1433 1308 1496 et
1324 1435 1454 1498 ossibus
1475 1436 1575 1500 etiam
1590 1438 1720 1501 tirmio-

923 1524 1027 1599 ribus,
1056 1528 1185 1591 scilicet
1210 1546 1283 1608 quae
1311 1532 1477 1595 sustinere
1502 1534 1719 1600 imbecillium
1751 1533 1755 1541 '

924 1623 1086 1685 malitiam
1115 1624 1323 1701 videbantur,
1357 1630 1394 1690 in
1419 1631 1550 1693 camino
1577 1633 1721 1696 tribula·

923 1719 1037 1794 tionis,
1054 1720 1091 1783 ut
1108 1720 1313 1786 intellectum
1335 1726 1527 1804 reciperent
1547 1745 1591 1791 ex
1610 1745 1720 1793 vexa-

922 1816 1026 1891 tione,
1051 1817 1218 1882 discoctis.
1245 1823 1284 1883 In
1312 1838 1435 1884 vanum
1460 1824 1570 1887 autem
1588 1827 1721 1890 videtur

925 1914 1063 1976 medicis
1093 1915 1281 1991 lahorasse,
1311 1921 1390 1996 quia
1420 1924 1720 2000 computrescentes

924 2107 1066 2171 vulnera
1093 2110 1350 2185 recrudescunt,
1375 2112 1410 2175 et
1440 2113 1564 2178 frustra
1590 2116 1722 2180 videtum

926 2205 1089 2268 conflasse
1110 2207 1287 2284 conflator3
1310 2210 1477 2287 quianon
1502 2213 1581 2275 sunt
1604 2228 1721 2276 eorum

926 2302 1129 2381 consumptae
1143 2304 1292 2378 malitiae,
1305 2305 1337 2368 et
1350 2304 1469 2383 rubigo
1481 2307 1585 2371 nimia
1597 2309 1637 2372 de
1651 2309 1721 2373 illis

926 2414 993 2461 non
1006 2399 1090 2463 exiit
1107 2416 1169 2462 nec
1188 2416 1249 2480 per
1269 2401 1393 2479 ignem.
1417 2404 1573 2467 Percussi
1599 2406 1722 2470 etenim

927 2495 1062 2558 minime
1077 2497 1266 2572 doluerunt,
1278 2498 1312 2561 et
1325 2498 1430 2563 attriti
1442 2502 1625 2566 renuerunt
1637 2502 1724 2565 acci·

927 2607 1006 2671 pere
1025 2593 1248 2671 disciplinam,
1272 2596 1408 2673 propter
1430 2598 1517 2676 quod
1538 2600 1647 2662 adhuc
1660 2616 1724 2662 ex-

926 2689 1018 2751 tenta
1032 2706 1106 2752 esse
1119 2690 1252 2753 videtur
1265 2707 1384 2754 manus
1395 2695 1528 2756 Domini
1539 2711 1640 2773 super
1649 2712 1720 2760 eos.

966 2787 1059 2849 Licet
1081 2788 1191 2849 autem
1219 2804 1339 2865 magna
1362 2789 1406 2851 sit
1428 2806 1543 2853 eorum
1565 2793 1722 2857 contritio

926 2883 1018 2945 velut
1031 2899 1134 2957 mare,
1148 2884 1361 2968 ipsorumque
1383 2885 1481 2964 plaga
1504 2888 1722 2966 desperabilis

927 2980 1095 3054 videatur,
1115 2996 1158 3044 ne
1178 2981 1291 3043 tamen
1316 2982 1412 3044 nohis
1432 2984 1544 3047 valeat
1564 2985 1724 3064 imputari

929 3077 1014 3156 quod
1025 3092 1099 3140 eam
1110 3078 1343 3155 circumligare
1352 3081 1595 3145 correctionum
1608 3082 1723 3145 fasciis

928 3175 1174 3253 neglexerimus
1189 3176 1222 3238 et
1231 3177 1493 3239 mansuetudinis
1514 3178 1588 3242 oleo
1607 3178 1725 3242 conio-

927 3288 1024 3349 vere;
1041 3273 1211 3351 sperantes
1230 3289 1360 3352 quoque
1381 3275 1467 3352 quod
1481 3275 1539 3339 ille
1551 3274 1608 3355 qui
1623 3276 1725 3342 etiam

928 3369 1034 3432 iratus
1052 3385 1120 3432 non
1147 3369 1270 3433 desinit
1298 3370 1466 3447 misereri,
1494 3388 1562 3436 non
1594 3388 1727 3451 semper

930 3465 1111 3530 continebit
1134 3482 1203 3529 suae
1228 3466 1362 3545 pietatis
1382 3469 1513 3532 viscera
1534 3485 1634 3549 super
1654 3478 1724 3544 eos,

930 3562 988 3625 sed
1009 3563 1050 3625 de
1073 3563 1205 3626 illorum
1225 3579 1327 3626 manu
1346 3564 1525 3645 aliquando
1548 3565 1727 3629 transferet

930 3650 1071 3722 calicem
1083 3659 1143 3722 irae
1159 3676 1240 3734 suae,
1259 3661 1415 3725 dilectum
1437 3662 1542 3726 tilium
1554 3666 1591 3726 B.
1602 3663 1615 3689 *
1628 3661 1726 3726 titulo

932 3757 1127 3819 Sanctorum
1150 3758 1290 3821 Joannis
1320 3759 1354 3821 et
1376 3760 1473 3822 Pauli
1497 3760 1726 3838 presbyterum

85 3843 325 3905 lurdesceutihus
343 3844 374 3901 in
392 3843 549 3902 Provincia
567 3846 643 3903 terra
666 3844 779 3903 comitis
797 3844 878 3903 'l'olo-
931 3854 1144 3928 cardinalom‚
1171 3856 1209 3915 Α,
1241 3857 1274 3915 s,
1298 3854 1457 3930 legatum,
1479 3855 1589 3917 virum
1612 3854 1727 3933 utique

115 3932 360 4002 malleatoribus,
370 3932 456 3990 mittit
466 3930 643 3990 eoPontiiex
656 3934 692 3991 Δ.
705 3933 734 3991 S.
750 3933 877 4006 legatum
931 3950 1121 4029 approbatae
1141 3951 1352 4021 vptae‚v1pum
1374 3951 1549 4013 eminentis
1564 3952 1726 4026 setonam,

6 4030 8 4099 j
116 4024 306 4081 &monum
320 4035 388 4078 cum
403 4021 528 4079 maxima
541 4026 691 4094 potestate.

85 2538 222 2587 recensa.

112 2623 205 2685 Item
216 2619 751 2698 Rothomagensiarchiepiscopo.

7 2782 9 2807 ὗ
116 2718 207 2780 Item
220 2717 336 2779 Nobili
347 2717 422 2779 viro
435 2717 525 2780 Falo.
542 2718 584 2780 de
594 2719 728 2779 Breant.

7 2822 8 2875 3
114 2816 207 2876 item
235 2813 382 2876 Ricardo
417 2813 457 2876 de
484 2814 647 2888 Marisco,
672 2812 872 2876 cancellario

7 2960 9 2965 .
85 2911 174 2989 regni
186 2909 329 2988 anglia.

416 3096 539 3185 CLIII

82 3294 127 3354 ld
146 3292 523 3369 Prootnctoercgtoots
547 3293 820 3369 archiepiscopos
838 3291 875 3353 et

6 3382 7 3389 ’
339 3388 601 3464 episcoparer.

376 3500 409 3559 19
424 3501 484 3573 jon.
506 3501 587 3559 ¹2¹7.

109 3625 227 3689 Htw-2
238 3622 286 3675 lio.
297 3622 318 3674 1.
329 3621 414 3687 epist,
426 3622 482 3673 183.
498 3649 532 3662 -
543 3623 671 3688 Bonquet,
683 3623 786 3678 lteoueil
800 3624 845 3677 des

255 3703 303 3753 des
319 3701 695 3768 hidonem,t.x1x,p.oao1.

6 4122 7 4125 Ἴ
931 4050 1041 4110 virum
1062 4049 1227 4125 potentem
1249 4049 1286 4109 in
1310 4063 1410 4127 opere
1433 4063 1473 4110 ac
1496 4064 1659 4121 sermone,
1684 4048 1727 4111 ad

119 4146 289 4210 Honorius
309 4146 520 4224 episcopua,
543 4146 789 4209 venerabilibus
804 4144 877 4209 fra·
933 4146 1044 4225 partes
1054 4145 1131 4207 illas
1144 4145 1299 4207 duximus
1311 4145 1554 4219 destinandum,
1569 4161 1729 4208 concessa

88 4243 187 4306 hibus
211 4242 461 4316 Ebredunensi,
491 4244 650 4321 Aquensi,
680 4243 877 4317 Arelatensi,
934 4243 997 4304 sihi
1025 4242 1231 4321 plenitudine
1259 4243 1520 4319 potestatium,
1547 4242 1730 4306 secundum

6 4336 8 4347 '
87 4341 278 4414 Viennensi,
297 4339 509 4403 Narbonensi
527 4340 561 4403 et
581 4341 813 4415 Auxitanensi,
829 4356 882 4404 ar·
934 4340 1045 4402 datam
1066 4339 1130 4401 sibi
1151 4354 1171 4401 a
1192 4341 1260 4401 Deo
1283 4340 1504 4417 prudentiam,
1525 4341 1675 4404 destruat
1697 4342 1732 4404 et

90 4438 325 4517 ohiepiscopis3
363 4437 569 4509 Mimatensi,
603 4438 878 4511 Claromontensi,
936 4437 1057 4500 evellat
1070 4452 1144 4514 quae
1159 4436 1358 4499 destruenda
1371 4436 1404 4500 et
1417 4437 1590 4500 evellenda
1604 4454 1731 4515 cogno-

6 4590 7 4603 ,
89 4536 267 4608 iniciensi,
285 4534 527 4607 lemovicensi,
548 4535 767 4609 Ruthenensi,
783 4534 880 4597 Albi-
934 4534 1031 4607 verit,
1045 4550 1119 4612 quae
1135 4549 1215 4597 vero
1237 4534 1431 4596 aediilcanda
1445 4534 1565 4598 viderit
1584 4535 1616 4596 et
1634 4535 1734 4611 plan-

6 4616 8 4641 ³
90 4633 190 4707 gensi,
205 4631 413 4704 caturcensi,
440 4632 706 4708 Petragoricensi
725 4634 758 4695 et
771 4635 883 4709 Agen-
935 4632 1035 4694 tanda
1058 4630 1199 4693 aedificet
1219 4632 1317 4707 atque
1336 4630 1472 4707 plantet.
1494 4630 1636 4708 Ideoque
1650 4631 1732 4691 uni-

6 4774 8 4791 .
91 4730 191 4803 neum,
221 4729 410 4808 episcopis;
436 4728 565 4790 dilectis
591 4728 671 4790 filiis
694 4729 880 4804 abbatibus,
936 4727 1128 4791 versitatem
1152 4727 1298 4790 vestram
1324 4728 1472 4803 rogando
1499 4742 1670 4788 monemus
1698 4728 1733 4790 et

6 5250 7 5281 2
93 5212 287 5277 dioecesibus
300 5215 499 5287 constitutis,
516 5215 668 5289 salutem,
683 5217 744 5279 eto.

6 4860 7 4863 =
92 4827 263 4901 prioribus,
284 4825 431 4898 decanis,
452 4825 651 4903 praepositis,
673 4826 884 4889 archidiaco-
937 4825 1154 4888 exhortamur
1173 4824 1340 4896 attentius,
1358 4839 1417 4901 per
1435 4823 1618 4902 apostolica
1635 4823 1731 4886 vobis

6 4986 7 4989 ,
92 4922 150 4995 nis,
163 4922 475 5001 archipresbyteris,
495 4923 528 4985 et
542 4923 796 4986 universisaliis
814 4925 883 4987 tam
938 4923 1060 5000 scripta
1099 4921 1238 4983 firmiter
1275 4920 1498 4998 praecipiendo
1536 4921 1734 4984 mandantes

6 5016 7 5089 ξ
93 5020 217 5084 clericis
230 5036 332 5099 quam
349 5020 446 5082 laicis
458 5020 495 5081 in
509 5020 742 5097 praedictorum
757 5022 885 5084 archie·
938 5020 1101 5100 quatenus
1124 5019 1232 5096 ipsum
1256 5018 1342 5080 sicut
1354 5018 1551 5096 apostolica
1567 5020 1662 5082 Sedis
1682 5019 1735 5081 le·

6 5134 7 5175 1
94 5116 299 5196 piscoporum
320 5119 354 5179 et
383 5117 614 5194 episcoporum
642 5118 824 5195 provinciis
852 5120 885 5183 et
938 5121 1067 5196 gatum,
1089 5116 1157 5178 imo
1179 5116 1293 5179 verius
1314 5131 1375 5178 nos
1396 5116 1432 5178 in
1459 5116 1544 5193 ipso,
1563 5116 1735 5179 studentes

6 5196 8 5217 ι
939 5216 1055 5283 devote
1076 5214 1225 5291 recipere
1250 5230 1290 5276 ac
1312 5213 1494 5276 honorifice
1517 5214 1733 5293 pertractare,

6 5308 7 5391 j
129 5312 232 5374 Multo
247 5312 369 5374 sudore
390 5310 576 5374 laboratum
589 5315 639 5375 est
665 5312 700 5379 et
711 5314 814 5376 multo
829 5315 884 5376 la·
940 5311 1068 5388 sibique
1083 5309 1225 5372 fideliter
1242 5309 1446 5382 assistentes,
1461 5309 1566 5387 ipsius
1587 5308 1734 5370 salubria

6 5406 7 5439 f
93 5404 169 5469 bore
196 5407 363 5481 sudatum,
387 5410 422 5471 ut
446 5409 537 5473 terra
565 5410 761 5485 Provinciae,
788 5411 885 5474 hellis
939 5408 1106 5479 mandata,
1123 5407 1249 5468 monita
1262 5407 1296 5469 et
1309 5406 1431 5468 statuta
1444 5405 1612 5482 recipiatis
1623 5404 1738 5465 humi-

6 5650 7 5659 χ
129 5589 167 5665 ti)
188 5592 252 5664 leo.
268 5592 466 5666 cornugalliae.

977 5593 987 5615 ·
1001 5594 1199 5650 morannum.
