3946 6196
228 318 289 379 llo
848 316 1024 381 HONORU
1046 317 1261 383 Inerant.

1820 332 1880 395 ald

228 480 271 542 tae
286 478 322 541 in
337 478 521 553 cellamno,
538 494 622 557 quas
637 477 744 543 tenuit
756 478 863 542 Maria
876 477 917 540 de
931 480 1027 541 Tras·
1083 478 1222 557 proinde
1242 458 1330 543 iacta
1344 484 1405 555 est,
1422 486 1530 545 rotam
1544 484 1716 561 babentes,
1728 489 1882 554 auctori-

228 578 362 651 mundo,
377 578 503 656 siquas
518 575 1024 653 tenuitetresignavitdominus
1079 578 1146 640 tate
1167 577 1357 659 apostolica
1375 580 1622 655 confirmamus,
1646 587 1681 647 et
1703 590 1883 664 praesentis

229 674 444 751 Sigiuulpbus
481 675 516 736 ln
545 675 661 736 eodem
692 674 778 737 loco
811 677 881 736 Hoc
913 678 1023 737 tamen
1078 675 1193 752 scripti
1207 677 1394 754 patrocinio
1414 682 1669 743 communimus.
1686 684 1781 745 Nulli
1802 701 1881 763 ergo

228 772 320 832 salvo
336 769 365 830 si
386 770 544 832 alienatio
566 770 679 848 aliqua
699 770 790 831 utilis
815 770 888 832 deri
914 772 1024 848 posset
1078 773 1212 835 omnino
1227 774 1397 837 homiuum
1411 777 1511 838 liceat
1526 778 1613 841 banc
1627 780 1787 857 paginam
1803 800 1883 845 nos*

227 884 271 929 ex
285 867 333 930 eis
345 867 386 928 ad
400 866 607 930 commodum
620 868 725 945 ipsius
738 868 888 930 ecclesiae
906 868 1022 946 quaesi

226 964 327 1027 suerit
342 964 493 1026 iacienda
508 981 551 1027 ex
561 965 625 1037 bis,
642 965 694 1026 vel
706 964 831 1026 dealiis
845 966 1024 1042 praenomi-

225 1063 313 1123 natis
329 1057 606 1140 possessionibus,
626 1062 682 1125 liet
701 1062 742 1123 de
761 1064 928 1124 communi
943 1079 1024 1125 con-

226 1159 302 1223 silio
328 1160 361 1222 et
375 1157 556 1221 voluntate
580 1159 627 1221 nd
644 1159 835 1236 hujusmodi
856 1160 1021 1222 coustitu-

224 1252 327 1319 tionis
340 1256 540 1318 evidentiam
549 1257 730 1334 praesentes
740 1257 868 1320 litteras
883 1256 1022 1319 lecimus

225 1354 310 1425 lieri,
322 1371 380 1416 eas
395 1354 581 1431 sigillorum
598 1356 788 1416 nostrorum
804 1355 1023 1433 impressione

225 1452 408 1529 signantes
429 1450 563 1512 »Nulli
592 1468 671 1528 ergo
695 1453 830 1514 omnino
850 1452 1021 1515 hominum

223 1550 324 1612 liceat
338 1549 425 1611 hanc
442 1548 599 1626 paginam
619 1551 741 1611 nostrae
760 1550 1021 1613 confirmationis

223 1648 417 1725 infringere,
434 1647 487 1709 uel
502 1647 534 1709 ei
549 1663 634 1708 ausu
648 1648 826 1709 temerario
841 1648 1019 1710 contraire.

225 1746 261 1808 si
277 1746 355 1824 quis
369 1746 481 1807 autem
498 1740 562 1806 hoc
580 1744 744 1806 attentare
759 1747 1018 1822 praesumpserit,

222 1842 485 1920 indignationem
494 1842 729 1919 omnipotentis
738 1842 797 1904 Dei
806 1844 839 1905 et
848 1841 1020 1905 beatorum

223 1939 312 2002 Petri
327 1945 361 2001 et
383 1939 479 2000 Pauli
498 1938 730 2016 Apostolorum
746 1942 819 2016 ejus
834 1954 869 2000 se
879 1940 1021 2025 'noverit

221 2037 446 2099 incursurum.

264 2136 383 2195 Datum
402 2132 574 2209 anagnia,
590 2134 666 2194 xlv
680 2131 867 2212 Kaijunii,
885 2135 1021 2213 pontill-

221 2232 315 2293 catus
329 2229 435 2293 nostri
449 2246 538 2292 anno
552 2230 671 2308 primo.

510 2433 728 2522 dccxxvi

250 2599 302 2658 Ad
313 2595 468 2658 anatem
483 2591 517 2658 et
530 2594 735 2657 concentum
751 2590 984 2658 Costrterucm.

511 2726 547 2784 ab
558 2726 627 2784 mail
641 2724 721 2784 lati.

294 2842 419 2906 [Gallula.
430 2840 542 2893 Historia
551 2840 661 2892 abbatia
671 2840 824 2901 Cumanus,
835 2854 862 2907 p.
873 2840 941 2907 m]

218 2950 341 3009 abbatii
361 2956 390 3007 et
405 2949 558 3006 conventui
577 2948 781 3007 casinensibus
801 2948 904 3021 quibus
924 2951 1014 3006 Bene·

254 3039 356 3107 dictus,
378 3038 419 3095 tlt.
443 3038 471 3095 S.
489 3038 627 3093 susanne
643 3034 737 3110 presb.
753 3036 916 3103 cardinalis,
934 3038 1014 3110 lega·-

254 3127 340 3185 tionis
360 3139 497 3187 exercens
517 3122 643 3181 cilicium
663 3125 692 3181 in
711 3123 839 3197 partibus
857 3126 1014 3196 Romania,

253 3214 457 3272 monesterium
465 3215 494 3271 S.
504 3212 600 3270 blarie
608 3212 644 3270 de
656 3212 776 3286 Virgioti
784 3220 863 3271 extra
871 3214 1015 3272 civitatem

253 3301 608 3374 constaminopolitanam,
628 3299 700 3357 inira
717 3299 774 3357 duo
793 3302 913 3359 millario
929 3303 1015 3360 situm

254 3397 446 3458 concesserit,
458 3390 496 3446 ita
510 3395 605 3445 tamen
617 3387 692 3462 quod
703 3388 1016 3449 monacbiGraecicom·

252 3486 398 3538 morantes
426 3477 530 3536 ibidem
555 3477 622 3535 iude
645 3478 807 3536 nullatenus
826 3474 1013 3553 expellantur.

252 3570 334 3628 lianc
346 3567 562 3626 concessionem
574 3565 735 3624 conflrmat.

255 3703 422 3768 Honorius
433 3703 618 3780 episcopus,
628 3718 745 3764 servus
757 3717 931 3766 servorum
939 3704 1012 3777 uei,

216 3803 347 3866 dilectis
365 3800 443 3862 tiliis
457 3799 568 3863 abbati
583 3800 617 3862 et
628 3802 807 3864 conventui
824 3802 1011 3876 casinensi,

1077 871 1138 931 trae
1156 872 1418 934 confirmationis
1441 874 1637 952 intringere,
1663 879 1718 939 rel
1739 879 1774 941 ei
1794 896 1880 943 ausu

1076 968 1254 1030 temerario
1269 970 1449 1032 contraire.
1468 972 1503 1033 Si
1517 974 1592 1050 quis
1607 976 1720 1037 autem
1745 977 1813 1038 boc
1827 982 1880 1040 at*

1076 1064 1206 1127 tentare
1222 1069 1481 1145 praesumpserit,
1507 1070 1773 1148 indignationem
1801 1090 1878 1135 om·

1077 1162 1256 1239 uipotentis
1276 1166 1347 1237 Dei,
1372 1167 1406 1228 et
1419 1166 1591 1229 beatorum
1607 1170 1700 1231 Petri
1722 1172 1757 1232 et
1781 1174 1881 1234 Pauli

1076 1261 1309 1336 Apostolorum
1337 1266 1411 1340 ejus
1433 1280 1470 1325 se
1493 1266 1624 1328 noveni
1647 1266 1879 1331 incursurum.

1077 1359 1195 1419 Datum
1205 1360 1365 1436 anagniae
1377 1363 1454 1423 XIII
1464 1361 1532 1425 kal.
1542 1363 1643 1440 junii,
1660 1365 1881 1442 pontificatus

1076 1455 1182 1518 nostri
1196 1472 1285 1520 anno
1299 1458 1418 1535 primo.

1354 1637 1595 1735 dccxxvii

1074 1778 1127 1837 Ad
1144 1779 1342 1854 veglensem
1357 1780 1392 1842 et
1406 1784 1675 1856 Troouricnsem
1684 1785 1875 1858 epmopos.

1368 1909 1404 1968 26
1418 1911 1486 1968 maii
1500 1902 1579 1971 tali.

1075 2010 1205 2086 [Theium.
1218 2021 1310 2073 Vetera
1325 2025 1491 2075 llonumaota
1507 2024 1641 2075 slavorum
1655 2026 1878 2088 meridionalem,

1352 2108 1372 2153 t.
1388 2104 1407 2162 l,
1421 2120 1447 2169 p.
1462 2104 1502 2163 70,
1516 2118 1542 2154 u.
1553 2104 1605 2167 78].

1095 2207 1361 2281 blandatjudicibus
1370 2218 1401 2268 ut
1409 2213 1576 2285 episcopum
1586 2212 1754 2271 Nouensem
1766 2214 1804 2272 ad
1816 2231 1848 2274 sc

1073 2299 1238 2371 conspectui
1254 2298 1420 2372 Apostolico
1438 2299 1669 2373 presentandum
1690 2304 1876 2377 compellant.

1111 2434 1278 2496 Honorius
1287 2435 1476 2512 episcopus,
1488 2451 1604 2498 servus
1617 2452 1794 2499 serrorum
1801 2440 1875 2512 liei,

1071 2530 1318 2593 venerabilibus
1332 2531 1503 2603 uatribus,
1520 2533 1677 2609 veglensi
1692 2536 1726 2597 et
1740 2537 1877 2612 Tragu-

1071 2627 1175 2689 rlensi
1199 2629 1375 2707 episcopis,
1397 2629 1586 2694 salutemet
1608 2630 1876 2695 benedictionem

1070 2725 1306 2803 apostolicam.

1111 2824 1257 2886 Dilectus
1281 2824 1371 2885 ilius
1401 2824 1443 2887 it.
1471 2824 1707 2899 subdiaconus,
1735 2829 1877 2891 canoni-

1071 2936 1130 2982 cus
1150 2921 1380 2998 spellatensis,
1401 2923 1488 2998 apud
1510 2922 1627 2984 Sedem
1647 2925 1875 3001 apostolicam

1071 3019 1283 3091 constitutus,
1318 3034 1430 3080 coram
1458 3019 1579 3081 dilecto
1605 3020 1674 3081 illio
1711 3023 1874 3099 magistro

1071 3119 1109 3177 G.
1124 3117 1298 3194 capellano
1314 3117 1428 3179 nostro
1448 3116 1513 3179 sibi
1534 3133 1554 3179 a
1577 3116 1673 3180 bonae
1697 3122 1872 3191 memoriae

1071 3214 1265 3276 Innocentio
1292 3217 1383 3290 Papa
1412 3213 1657 3291 predecessore
1683 3218 1812 3290 nostro,
1842 3220 1876 3280 et

1070 3311 1278 3388 postmodum
1292 3328 1312 3373 a
1325 3311 1421 3373 nobis
1435 3312 1587 3374 auditore
1602 3328 1772 3386 concesso,
1792 3331 1874 3393 pro-

1070 3409 1190 3486 posuit,
1206 3409 1292 3487 quod
1305 3425 1404 3486 quum
1417 3410 1453 3470 iu
1475 3410 1666 3487 episcopum
1680 3412 1874 3474 Nouensem

1069 3506 1232 3568 canonice
1253 3505 1372 3568 suisset
1393 3505 1531 3579 electus,
1548 3506 1752 3569 venerabilis
1767 3508 1874 3570 nater

1069 3605 1183 3665 nostm
1197 3603 1470 3680 archiepiscopus
1485 3603 1692 3680 spalatensis
1707 3607 1745 3666 G.
1762 3605 1874 3667 archi·

1069 3701 1296 3779 presbyterum
1323 3701 1564 3778 Spalatensem,
1591 3717 1658 3764 uon
1683 3702 1828 3764 electum
1851 3719 1873 3764 a

1068 3799 1170 3872 clero,
1186 3799 1240 3861 vel
1261 3815 1281 3861 a
1296 3799 1418 3877 populo
1442 3799 1643 3876 expeditum,
1660 3816 1720 3877 pro
1734 3815 1798 3862 sua
1811 3816 1874 3863 ro-

216 3900 358 3963 salutem
369 3901 403 3961 et
412 3898 634 3975 apostolicam
650 3897 926 3961 benedictionem.
1068 3897 1195 3959 luntate
1210 3897 1245 3957 in
1260 3897 1403 3975 quadam
1417 3897 1500 3959 uilla
1525 3897 1633 3958 rurali
1656 3900 1874 3976 presumpsit

255 4002 360 4071 Quum
375 4013 395 4059 a
410 3996 504 4058 nobis
520 3997 643 4073 petitur
657 3995 743 4074 quod
757 3998 884 4074 justum
900 3998 960 4070 est,
981 3998 1014 4061 et
1067 3993 1103 4054 in
1116 3994 1306 4071 episcopum
1321 3993 1646 4070 pradictaeecclesiae
1657 4009 1871 4067 consecrare,

213 4095 401 4166 honestum,
420 4096 488 4155 tam
509 4093 605 4170 vigor
616 4094 794 4169 aequitatis,
815 4110 914 4171 quam
929 4095 1013 4157 ordo
1068 4093 1100 4152 et
1117 4091 1277 4154 licettaro
1298 4092 1508 4153 consecranti
1523 4107 1623 4169 quam
1637 4094 1872 4155 consecratos
1953 4130 1954 4151 r

214 4193 320 4269 exigit
335 4191 488 4261 rationis,
506 4191 542 4251 ut
558 4189 591 4250 id
607 4204 667 4266 per
687 4189 945 4252 sollicitudinem
962 4191 1014 4253 oi·
1067 4188 1225 4266 praedicto
1251 4186 1496 4264 praedecessore
1511 4188 1636 4257 nostro,
1657 4187 1746 4249 sicut
1764 4204 1870 4250 acce·
1952 4220 1953 4259 ,

214 4289 282 4351 ilcii
297 4287 404 4349 nostri
419 4286 460 4348 ad
474 4284 620 4347 debitum
633 4285 1010 4363 producatureffectum.
1067 4283 1187 4362 pimus,
1213 4284 1404 4347 mandatum
1420 4284 1530 4356 luerit,
1548 4288 1584 4346 ut
1598 4286 1735 4361 propter
1754 4285 1820 4347 lioc
1835 4303 1873 4348 se
1951 4306 1952 4309 ¹

215 4388 295 4447 Cum
308 4384 410 4460 igitur
420 4383 515 4445 bonae
528 4382 696 4444 memoriae
711 4384 910 4447 Benedictus
924 4386 1013 4448 tituli
1067 4382 1249 4460 apostolico
1256 4384 1449 4460 conspectui
1456 4382 1782 4459 temporegeueralis
1789 4386 1873 4445 Con·

215 4486 248 4545 S.
277 4485 437 4544 Susanna
466 4478 638 4557 presbyter
657 4479 851 4553 cardinalis,
871 4482 1014 4558 legatio-
1066 4480 1136 4541 cilii
1147 4483 1375 4556 praesentaret,
1391 4480 1550 4557 vobisque
1563 4479 1757 4541 mandatum
1770 4481 1872 4543 inerit
1949 4482 1950 4485 ’

213 4580 267 4644 nis
281 4595 443 4642 exercens
455 4577 599 4640 osticium
612 4577 648 4639 in
661 4576 811 4654 partibus
826 4581 1010 4654 Romaniae,
1067 4577 1242 4650 abeodem,
1250 4576 1697 4656 utsuperdictiN.electione
1705 4577 1872 4656 inquisita

213 4676 452 4742 monasterium
477 4678 509 4736 S.
536 4675 653 4737 Mariae
681 4675 722 4737 de
749 4676 892 4753 Virgioii
916 4679 1012 4740 extra
1067 4675 1259 4753 diligentius
1275 4676 1427 4749 veritate,
1442 4675 1751 4752 quodinreneritis,
1765 4676 1873 4738 tideli-

213 4777 383 4840 civitatem
407 4772 808 4850 constantinopolitanam
830 4774 918 4837 inira
945 4776 1011 4838 duo
1065 4775 1117 4836 ter
1126 4772 1384 4850 relocatis3quia
1394 4773 1544 4851 praedicti
1553 4771 1873 4850 archiepiscopuset

213 4874 372 4937 milliaria
392 4873 503 4944 situm,
520 4888 594 4934 cum
615 4871 781 4934 universis
801 4873 1011 4950 pertinentiis
1066 4871 1242 4948 episcopus
1263 4873 1413 4948 tempore
1434 4869 1602 4947 generalis
1619 4870 1763 4932 Concilii
1781 4872 1871 4949 apud

214 4973 284 5034 suis
301 4969 485 5033 rationibus
509 4972 543 5030 et
563 4969 833 5047 proprietatibus,
859 4972 1011 5033 auctori-
1067 4969 1412 5047 sedomapostotioam
1423 4968 1597 5030 constituti
1606 4967 1647 5028 de
1656 4968 1712 5040 iis,
1724 4985 1789 5046 pro
1799 4971 1871 5048 qui·

213 5073 282 5134 tate
307 5067 484 5144 legationis
506 5067 665 5144 ejusdem,
688 5067 795 5141 vobis,
812 5068 844 5130 et
868 5084 927 5146 per
952 5085 1011 5131 ros
1065 5066 1126 5128 bus
1148 5066 1339 5144 specialiter
1359 5067 1470 5128 vocati
1494 5066 1636 5138 norant,
1660 5080 1728 5127 non
1751 5067 1873 5131 habita

213 5164 417 5231 monasterio
440 5165 643 5227 concesserit
661 5165 855 5241 casinensi3
884 5167 931 5228 ita
958 5171 1012 5228 ta·
1065 5165 1233 5227 mentione
1264 5164 1422 5226 recedere
1450 5167 1747 5242 praesumpserant,
1779 5165 1871 5228 idem

213 5280 301 5338 men,
333 5261 419 5342 quod
453 5262 606 5324 monachi
637 5262 738 5339 graeci
769 5265 1011 5326 commorantes
1066 5278 1161 5323 suam
1189 5262 1335 5324 nondum
1366 5262 1474 5340 potuit
1496 5261 1662 5339 justitiam
1693 5260 1869 5325 obtinere:

213 5366 336 5429 ibidem
350 5377 410 5440 por
420 5376 480 5421 uos
492 5359 771 5422 iudenullatenus
786 5361 1008 5438 expellantur,
1066 5360 1220 5438 quocirca
1234 5358 1437 5422 fraternitati
1450 5360 1583 5433 vestrae,
1598 5375 1659 5436 per
1672 5361 1871 5437 apostolica

214 5465 301 5524 sicut
323 5461 359 5522 in
383 5458 531 5536 ejusdem
563 5457 754 5520 authentico
780 5460 1011 5536 perspeximus
1065 5459 1188 5536 scripta
1208 5457 1415 5526 mandamus,
1431 5458 1594 5534 quatenus
1609 5456 1697 5518 dicto
1712 5458 1871 5521 Noneusi

214 5559 347 5636 plenius
365 5555 550 5630 contineri,
568 5571 629 5616 nos
644 5556 767 5617 vestris
784 5557 886 5634 Justis
901 5557 1012 5634 preci·
1064 5557 1220 5634 episcopo
1237 5556 1434 5618 auctoritate
1451 5556 1567 5617 nostra
1587 5554 1732 5616 firmiter
1752 5556 1872 5635 injun-

214 5654 277 5713 bus
311 5653 463 5715 inclinati
499 5653 747 5717 concessionem
783 5653 888 5731 ipsam
925 5655 1012 5720 sicut
1064 5654 1164 5731 gatis,
1180 5654 1363 5718 utinfesto
1380 5653 1487 5717 sancti
1499 5654 1598 5716 Lucae
1612 5653 1771 5731 proximo
1786 5672 1872 5718 ven-
