3958 6204
130 306 189 373 iii
302 303 419 367 XXXI.
437 328 479 349 ·-·
502 303 547 365 IN
569 304 700 366 Fusio
722 302 1029 367 CONFESSORUM
1052 303 1296 373 SUMMORUM
1320 303 1589 367 PONTIFICUM.
1711 307 1772 371 358

126 467 292 552 justornm,
322 462 547 526 damnationis
574 462 607 525 θῖ
632 460 825 539 ignominiae
853 461 946 543 ini-N
976 464 1068 525 cium
1086 464 1198 526 laudis
1221 464 1458 536 honorificabit
1471 478 1537 525 erec.
1563 463 1638 525 Non
1654 464 1773 541 quaerit

127 579 267 643 guorion,
299 561 486 623 dulcedinis
521 561 555 624 et
582 561 708 622 amoris
739 560 919 637 justorum.
977 561 1136 621 Dominus
1146 561 1306 622 animalia
1322 561 1380 621 illa
1397 578 1469 639 quae
1489 560 1715 623 offerebantur
1729 562 1771 623 ad

129 659 487 724 Remuneraturantem
502 658 635 737 justitia
649 659 760 734 operis
775 661 809 720 θῖ
824 659 923 735 puri·
945 672 946 675 ¹
977 673 1054 717 aras
1069 658 1258 734 aliquando.
1283 659 1338 719 Nil
1361 659 1427 719 tale
1454 658 1587 719 offeras.
1606 661 1643 718 ln
1664 660 1697 720 te
1723 660 1774 722 cst

128 761 175 823 tas
187 756 304 819 cordis.
977 754 1063 831 quod
1077 755 1197 816 reddas
1213 758 1246 817 et
1260 755 1392 817 offeras.
1414 758 1461 817 De
1484 757 1596 817 cordis
1615 771 1674 817 ara
1690 770 1772 832 pro-

164 854 285 917 Redaat
313 852 456 932 quisque
478 852 521 915 ad
546 853 785 915 conscientiam
810 868 916 914 suam.
976 851 1774 917 ferslaudisincensum.becellariobonaecons-

127 953 196 1023 sed,
210 967 299 1013 ovos
311 953 516 1029 peccatores,
529 952 634 1013 redite
644 951 686 1011 ad
701 967 778 1026 cor;
792 951 940 1028 quaerat·
976 949 1107 1011 cientiee
1122 949 1251 1027 profers
1274 951 1352 1012 fidei
1370 951 1581 1013 sacrificium.
1608 952 1773 1030 Quidquid

128 1048 347 1127 unnsquisque
362 1048 509 1110 latebras
530 1048 768 1125 cogitationum
784 1064 920 1109 suarum
976 1047 1125 1123 profers,
1150 1049 1296 1109 accende
1324 1048 1539 1121 charitatem,
1565 1065 1640 1111 ama
1669 1052 1773 1111 Deum

127 1148 282 1209 etseriem
300 1146 465 1209 factorum
482 1162 631 1220 suorum,
653 1162 721 1208 non
734 1147 815 1225 quid
833 1147 921 1208 sitsi
975 1145 1079 1216 tuum,
1097 1161 1194 1207 nemo
1209 1146 1269 1207 tibi
1283 1146 1346 1207 boc
1360 1146 1470 1223 eripit,
1483 1147 1562 1224 quia
1575 1148 1612 1208 tu
1622 1146 1705 1209 illud
1721 1162 1768 1220 es,

121 1248 186 1324 jam
196 1244 319 1322 aliquid
328 1248 390 1317 est,
402 1244 459 1306 sed
471 1245 528 1323 qui
536 1244 637 1307 fuerit
643 1246 775 1307 utesset
781 1245 918 1323 aliquid,
976 1259 1073 1303 nemo
1086 1242 1206 1317 anseri,
1224 1244 1302 1321 quia
1316 1243 1407 1305 cordi
1421 1243 1587 1305 inclusum
1599 1244 1659 1307 est

126 1345 156 1405 et
164 1343 310 1404 inveniet
323 1358 391 1405 non
409 1358 445 1404 se
459 1341 597 1419 dignum
609 1342 675 1403 nisi
688 1342 862 1420 supplicio.
880 1343 918 1403 Si
1013 1340 1064 1402 Ad
1076 1341 1165 1403 bunc
1187 1340 1321 1403 modum
1336 1340 1455 1417 vigilat
1468 1341 1500 1404 et
1520 1341 1662 1418 vigilare
1676 1340 1774 1404 debet

126 1456 197 1517 ergo
222 1440 387 1517 supplicio
409 1440 529 1517 dignus
552 1438 645 1503 fuisti
668 1440 702 1503 θῖ
727 1440 920 1502 misericors
975 1435 1086 1505 bomo,
1115 1437 1261 1498 maxime
1289 1437 1479 1499 sacerdotes
1505 1438 1538 1500 et
1565 1438 1691 1513 clerici,
1717 1439 1774 1515 qui

125 1538 203 1598 beus
214 1552 282 1598 non
294 1537 426 1615 punivit
433 1536 616 1615 peccatum,
629 1537 686 1598 sed
698 1537 835 1599 donavit
844 1552 920 1613 gra·
975 1534 1060 1595 alios
1073 1533 1135 1595 sub
1148 1550 1185 1596 se
1202 1535 1335 1597 liabent.
1350 1538 1429 1608 Quae
1443 1534 1532 1597 enim
1546 1538 1656 1613 major
1669 1537 1774 1597 mise-

126 1635 209 1707 tiam
218 1633 329 1710 gratia
337 1634 399 1696 tibi
409 1634 555 1706 dataest,
567 1649 769 1696 nonmerces
777 1633 918 1695 reddita.
975 1630 1121 1692 ricordia
1142 1632 1200 1693 aut
1220 1632 1340 1709 pietas,
1356 1648 1456 1708 quam
1470 1633 1601 1694 animas
1620 1634 1772 1694 morien-

126 1732 211 1793 Unde
226 1733 372 1793 vocatur
390 1732 511 1808 gratia,
524 1731 603 1810 quia
615 1731 721 1808 gratis
734 1731 823 1794 data.
843 1732 919 1793 Non
974 1727 1058 1788 tium
1085 1728 1292 1790 subditorum
1324 1729 1519 1798 vivificare,
1549 1730 1701 1791 errantes
1731 1730 1774 1791 ad

123 1829 205 1890 enim
215 1827 485 1905 praecedentibus
493 1828 622 1891 meritis
631 1827 743 1889 emisti
755 1828 842 1906 quod
856 1844 918 1890 ac·
974 1824 1064 1885 viam
1076 1825 1215 1904 justitiae
1227 1825 1398 1897 reducere,
1412 1825 1536 1888 fractos
1549 1827 1770 1899 consolidare,

125 1926 242 2003 cepisti,
270 1925 333 1987 aad
356 1940 417 2004 per
439 1925 619 1987 indebitam
644 1925 786 2003 gratiam
813 1924 919 1987 bonus
975 1922 1110 1984 moestos
1125 1924 1158 1984 et
1181 1939 1346 2001 pauperes
1370 1923 1555 1985 consolaris
1583 1923 1771 1986 Sacerdotis

124 2024 202 2085 beus
210 2022 273 2085 tibi
285 2022 424 2085 donavit
438 2024 494 2099 qui
509 2023 596 2084 dona
608 2039 669 2083 sua
681 2022 717 2083 in
726 2024 760 2085 te
773 2038 919 2085 corona-
974 2017 1122 2080 officium
1137 2021 1188 2082 est
1201 2021 1346 2082 hostiam
1359 2020 1482 2083 offerre
1497 2024 1576 2090 Deo,
1592 2021 1774 2082 secundum

124 2122 174 2183 vit
187 2121 336 2182 Coronat
350 2120 442 2181 enim
464 2123 551 2181 Deus
565 2120 601 2182 in
613 2119 710 2182 nobis
723 2120 809 2182 dona
823 2121 921 2181 mise-
974 2113 1114 2177 verbum
1128 2117 1278 2192 Apostoli
1293 2116 1435 2177 dicentis
1451 2137 1459 2176 ε
1477 2118 1595 2178 Omnis
1610 2118 1773 2191 pontifex

123 2218 270 2280 ricordiae
288 2233 372 2289 sua,
391 2217 419 2277 si
438 2217 600 2279 tamenin
618 2218 727 2293 gratia
744 2233 843 2294 quam
862 2234 921 2278 ac-
975 2226 1021 2273 ca
1034 2216 1227 2274 demiratbus
1237 2214 1437 2288 assumptus
1448 2213 1672 2274 constituitur
1683 2217 1774 2275 tuiis

18 2396 19 2399 Ἴ
121 2316 287 2392 cepimus,
333 2315 588 2392 perseveranter
624 2314 918 2377 ambulaverimus.
974 2324 1051 2384 quta
1061 2310 1200 2371 cuulad
1216 2314 1327 2372 Deum
1346 2310 1384 2372 ut
1403 2311 1529 2385 offerat
1548 2311 1722 2382 sacrificio
1739 2311 1775 2371 ei

124 2414 207 2475 Unde
226 2412 434 2489 Apostolus:
456 2412 580 2474 &afta
595 2415 660 2474 Det
682 2416 719 2474 tu
734 2428 790 2475 me
808 2428 920 2475 vacua
975 2407 1159 2468 oblationes
1174 2405 1289 2485 (Hebr.
1305 2424 1339 2480 v,
1353 2406 1397 2487 l).
1422 2406 1611 2469 Sacerdotis
1626 2407 1773 2469 officium

122 2526 184 2572 oon
198 2512 267 2584 [ῖιῖῖ
292 2507 323 2589 (Ι
346 2511 420 2571 Gor.
436 2526 492 2581 xv,
517 2507 580 2586 10).
599 2510 705 2570 Nemo
723 2511 813 2571 enim
837 2510 919 2571 mit·
974 2503 1025 2563 ast
1038 2505 1142 2563 Deum
1153 2503 1299 2579 quotidie
1315 2520 1375 2581 pro
1390 2504 1512 2581 populo
1521 2503 1584 2564 sibi
1595 2504 1772 2565 commisso

122 2608 186 2669 tens
199 2621 342 2668 manum
356 2605 398 2667 ad
413 2607 561 2667 aratrum
576 2607 609 2668 et
626 2606 810 2683 respiciens
829 2608 918 2668 retro
975 2613 1126 2671 exorare,
1144 2601 1419 2678 secundumquod
1442 2601 1588 2677 legitur:
1610 2604 1771 2663 ‹Exora-

122 2706 208 2781 eptus
232 2705 291 2766 θεῖ
314 2719 420 2780 regno
438 2703 509 2777 Dei,
535 2703 592 2764 sed
619 2703 676 2780 qui
696 2703 917 2781 posteriorum
974 2693 1022 2756 vit
1035 2695 1252 2768 altissimum,
1279 2698 1311 2759 et
1334 2698 1489 2758 inventus
1513 2696 1612 2759 estin
1631 2713 1771 2758 numero

122 2799 233 2863 oblitus
248 2802 291 2862 in
303 2800 472 2862 anteriora
484 2817 521 2861 se
532 2800 686 2874 ostendit,
702 2801 736 2863 et
747 2802 803 2879 qui
815 2802 918 2864 multa
974 2796 1209 2854 sanctorum.»
1230 2794 1418 2856 Sacerdotis
1442 2793 1589 2856 officium
1609 2799 1660 2856 est
1673 2795 1771 2872 jndi-

18 2918 19 2967 1
122 2898 192 2960 fecit
204 2899 305 2959 nulla
320 2897 440 2959 iecisse
455 2897 518 2959 sibi
533 2898 696 2971 videatur,
714 2899 747 2960 et
760 2914 797 2960 εθ
812 2900 917 2960 inuii—
974 2904 1052 2952 care
1063 2891 1151 2952 inter
1165 2891 1293 2968 lepram
1308 2892 1341 2953 ei
1359 2892 1497 2970 lepram,
1512 2894 1545 2954 ei
1563 2892 1652 2953 inter
1672 2907 1773 2953 sani>-

18 3060 20 3065 ,
120 2992 178 3057 lem
192 3010 334 3059 servum
347 2995 480 3072 reputet
491 2994 673 3057 secundum
682 2996 766 3056 illud
781 3013 789 3051 :
804 3013 823 3056 a
838 2998 918 3057 Cum
973 2987 1043 3049 tum
1058 2990 1091 3050 et
1104 2989 1325 3067 prophanum.
1342 2989 1436 3051 Unde
1450 2989 1575 3050 dictum
1594 2991 1646 3051 est
1659 2988 1773 3066 lepro-

18 3152 19 3163 ,
120 3094 221 3155 omnia
252 3092 498 3155 benefeceritis
521 3092 633 3161 dicite,
661 3094 751 3154 servi
781 3093 918 3156 inutiles
975 3086 1044 3146 sis:
1067 3088 1120 3148 lic
1140 3088 1307 3149 ostendite
1330 3103 1391 3148 vos
1415 3087 1650 3149 sacerdotibus
1676 3086 1770 3166 (Luc.

18 3172 20 3217 ³
119 3190 342 3269 snmus,qmod
353 3188 526 3251 debuimus
539 3189 649 3252 facere
664 3206 725 3252 nos
739 3190 919 3253 fecimus.»
973 3198 1057 3254 xvu,
1077 3182 1141 3262 14).
1165 3184 1353 3246 Sacerdotis
1368 3183 1515 3245 cilicium
1530 3184 1581 3245 est
1601 3184 1771 3246 discordes

123 3286 206 3365 [an.
226 3304 318 3360 uu,
349 3286 415 3367 10.)
434 3288 509 3348 Non
534 3289 624 3349 anim
649 3291 726 3350 sunt
745 3288 919 3364 condignas
974 3278 1016 3341 ad
1032 3281 1243 3343 concordiam
1260 3281 1490 3350 reconciliare,
1508 3282 1665 3360 quoniam
1682 3281 1770 3344 dici-

121 3386 287 3461 passiones
310 3384 415 3462 hujus
436 3385 596 3462 temporis
616 3385 659 3446 ad
680 3384 825 3447 futuram
845 3387 920 3461 glo-
973 3381 1029 3439 tur
1051 3379 1137 3455 quod
1164 3378 1198 3440 in
1221 3382 1369 3456 tempore
1383 3379 1567 3441 iracundiae
1590 3378 1698 3441 factus
1722 3381 1773 3442 θεῖ

122 3481 208 3543 riam.
228 3484 342 3545 Nemo
361 3480 464 3558 igitur
487 3481 591 3559 jactet
607 3482 727 3544 merita
755 3498 833 3556 sua;
852 3499 918 3544 non
973 3476 1214 3548 reconciliatio,
1230 3477 1264 3538 et
1277 3475 1352 3538 ideo
1372 3477 1463 3537 dedit
1484 3477 1516 3538 ei
1534 3478 1694 3538 Dominus
1709 3476 1772 3537 be·

122 3581 335 3657 supercilium
351 3594 465 3639 sumas
485 3578 526 3640 de
544 3578 748 3656 perfectione
766 3582 835 3653 tua,
861 3581 917 3641 sed
973 3573 1195 3635 nedictionem
1216 3574 1362 3635 omnium
1377 3574 1526 3650 gentium
1546 3575 1580 3635 θῖ
1597 3574 1773 3637 beatifica-

120 3679 234 3751 quanto
257 3678 386 3751 major,
412 3676 506 3748 idest,
532 3675 710 3753 perfectior
737 3693 785 3749 es,
808 3677 921 3738 bumi-
973 3670 1023 3731 vit
1040 3669 1134 3731 illum
1157 3671 1328 3746 ingloria.
1353 3673 1428 3732 lam
1451 3671 1655 3733 beatificavit
1677 3670 1773 3732 illum

120 3772 162 3834 lia
179 3776 211 3837 te
224 3776 262 3837 in
278 3772 457 3847 omnibus;
473 3772 645 3835 humilitas
664 3774 754 3835 enim
775 3775 827 3836 est
841 3790 920 3853 per·
973 3768 1009 3828 in
1024 3769 1147 3839 anima,
1165 3768 1222 3829 sed
1238 3767 1272 3828 in
1287 3767 1399 3829 futuro
1411 3766 1615 3829 beatificabit
1629 3768 1771 3829 illumin

121 3868 266 3934 fectioms
280 3872 435 3933 alumna.
975 3880 1124 3941 corpore.

156 3970 246 4031 Unde
261 3969 306 4031 ad
323 3984 397 4030 eam
408 3983 469 4029 nos
482 3967 672 4045 specialiter
684 3967 839 4030 admonet
848 3972 918 4032 Do·
1015 3961 1127 4023 Sancti
1153 3976 1297 4038 namque
1321 3960 1488 4038 triplicem
1515 3959 1770 4037 glorificationis

122 4065 233 4139 minus,
245 4068 368 4128 dicens
382 4087 390 4126 ε
407 4067 536 4127 Discite
545 4081 569 4126 u
578 4069 723 4140 mapula
732 4067 920 4129 mitiorum
975 4059 1093 4120 stolam
1108 4057 1287 4120 habebunt.
1301 4059 1414 4120 Prima
1428 4064 1480 4120 est
1491 4059 1703 4132 innocentiae,
1716 4075 1772 4121 se-

18 4154 19 4239 }
122 4164 153 4223 af
165 4168 304 4226 numum
320 4165 425 4225 corate
440 4160 570 4241 (Mattb.
592 4178 640 4234 ιι,
661 4161 727 4241 29).
748 4164 788 4225 lit
813 4163 916 4225 item:
973 4154 1221 4232 cundegratiae,
1237 4155 1337 4217 tertia
1359 4171 1439 4217 vero
1453 4156 1581 4232 gloriae.
1601 4159 1648 4217 De
1663 4157 1771 4233 prima

18 4246 19 4301 ἶ
122 4261 366 4324 demutamini
380 4262 443 4321 sub
454 4260 588 4335 potenti
601 4274 709 4321 manu
722 4263 788 4322 Det
803 4259 832 4339 (1
847 4262 916 4323 pet.
974 4253 1061 4314 dicet
1073 4250 1170 4331 pater
1185 4252 1227 4313 ad
1253 4268 1369 4314 servos
1393 4269 1471 4315 suos
1497 4275 1505 4314 :
1522 4254 1596 4316 Cito
1612 4255 1771 4329 proferte

18 4342 20 4371 ³
121 4369 151 4427 v,
165 4358 208 4437 6).
222 4362 321 4421 Hanc
337 4357 479 4434 requirit
493 4373 512 4419 a
526 4357 559 4419 te
581 4359 668 4418 Deus
681 4372 759 4418 cum
778 4357 918 4419 fioribus
972 4351 1096 4412 stolam
1104 4353 1271 4426 prmum,
1288 4350 1321 4413 ei
1336 4352 1468 4413 indulta
1489 4355 1584 4414 illum
1601 4350 1695 4431 (buc.
1712 4367 1768 4424 xv,

18 4450 19 4511 i
122 4452 255 4516 aliarum
271 4455 447 4526 virtutum,
466 4454 555 4522 fidei,
576 4454 660 4531 spei,
682 4454 716 4516 θῖ
730 4454 915 4522 charitatis.
972 4446 1037 4526 22).
1051 4449 1112 4519 Qui
1126 4448 1381 4522 dicitprimam,
1393 4448 1769 4524 Significaiiefwidami

18 4520 20 4597 ἶ
122 4551 151 4612 et
169 4552 376 4629 hujusmodi.
400 4551 443 4612 Hi
457 4554 536 4613 sunt
550 4551 652 4613 flores
670 4553 729 4629 qui
746 4568 916 4629 apparue-
972 4561 1049 4606 nam
1078 4546 1221 4623 primum
1241 4544 1364 4607 dicitur
1383 4547 1418 4606 in
1440 4546 1594 4620 respectu
1617 4544 1766 4604 secundi.

123 4651 193 4710 runt
205 4650 346 4711 interra
361 4650 488 4720 nostra,
500 4649 597 4720 idest,
618 4649 655 4709 in
674 4650 784 4711 mente
797 4648 917 4711 humili
972 4644 1019 4703 De
1033 4644 1132 4704 tertia
1147 4658 1227 4703 vero
1242 4642 1364 4718 legitur
1380 4663 1388 4700 :
1403 4642 1545 4701 Amavit
1558 4655 1639 4700 eiam
1652 4643 1769 4700 Dorici-

123 4746 152 4806 a
163 4745 291 4809 devota.
309 4748 390 4807 Haec
405 4747 482 4807 sunt
495 4744 673 4807 medullata
684 4746 861 4818 sacrificia,
876 4747 917 4808 de
971 4755 1037 4801 uus
1056 4741 1090 4801 et
1103 4739 1243 4801 oruuott
1264 4753 1354 4808 cum,
1371 4738 1494 4798 siolum
1512 4738 1633 4811 flori&
1655 4738 1768 4796 inderet

123 4842 231 4916 qubus
247 4841 420 4920 Propheta
435 4864 442 4902 :
459 4859 478 4902 s
495 4843 675 4905 Medullata
690 4844 856 4905 sacrificia
871 4843 917 4905 of·
971 4851 1050 4898 eum
1066 4833 1181 4914 (tiocli.
1198 4850 1275 4902 xiv,
1290 4832 1335 4910 9).
1348 4836 1428 4893 Haec
1442 4832 1565 4909 triplex
1579 4833 1664 4893 stola
1679 4831 1770 4925 lava·

124 4936 218 5001 feram
233 4940 294 5002 tibi
308 4939 380 5019 (Pa.
397 4940 447 5011 65,
473 4937 537 5017 15).
553 4941 633 5001 ilaec
652 4941 730 5001 sunt
747 4942 915 5016 unguenta
971 4935 1025 4995 tur
1052 4934 1087 4994 in
1103 4932 1226 5010 triplici
1252 4930 1407 5003 lavacro,
1435 4930 1575 5005 scilicet,
1605 4930 1765 5003 fluminis

124 5033 317 5114 inquorum
347 5036 448 5098 odore
473 5052 596 5115 sponsa
617 5053 756 5099 currens
777 5037 917 5100 comita·
971 5030 1116 5092 flaminis
1139 5031 1171 5091 et
1201 5028 1386 5105 sanguinis,
1412 5045 1472 5090 sau
1497 5029 1609 5106 potius
1632 5028 1689 5091 ille
1716 5029 1768 5091 ia-

124 5131 172 5193 tur
182 5149 354 5211 sponsum.
371 5132 466 5195 Unde
477 5134 549 5210 ipsa
561 5134 597 5195 in
613 5134 778 5195 canticis:
793 5139 916 5197 Curre·
970 5130 1068 5191 vatur
1082 5126 1139 5205 qui
1158 5126 1254 5189 stolis
1271 5127 1422 5189 induitur
1438 5128 1474 5188 in
1489 5128 1652 5204 sanguine
1666 5126 1764 5203 rigni,

123 5242 193 5291 mus
226 5233 265 5291 iu
301 5233 445 5293 odorem
479 5231 738 5308 unguentorum
770 5247 916 5294 suorum
970 5228 1048 5305 quia
1072 5225 1181 5287 omnis
1204 5225 1417 5294 innocentia,
1443 5227 1550 5288 omnis
1576 5226 1703 5302 gratia,
1733 5225 1766 5285 et

126 5322 257 5402 (canei,
268 5326 318 5405 3).
332 5330 438 5397 Penes
452 5312 575 5404 teergo
588 5327 692 5389 babes
705 5328 916 5405 quodbomi-
970 5322 1078 5384 omnis
1100 5320 1209 5397 gloria
1237 5322 1288 5383 est
1317 5337 1337 5382 a
1372 5321 1528 5399 passione
1557 5319 1691 5381 Christi.
1723 5312 1767 5384 Ἐῖ

125 5436 181 5485 uus
193 5424 301 5485 vulta
315 5426 352 5486 tc
366 5424 480 5486 offerri
495 5425 675 5487 secundum
690 5425 790 5487 illud:
802 5431 845 5488 Iu
859 5440 914 5489 me
969 5420 1047 5481 nota
1056 5418 1143 5496 quod
1158 5418 1209 5481 est
1220 5419 1357 5495 sanguis
1370 5419 1487 5497 culpae,
1498 5416 1634 5493 sanguis
1645 5432 1763 5494 poenae,

125 5522 208 5591 sunt,
224 5523 516 5596 brimoniacum
530 5524 685 5593 reddam,
700 5526 915 5587 laudationes
969 5517 1002 5579 ct
1023 5517 1160 5593 sanguis
1184 5517 1302 5578 veniae.
1332 5514 1380 5580 De
1397 5517 1505 5595 primo
1534 5515 1697 5590 sanguine
1716 5517 1768 5579 le-

127 5615 180 5676 iidi
190 5616 259 5695 (Ρε.
275 5615 407 5699 55‚12.g)
422 5620 461 5680 Εῖ
474 5618 555 5679 alibi
570 5619 730 5681 Dominus
743 5642 752 5681 z
767 5622 914 5694 Sacrifi-
968 5615 1076 5691 gitur:
1092 5612 1761 5693 scapumsanpumemtetigit(0see1v,
