3946 6196
268 307 327 368 443
597 340 605 359 ,
888 274 1061 341 HONORll
1086 276 1130 335 ΙΙΙ
1152 272 1300 333 OPERA.
1853 272 1908 329 m

563 472 777 570 CCCXLIX
1122 433 1155 495 te
1169 432 1289 510 ipsum,
1301 446 1344 492 ex
1357 427 1537 490 abundanti
1548 429 1657 490 mmen
1675 426 1910 504 prouidentiam

1122 534 1213 593 tuam
1226 526 1469 590 sollicitandam
1491 527 1648 587 duximus
1666 528 1699 586 et
1721 524 1910 587 monendam

273 643 327 704 aa
348 637 504 713 priorem
518 628 553 689 S·
570 617 817 709 *spmpuouant
831 611 865 675 a
883 613 925 673 aa
949 613 1070 721 ruae-
1124 645 1184 707 per
1198 624 1461 704 apostolicatlbi
1476 624 1599 702 scripu
1614 623 1821 695 mandantes,
1835 640 1913 700 qua-

311 737 436 814 pisaco
452 728 485 790 ⁶1
506 723 765 787 mmmmm
779 711 969 774 &mem
984 709 1071 768 ‘¹²⁰³'
1124 730 1220 788 tenus
1235 725 1277 786 ad
1298 725 1404 800 ipsius
1425 722 1515 799 regis
1535 722 1722 784 custodiam
1743 723 1778 783 et
1793 719 1913 783 doctri-

312 835 411 895 cesis.
1125 839 1213 895 nam‚
1226 838 1301 883 cum
1312 820 1455 883 consilio
1464 818 1678 897 praelatorum
1689 819 1722 879 et
1731 819 1913 893 magnatum

571 914 680 986 estun.
699 909 777 966 ¹²¹⁷·
1127 920 1191 982 sui
1226 919 1384 991 nostrum,
1407 917 1545 994 cautes
1568 916 1660 977 viros
1681 915 1864 976 inuasuros
1886 918 1916 977 a

316 1052 427 1119 [nepus.
440 1047 485 1098 itt.
497 1045 516 1103 t,
527 1040 602 1107 aptat
617 1036 672 1087 ist.
684 1034 742 1084 usn.
754 1033 792 1083 ta
804 1032 878 1081 rorte
890 1028 925 1077 ou
936 1023 1029 1085 meu]
1127 1018 1252 1089 fideles,
1273 1032 1333 1094 per
1353 1032 1436 1093 quos
1459 1014 1602 1076 sollicite
1620 1013 1843 1074 uniformetur
1857 1012 1912 1091 (in

277 1158 393 1222 Mandat
411 1156 456 1214 eis
470 1158 501 1211 ut
519 1150 548 1207 in
566 1159 653 1205 causa
679 1155 742 1215 qum
761 1139 834 1195 inter
857 1137 889 1194 lt.
910 1131 1074 1206 Campaniae
1128 1113 1300 1193 seimeiuP)
1316 1115 1351 1175 1¹1
1361 1114 1511 1175 diffidis
1525 1113 1651 1189 laistei
1663 1112 1696 1173 ei
1708 1110 1859 1186 agendis,
1870 1110 1916 1188 il·

312 1247 488 1309 comitissam
497 1248 526 1298 et
533 1238 656 1312 priorem
667 1230 704 1288 de
717 1228 908 1300 montignpex
916 1236 974 1281 uns
983 1228 1073 1294 porte,
1128 1229 1267 1291 sumque
1279 1228 1338 1289 per
1350 1226 1491 1288 regnum
1518 1210 1674 1271 incedere
1691 1207 1820 1270 taciens
1839 1209 1917 1268 sicut

313 1346 342 1398 et
364 1336 539 1395 abbatemet
553 1329 725 1384 conventum
741 1319 770 1375 s.
786 1312 1072 1388 suilgutbtvioneu.
1129 1327 1253 1388 regem,
1265 1313 1363 1388 prout
1373 1308 1520 1387 pensatis
1532 1310 1719 1385 temporum
1730 1308 1764 1368 et
1778 1306 1916 1368 locorum

314 1442 350 1487 ex
360 1427 458 1493 altera,
472 1421 510 1478 de
525 1416 591 1475 vbis
606 1413 643 1471 de
658 1410 821 1482 biontigny‚
834 1402 1007 1470 recudatur,
1020 1398 1075 1472 ipsi
1129 1407 1387 1471 circumstantiis
1408 1406 1534 1468 videri,
1559 1405 1729 1483 expedire,
1753 1404 1917 1481 proprium

313 1509 580 1593 pestilentisima
1129 1507 1191 1569 tibi
1218 1505 1365 1583 sigillum
1391 1504 1495 1566 iacias
1516 1502 1683 1575 fabricari,
1704 1516 1807 1578 super
1823 1502 1917 1578 ipsius

319 1649 497 1718 sonorius,
516 1645 590 1713 eu,
610 1635 738 1701 auteurs
752 1630 830 1694 airis
846 1626 949 1707 priori
969 1622 1075 1685 sanai
1130 1604 1232 1681 sigilli
1252 1603 1401 1665 custodia
1417 1602 1637 1679 opportunam
1660 1599 1823 1662 adnuens
1850 1598 1918 1659 rtis

282 1744 526 1831 symphoriani,
545 1740 631 1803 etde
646 1730 866 1808 Flaregniaco
883 1724 916 1787 et
933 1726 1074 1785 Bcrnen.
1130 1703 1278 1780 gentiam
1299 1702 1333 1763 θῐ
1355 1699 1531 1767 cautelam,
1562 1697 1741 1776 pmiidens
1759 1696 1846 1776 quod
1859 1698 1917 1757 inm

283 1841 529 1914 archidiaconis
545 1836 669 1900 Eduen.
1131 1799 1352 1862 cancellarius
1373 1814 1472 1876 quam
1492 1797 1552 1859 alii
1569 1795 1729 1859 oiticiales
1749 1794 1836 1871 regii
1853 1794 1918 1854 sin·

321 1943 450 2009 nirenta
479 1940 514 2001 in
548 1932 678 1997 christo
705 1924 777 1988 uria
806 1921 927 1984 nonius
957 1917 1079 1979 murier
1131 1899 1212 1989 snli.
1241 1897 1329 1976 qnod
1351 1912 1448 1956 sunm
1474 1896 1526 1957 est
1550 1894 1694 1956 sollicite
1715 1908 1757 1955 ae
1787 1892 1917 1953 urerer

282 2036 462 2125 Bilancha)
489 2031 656 2098 comitissa
681 2020 869 2100 campania
888 2034 965 2079 ac...
986 2016 1079 2094 prior
1132 1995 1369 2074 exsequantur·
1430 2091 1436 2104 Ι
1538 2090 1545 2103 0

282 2145 323 2205 de
338 2137 511 2212 Montigny
526 2131 595 2192 suis
610 2124 704 2187 nobis
725 2119 846 2183 litteris
868 2112 1076 2183 intimarunt,
1172 2095 1290 2156 Datum
1309 2096 1470 2167 Anagmae
1491 2090 1606 2168 quinto
1628 2104 1736 2151 nonas
1750 2087 1833 2166 julii
1848 2103 1922 2164 pou-

283 2237 369 2319 quod
386 2249 460 2296 cum
474 2228 555 2291 uilla
569 2225 608 2287 de
622 2219 793 2295 Moutigny
804 2214 848 2275 ad
855 2210 1003 2290 ejusdem
1013 2208 1079 2270 loci
1132 2191 1277 2254 fisseeisss
1291 2189 1396 2251 nostrl
1411 2203 1500 2248 enno
1512 2187 1630 2264 primo.

284 2330 450 2416 pertineat
477 2326 671 2406 prioratum,
688 2318 745 2395 qui
774 2313 814 2374 ad
839 2307 1079 2373 monasterium

284 2432 392 2497 sancti
407 2422 547 2501 Benigni
566 2420 739 2482 Divionen.
755 2412 937 2486 Lingones.
952 2406 1078 2466 dioece·
1461 2373 1605 2462 CCCLI

284 2533 332 2594 sis
342 2527 493 2607 spectare
507 2514 724 2596 dignoscitur,
739 2511 772 2572 et
786 2507 846 2569 sub
859 2503 966 2583 ipsius
981 2500 1080 2563 comi·
1134 2533 1185 2591 Ad
1192 2532 1394 2604 ommam
1403 2525 1626 2601 praepositum
1638 2525 1784 2597 &usque
1791 2525 1920 2597 fragm·

283 2610 734 2694 tissaeadrocatiaconsistat,
747 2606 849 2669 abbas
859 2602 1080 2665 etconventus
1443 2623 1461 2680 3
1470 2621 1521 2694 jul.
1539 2620 1618 2677 tili.

285 2727 365 2790 dicti
386 2714 579 2785 monasterii
601 2711 715 2773 uillam
736 2704 854 2783 ipsam,
880 2696 1080 2810 irrequisitis
1234 2740 1295 2805 [wa
1297 2737 1413 2796 rossan,
1426 2737 1498 2787 liuva
1510 2734 1639 2794 spissius,
1649 2739 1670 2784 t.
1684 2734 1718 2793 x,
1729 2749 1756 2799 p·
1765 2734 1836 2799 mc]

285 2825 410 2890 eisdem
423 2819 455 2881 et
470 2809 709 2893 ignorantibus,
727 2801 883 2865 dicuntur
896 2800 1078 2871 Lingonen.

286 2924 442 3002 episcopo
457 2909 633 2991 emptionis
645 2903 742 2968 titulo
754 2895 958 2962 concessisse
973 2894 1008 2953 in
1022 2891 1082 2953 lae-

288 3023 416 3084 sionem
427 3024 595 3077 enormem
603 2994 944 3076 comitissaepraelatae,
952 3007 992 3053 ac
1001 2988 1081 3051 dicti

287 3118 387 3182 etiam
408 3109 591 3190 prioratum
617 3092 858 3180 propterquod
882 3088 1082 3152 memoratus
1177 3070 1344 3133 Ηῡῐὶθΐίῑῑὲι
1353 3068 1538 3145 episeopus,
1549 3081 1666 3127 servus
1676 3081 1850 3126 servorum
1859 3064 1918 3134 liei,

287 3216 389 3294 prior,
406 3208 579 3288 postquam
594 3200 627 3261 id
647 3196 688 3259 ad
712 3192 865 3256 notitiam
891 3190 962 3264 eius
979 3186 1081 3253 veuit,
1136 3169 1267 3231 dilectis
1288 3166 1367 3227 filiis
1387 3168 1541 3240 GerungO
1556 3163 1734 3240 praeposito
1756 3161 1923 3224 couventui

287 3313 329 3375 ad
356 3310 504 3371 nestram
537 3296 740 3362 audientiam
769 3285 958 3367 appellarit.
989 3282 1083 3346 Unde
1138 3267 1285 3329 omnium
1297 3263 1486 3325 sanctorum
1498 3260 1649 3337 inNigra
1661 3260 1775 3336 Sylva.
1785 3258 1925 3339 (Reliqua

288 3409 384 3472 nous
400 3400 570 3467 humiliter
582 3388 811 3472 supplicarunt
826 3387 861 3447 ui
874 3379 1083 3447 indemnitati
1138 3367 1175 3426 nt
1189 3365 1223 3426 in
1237 3363 1311 3440 ipsa
1327 3360 1418 3421 bulla
1439 3358 1624 3421 Innocenti
1644 3359 1700 3430 111,
1717 3368 1777 3418 an.
1797 3359 1881 3427 aaut,
1896 3357 1927 3416 u

288 3522 402 3570 eorum
418 3514 518 3579 super
531 3498 595 3558 boc
609 3493 824 3568 dignaremur
835 3483 975 3561 paterna
990 3477 1084 3539 solli·
1138 3462 1275 3525 verbum
1290 3459 1331 3521 ad
1346 3457 1483 3519 verbum
1498 3452 1675 3533 seqnitur.)

290 3603 436 3669 citudine
471 3592 657 3677 prouidere.
694 3584 855 3658 Quocirca
891 3574 1084 3640 discretioni
1179 3554 1475 3632 Quotiensanobis
1490 3554 1624 3631 petitur,
1640 3551 1726 3630 quod
1739 3552 1924 3629 religiosum

1136 2857 1289 2930 Privilegia
1301 2852 1467 2911 monasterii
1479 2851 1608 2908 omnium
1621 2851 1793 2908 Sanctomm
1806 2851 1834 2906 in
1846 2851 1921 2922 Nigra

1199 2945 1282 3019 Sylva
1297 2941 1406 2999 ordinis
1418 2938 1701 2999 Pramonstratensis
1713 2938 1873 2996 confirmat.

288 3703 408 3766 vestrae
419 3728 422 3737 .
433 3711 493 3775 per
515 3687 706 3770 apostolica
734 3681 857 3758 scripta
876 3674 1083 3744 mandamus,
1139 3658 1240 3720 luerit
1253 3672 1292 3717 ac
1307 3655 1495 3724 honestum,
1510 3652 1621 3712 animo
1636 3666 1697 3710 nos
1712 3649 1811 3711 decet
1823 3646 1925 3709 libenti

290 3800 454 3881 quatenus
467 3790 595 3856 uocatis
617 3785 673 3864 qui
689 3780 812 3844 tuerint
836 3771 992 3846 uocandi,
1009 3772 1042 3833 et
1062 3813 1084 3838 .,
1139 3754 1334 3820 concedere,
1365 3751 1398 3813 ei
1427 3749 1609 3828 petentium
1644 3746 1825 3809 desideriis
1852 3761 1925 3806 con-

288 3902 391 3963 testes
405 3895 528 3963 autem,
545 3889 607 3950 etc.
625 3879 760 3957 Quodsi
776 3891 842 3937 non
865 3886 990 3942 omnes,
1008 3870 1084 3939 etc,
1140 3869 1259 3930 gruum
1275 3848 1470 3925 suffragium
1486 3844 1659 3923 impertiri.
1674 3845 1868 3922 eapropter,
1882 3841 1926 3901 ut-

454 4004 539 4055 rum,
556 3985 619 4047 etc.
644 3977 764 4041 natum
778 3969 950 4047 anagnia,
969 3964 1086 4044 quarto
1140 3951 1219 4013 lecti
1233 3949 1269 4010 in
1280 3947 1420 4010 Domine
1429 3945 1501 4018 filii,
1511 3942 1738 4019 vestrisjustis
1746 3940 1927 4020 postulatio

693 4073 823 4135 meatus
859 4062 964 4128 nostri
999 4075 1086 4123 anno
1141 4048 1240 4110 nibus
1274 4045 1454 4109 clementer
1485 4040 1677 4113 annuimus,
1705 4040 1740 4102 et
1769 4038 1926 4118 praelatam

1142 4144 1317 4207 ecclesiam
1326 4136 1927 4214 omniumsanctorum,inquodiuuo

290 3997 355 4059 duo
380 3992 453 4054 vest

292 4090 455 4154 kalendas
486 4081 576 4163 julii,
611 4077 692 4157 pont

291 4202 410 4268 pruno·
1142 4239 1322 4318 mancipati
1336 4234 1416 4300 estis
1436 4235 1606 4312 obsequio,
1621 4233 1682 4294 sub
1697 4232 1792 4297 beati
1805 4231 1927 4295 Potrici

630 4303 757 4392 GGGL
1142 4339 1256 4401 nostra
1273 4336 1476 4416 protectione
1489 4332 1701 4409 suscipimus,
1718 4332 1754 4393 et
1765 4327 1927 4409 presentis

292 4472 344 4535 Ad
358 4458 686 4531 ouuonemututis.
695 4452 842 4515 Martini
846 4446 1088 4523 presbyterum
1142 4436 1257 4514 scripti
1283 4433 1458 4512 privilegio
1488 4430 1744 4492 communimus.
1776 4425 1927 4507 Imprimis

297 4580 300 4585 ·
335 4567 546 4632 cardinalem
563 4549 871 4633 apostolicaesedis
885 4544 1046 4621 tapetum.
1142 4533 1305 4612 siquidem
1321 4531 1504 4592 statuentes
1519 4529 1556 4589 ut
1572 4526 1652 4588 ordo
1672 4528 1866 4597 canonicus,
1881 4521 1928 4601 qui

602 4677 681 4753 3321·
698 4675 777 4732 lili.
1143 4631 1322 4696 secundum
1339 4627 1473 4691 Domini
1489 4627 1522 4689 et
1537 4624 1627 4687 beati
1640 4625 1825 4700 Augustini
1842 4636 1929 4698 regn·

471 4800 476 4811 .
580 4796 586 4807 .
890 4782 913 4832 ,ᾶ
942 4779 1023 4831 Μ.
1142 4721 1929 4807 lamatqueinstitutionemPraemonstratensium

339 4800 620 4870 [aspectantium.
634 4793 689 4844 Μ’
702 4791 758 4841 Μ’
771 4787 886 4838 tarouca
915 4797 931 4832 υ
1026 4779 1035 4844 ]
1050 4896 1056 4907 ,
1142 4828 1282 4889 fratrum
1296 4827 1330 4886 in
1340 4824 1456 4886 eodem
1464 4823 1538 4883 loco
1548 4820 1719 4882 institutus
1727 4836 1807 4881 esse
1814 4819 1929 4895 dignos

309 4920 480 4982 liutmultss
492 4911 713 4973 commissiones
726 4919 777 4979 pro
787 4915 855 4960 cura
871 4898 950 4972 regis
960 4896 1068 4970 pupilli.
1142 4927 1239 4997 citur,
1258 4921 1427 5002 perpetuis
1443 4919 1565 4981 ibidem
1575 4917 1785 4994 temporibus
1799 4915 1926 4978 inviola-

331 5019 1086 5115 Honorius,etc.,dilectotilionostroG[ualoui]
1141 5024 1254 5086 biliter
1280 5020 1485 5083 observetur.
1518 5016 1686 5077 Praeterea
1716 5025 1930 5093 quascumque

292 5146 382 5211 tituli
398 5147 431 5205 S.
446 5138 582 5203 Martini
597 5133 789 5213 presbytero
805 5123 968 5189 cardinali
982 5124 1089 5198 Apos-
1142 5119 1380 5200 possessiones,
1391 5111 1832 5193 quaecumquebonaeadem
1842 5110 1932 5173 eccle

292 5246 402 5309 tolicae
419 5238 514 5302 sedis
528 5235 649 5311 legato.
1142 5218 1192 5278 sia
1211 5217 1246 5277 in
1260 5213 1514 5293 praesentiarum
1524 5211 1616 5285 iuste
1630 5210 1663 5268 et
1681 5208 1847 5270 canonice
1860 5222 1931 5283 pos-

332 5341 401 5405 Etsi
414 5352 527 5400 rerum
544 5327 738 5408 exponentia
752 5323 839 5386 docti
853 5322 980 5382 firmam
995 5331 1088 5393 gera·
1142 5314 1238 5385 sidet,
1250 5309 1501 5374 autiniuturum
1508 5305 1725 5368 concessione
1734 5304 1931 5382 pontificum,

293 5456 365 5503 mus
398 5435 564 5502 fiduciam,
589 5426 674 5507 quod
707 5439 747 5485 ea
772 5436 846 5499 quae
875 5418 1035 5479 honorem
1056 5415 1089 5475 et
1142 5410 1320 5488 largitione
1342 5422 1458 5482 regum
1478 5403 1530 5466 rel
1550 5402 1750 5481 principum,
1774 5401 1933 5463 oblatione

294 5540 416 5601 statum
439 5532 529 5609 regis
545 5529 577 5592 et
591 5523 688 5601 regni
703 5520 884 5597 anglorum
905 5512 1088 5590 respiciunt
1143 5508 1301 5580 fidelium,
1322 5521 1382 5566 seu
1400 5503 1477 5565 aliis
1494 5501 1595 5580 justis
1615 5499 1736 5571 modis,
1763 5498 1934 5576 praestante

293 5630 481 5710 providebis
495 5625 673 5690 secundum
684 5616 844 5697 temporis
857 5612 1017 5676 malitiam
1028 5625 1088 5686 per
1142 5607 1283 5671 Domino
1295 5603 1417 5683 poterit
1429 5600 1580 5679 adipisci,
1592 5597 1688 5660 firma
1698 5596 1798 5660 vobis
1810 5596 1933 5658 restris·
