3900 6202
224 217 284 323 tss
849 260 1025 325 333333
1037 262 1092 326 ,33
1113 262 1261 327 ornan.
1785 274 1832 343 tet

263 421 304 484 nt
317 422 375 483 tua
390 421 530 498 supplex
544 420 686 493 devotio,
702 420 736 482 et
756 418 874 482 devota
890 420 1020 499 suppli·
1072 438 1135 484 nus
1147 427 1180 484 at
1193 421 1374 500 capitulum
1392 417 1565 485 humiliter
1576 423 1793 507 supplicarunt,
1803 438 1834 499 nt

225 518 311 581 catio
331 534 391 581 nos
416 517 555 591 inducit,
577 519 613 580 ut
633 516 695 580 tibi
715 533 776 595 pro
796 518 1017 595 prerogativa
1072 536 1186 582 eorum
1196 520 1299 598 quieti
1307 518 1482 598 prouidere
1490 520 1629 598 paterna
1640 524 1834 594 sollicitudine

223 616 341 692 gratiae
365 615 532 693 specialis,
552 630 651 694 quam
672 614 713 676 ad
733 628 909 692 personam
927 616 1017 678 tuam
1072 616 1294 693 dignaremur.
1309 619 1414 689 Quum
1435 617 1538 693 igitur
1551 617 1640 681 illius
1655 620 1754 685 locum
1768 626 1833 691 licat

224 712 349 775 habere
368 713 594 789 dignoscimur
613 712 649 773 in
668 713 809 774 ecclesia
826 715 860 774 S.
883 712 1018 775 Antonii
1073 714 1228 777 immeriti
1255 714 1427 776 teneamus
1453 715 1490 775 in
1516 714 1616 777 133313
1639 718 1693 794 qui
1715 726 1835 786 333331

226 810 390 872 deMonte
405 810 715 872 UlmiinAsculana
730 809 866 872 dioeoasi
889 810 1018 872 cousti-
1073 813 1160 872 Dens
1184 810 1402 873 dissensionis
1436 810 1494 872 sed
1520 812 1624 889 pacis,
1652 814 1687 876 ut
1716 818 1836 882 33313313

224 908 307 981 1313,
319 907 605 985 censumaliquem
618 923 764 969 annuum
775 907 955 969 concedere
967 906 1021 968 di·
1073 908 1194 986 ipsein
1206 908 1647 981 3311333313313313333331,
1663 912 1838 977 condessen-

224 1020 415 1082 gnaremur.
438 1006 507 1066 Nos
527 1004 629 1080 igitur
652 1003 721 1066 tuis
745 1003 900 1081 precibus
920 1003 1021 1065 13311-
1074 1005 1216 1066 dandum
1231 1004 1386 1066 duximus
1401 1003 1554 1082 precibus
1566 1007 1756 1071 eorumdem.
1770 1013 1839 1083 Quo·

225 1102 307 1175 nati,
324 1118 471 1163 annuum
490 1117 625 1165 consum
645 1101 787 1180 quatuor
806 1100 1019 1163 denariorum
1074 1101 1494 1164 circadiscretionivastra
1502 1102 1838 1182 mandamusqnatenns

225 1199 439 1277 papiensium
452 1198 486 1259 in
496 1197 635 1276 praeiata
647 1197 788 1259 ecclesia
801 1197 874 1271 tibi,
888 1196 1020 1276 tuisque
1074 1198 1115 1260 ad
1126 1198 1297 1276 praeiatam
1307 1199 1482 1260 ecclesiam
1495 1198 1838 1280 accedentes,inqnisita

225 1296 473 1358 successoribus
497 1295 653 1357 duximus
681 1294 944 1368 concedendum,
972 1295 1020 1356 ita
1074 1311 1175 1374 super
1196 1296 1378 1373 praemissis
1407 1295 1541 1373 plenius
1565 1297 1599 1358 et
1626 1298 1748 1374 cognita
1765 1301 1839 1362 reri-

224 1394 347 1466 temen,
375 1393 460 1470 quod
489 1392 575 1454 nibil
592 1390 752 1470 amplius,
780 1392 888 1469 quoad
913 1392 1019 1468 legem
1076 1394 1153 1465 1313,
1181 1408 1255 1469 quaa
1281 1392 1462 1454 secundum
1492 1395 1608 1465 Deum,
1633 1393 1667 1455 31
1688 1394 1838 1458 utilitatem

223 1489 542 1567 jurisdictionisnel
558 1490 781 1552 dioecesanam
796 1489 1022 1567 3313333333-
1074 1490 1179 1567 ipsius
1189 1489 1688 1563 ecclesiaestatueudavideritis,
1699 1492 1838 1564 3313133113,

226 1586 283 1659 313,
297 1587 333 1648 13
347 1586 490 1648 33313313
502 1584 801 1647 memoratallulli
813 1599 904 1660 argo,
917 1586 1018 1646 313...
1074 1586 1293 1659 atrevocetis,
1315 1586 1538 1664 appellatione
1559 1587 1698 1660 3333313,
1719 1589 1839 1665 33331-

226 1684 350 1746 ncstraa
371 1682 611 1754 concessionis,
636 1682 739 1743 313...
770 1682 889 1743 batum
917 1681 1020 1744 Lata-
1075 1683 1191 1745 deritis
1210 1684 1413 1759 revocanda3
1429 1684 1689 1746 conbadictones
1707 1700 1761 1761 per
1777 1701 1842 1747 cen·

226 1781 313 1850 rani,
341 1783 371 1842 ll
391 1780 466 1842 idus
488 1779 649 1857 januarii,
679 1778 890 1855 pontificatus
914 1779 1021 1844 nostri
1075 1796 1186 1842 suram
1213 1780 1473 1842 ecclesiasticam
1498 1780 1741 1859 compescendo.
1766 1782 1841 1853 Quod

227 1893 315 1940 anno
326 1877 446 1955 primo.
1075 1878 1186 1939 sinon
1201 1893 1327 1950 omnes,
1351 1878 1426 1949 etc,
1450 1876 1516 1940 duo
1540 1878 1699 1951 restrum,
1718 1878 1844 1939 313113-

1074 1976 1144 2036 tum
1159 1974 1326 2046 Laterani,
1340 1976 1371 2036 ll
1394 1974 1472 2036 idus
1482 1974 1646 2052 januarii,
1660 1973 1843 2052 manneus

468 2115 472 2121 ·
527 2072 725 2159 CXXXIII
1075 2072 1182 2135 nostri
1196 2086 1284 2134 anno
1298 2071 1418 2148 primo.

326 2272 378 2331 Ad
396 2268 551 2331 abbatem
571 2268 605 2329 et
618 2269 779 2340 priorem
803 2268 922 2328 Sancti

276 2365 493 2429 renarrabat
507 2368 564 2426 iit.
586 2367 746 2426 Parvum
765 2365 967 2425 canonicum
1093 2434 1095 2437 v
1378 2312 1571 2401 CXXXIV

496 2463 753 2522 mmmmm
1193 2518 1246 2576 Ad
1266 2518 1461 2592 3313333333
1474 2517 1747 2579 Noctcmersscm

410 2623 411 2627 ,
526 2574 633 2648 laten.
651 2573 730 2631 latr.

268 2699 376 2765 [3333.
389 2697 435 2749 nn
450 2697 556 2762 r‚0pst.
570 2695 624 2747 rsa.
638 2694 982 2761 nunnamenster.
1373 2645 1479 2721 ¹²itn·
1498 2647 1578 2705 ¹²¹⁷·

1077 2788 1188 2853 [negen.
1212 2786 1258 2838 nn.
1282 2787 1301 2847 ¹2
1322 2787 1397 2853 arist.
1417 2787 1473 2838 133.
1492 2789 1552 2840 usa.
1570 2789 1611 2840 33
1631 2788 1705 2839 none
1721 2785 1753 2837 aa
1768 2781 1847 2847 nat]

231 2859 335 2918 Abbati
349 2866 377 2917 et
392 2858 478 2932 priori
494 2858 522 2916 S.
538 2856 677 2916 lobannis
699 2863 729 2914 et
748 2855 800 2913 l'b.
822 2857 914 2914 Parvo
932 2870 1019 2913 cano·

263 2949 329 3006 nico
357 2945 593 3006 laudunensibus
614 2942 742 3015 mandat,
767 2952 799 3002 ut
824 2943 962 3002 accedant
986 2942 1023 3001 ad
1076 2947 1187 3006 Auditis
1201 2946 1338 3022 partibus,
1352 2947 1520 3020 pronunciat
1532 2947 1685 3005 ecclesiam
1695 2946 1721 3004 S.
1731 2941 1847 3014 Quirini,

264 3037 416 3094 ecclesiam
445 3035 474 3092 S.
503 3032 647 3091 Laurentii
675 3032 877 3101 Rosetensem,
910 3030 1021 3089 Laudu·
1111 3038 1138 3094 ei
1155 3035 1217 3108 jure
1233 3034 1397 3093 dioecesauo
1410 3033 1568 3108 subiectam
1585 3048 1676 3108 esse3
1692 3035 1721 3090 in
1739 3029 1849 3091 ciuilibus

264 3138 348 3182 nens.
362 3122 504 3192 dioeocsis,
517 3119 565 3178 ubi
580 3119 768 3177 reserantibus
779 3117 889 3179 decano
901 3127 929 3177 et
942 3122 1021 3194 capl-
1111 3132 1207 3182 autem
1222 3137 1288 3181 eum
1304 3123 1334 3181 in
1343 3123 1467 3196 singulis
1479 3124 1630 3182 canonicis
1643 3121 1763 3197 ejusdem
1775 3117 1848 3176 33313·

264 3213 323 3270 tulo
351 3210 480 3283 ejusdem
505 3208 634 3266 ecclesia
655 3215 714 3266 tres
737 3209 954 3267 constitutiones
972 3207 1021 3266 Ι(11-
1111 3212 1248 3282 3133131
1269 3210 1413 3270 mediante
1437 3209 1787 3285 decannjmndictlcnen
1802 3216 1849 3262 nou

265 3314 356 3358 verse
373 3299 478 3371 pariter
496 3303 525 3355 ct
545 3296 674 3355 adversae
694 3303 762 3354 sunt
777 3295 898 3355 divesis
917 3303 1025 3370 tempo
1111 3298 1229 3358 habere.

264 3387 343 3446 ribus
357 3386 478 3445 condite
492 3392 521 3444 et
536 3400 622 3458 super
636 3384 682 3442 bis
696 3399 761 3458 quoe
779 3385 837 3444 sint
850 3384 1022 3455 revocanda,
1117 3402 1302 3498 Honorius,
1341 3424 1402 3498 te„
1420 3423 1606 3487 Venerabili
1627 3423 1721 3486 mm
1741 3417 1850 3483 Notio-

264 3482 410 3535 rerocent.
1222 3523 1229 3536 .

1078 3539 1165 3585 men.
1178 3537 1346 3600 eprscopo.

269 3621 448 3693 Honorius,
480 3619 556 3692 etc,
588 3617 717 3681 dilectis
748 3616 827 3679 tiliis
853 3615 964 3679 abbati
991 3616 1025 3678 et
1118 3622 1198 3682 Cum
1210 3619 1289 3681 olim
1304 3619 1360 3681 tuo
1374 3619 1407 3681 ot
1420 3618 1571 3681 ecclesiae
1593 3617 1706 3682 Sancti
1725 3607 1851 3689 Quintini

231 3718 337 3797 priori
350 3717 462 3779 Sancti
474 3715 636 3780 iohannis
658 3715 692 3778 et
713 3714 773 3777 Tb.
794 3717 904 3776 Parvo
923 3728 1025 3776 cano-
1078 3716 1349 3795 procuratoribus
1358 3715 1394 3777 in
1403 3715 1499 3778 bonae
1508 3717 1680 3779 memorie
1689 3704 1851 3776 masenili

230 3817 307 3878 nico
322 3815 546 3877 laudunensi.
1079 3831 1172 3893 papae
1183 3813 1439 3892 praedecessoris
1453 3813 1558 3875 nostri
1574 3811 1750 3891 praesentia
1766 3820 1851 3870 cuns·

271 3914 472 3976 Dilectorum
498 3912 642 3974 illiorum
676 3908 795 3973 decani
827 3910 861 3971 at
888 3907 1025 3986 capituli
1078 3912 1196 3985 titutis,
1212 3926 1271 3989 pro
1300 3926 1401 3972 causa
1428 3925 1502 3987 quae
1531 3910 1677 3973 intarta
1698 3904 1852 3970 3131131313

233 4012 345 4073 Sancti
356 4009 528 4071 Laurentii
538 4009 693 4070 Roseten.
705 4005 936 4067 laudunensis
947 4005 1026 4067 (1133-
1079 4008 1254 4071 ecclesiam
1269 4023 1370 4085 super
1380 4006 1583 4084 subjectione
1600 4021 1699 4085 quam
1710 4005 1742 4065 in
1756 4000 1853 4064 eadem

232 4109 317 4170 cesis
331 4108 426 4169 iactae
442 4106 538 4167 nobis
556 4105 676 4166 litterae
696 4101 918 4174 continebant,
939 4101 1025 4180 quod
1080 4105 1214 4184 petebas
1229 4104 1370 4167 ecclesia
1383 4103 1589 4180 vertebatur3
1603 4103 1703 4167 atlite
1714 4100 1753 4163 ab
1767 4096 1855 4176 ipsius

232 4206 269 4265 in
294 4219 408 4265 eorum
435 4202 576 4264 ecclesia
599 4200 669 4263 tres
697 4199 948 4262 constitutiones
974 4199 1027 4259 di·
1080 4204 1294 4282 procuratore
1333 4200 1480 4278 legitime
1523 4200 1744 4270 constestata,
1782 4192 1855 4255 idam

231 4316 338 4362 versae
372 4299 498 4376 pariter
529 4298 563 4359 et
592 4297 741 4358 adversae
774 4295 851 4357 sunt
885 4295 1025 4357 dirersis
1080 4289 1855 4378 33313333333333133333333131113313133333

232 4395 435 4475 temporibus
459 4394 657 4467 constitutae,
683 4394 717 4457 31
737 4392 778 4455 ab
799 4392 882 4469 ipsis
898 4392 1026 4454 consti·
1081 4398 1256 4474 episcopo,
1286 4396 1319 4457 at
1346 4395 1477 4457 dilectis
1507 4395 1586 4456 tiliis
1620 4393 1730 4456 abbati
1761 4382 1856 4451 Sancti

233 4494 401 4559 tuentibus
428 4492 568 4554 firmatae
599 4491 796 4568 interposito
824 4490 1025 4567 juramento,
1081 4494 1217 4556 Vedasti
1231 4490 1420 4554 atrebaten.
1446 4492 1480 4552 et
1504 4491 1665 4567 magistro
1687 4485 1856 4550 scholaram

234 4607 374 4672 auarum
396 4590 547 4669 quaedam
569 4588 705 4651 fuerunt
728 4604 748 4650 fl
771 4587 970 4659 dioecbsassot
995 4588 1028 4647 θῖ
1081 4594 1264 4653 Tornacen.
1281 4587 1482 4651 commiserit
1494 4588 1560 4649 tine
1570 4587 1680 4649 debito
1694 4583 1860 4648 terminab-

233 4689 490 4768 metropolitano
508 4687 584 4761 loci,
601 4686 693 4747 salvo
715 4685 870 4747 mandato
891 4686 1027 4746 31333-
1082 4688 1168 4760 dam,
1188 4687 1220 4748 at
1234 4685 1439 4763 postmodum
1461 4684 1576 4746 eodem
1597 4683 1755 4760 magistro
1775 4674 1860 4738 33113·

234 4788 368 4851 13311313
398 4787 492 4848 Sedis
523 4783 721 4862 apostolicae
750 4781 970 4855 confirmatae,
996 4781 1029 4842 31
1082 4787 1189 4846 larum
1209 4784 1330 4855 amoto,
1350 4782 1382 4844 et
1403 4782 1561 4858 magistro
1588 4784 1630 4842 Η.
1660 4781 1701 4841 de
1722 4770 1859 4840 Atrebate

236 4901 279 4946 ex
310 4883 363 4945 his
384 4882 554 4944 nonnullae
579 4880 687 4958 quoad
712 4879 863 4957 quaedam
889 4878 1028 4940 cassatae
1083 4882 1244 4945 canonico
1258 4883 1443 4941 Tornacen.
1460 4879 1638 4954 subrogato
1651 4876 1766 4947 eidam,
1781 4883 1858 4949 prae-

234 4979 581 5056 iueruntpostmodum
592 4993 652 5056 per
659 4976 790 5055 judices
801 4991 822 5036 a
835 4975 919 5037 Sede
928 4979 1030 5051 Apos·
1084 4980 1160 5042 latis
1173 4978 1327 5056 episcopo
1342 4978 1375 5040 31
1388 4975 1500 5037 abbati
1512 4976 1641 5038 dederit
1653 4974 1689 5035 in
1701 4966 1857 5033 mandatis,

235 5079 336 5142 tolioa
350 5076 529 5152 delegatos.
544 5076 628 5137 Aliae
646 5088 726 5135 vero
750 5072 857 5150 quoad
879 5072 1029 5149 quaedam
1084 5078 1120 5140 ut
1134 5078 1168 5138 in
1184 5075 1316 5151 negotio
1327 5076 1425 5151 juxta
1443 5072 1581 5134 iormam
1596 5071 1719 5148 prioris
1731 5058 1860 5129 mandati

236 5177 370 5237 fuerunt
384 5174 538 5234 similiter
552 5171 765 5242 confirmatae,
781 5169 860 5232 11331
879 5168 1029 5246 pluribus
1083 5177 1213 5238 ratione
1227 5172 1352 5250 praevia
1366 5170 1590 5247 procedentes,
1605 5182 1740 5229 causam
1757 5165 1859 5240 ipsam,

236 5274 390 5334 videatur
404 5270 490 5347 quod
505 5285 571 5331 333
584 5268 722 5330 multam
735 5268 771 5328 in
788 5281 824 5329 33
840 5266 1032 5328 contineant
1085 5275 1113 5335 si
1128 5272 1222 5343 foret,
1239 5270 1279 5331 de
1294 5268 1437 5346 partium
1451 5266 1621 5328 voluntate
1632 5265 1700 5325 line
1719 5256 1860 5324 33333100

237 5370 437 5447 aequitatem,
453 5364 687 5445 propterquod
703 5363 892 5441 frequenter
903 5363 1031 5425 discor-
1084 5367 1311 5433 terminarent.
1330 5364 1487 5440 Alioquin
1502 5361 1652 5425 eamdem
1675 5351 1863 5422 remitterent

238 5467 313 5536 diae,
329 5481 369 5527 33
390 5463 516 5527 crebrae
544 5463 768 5524 dissensiones
790 5461 824 5522 in
843 5460 1030 5523 33133333-
1085 5466 1248 5542 adipsum
1264 5461 1468 5524 sufficienter
1486 5459 1694 5531 instructam,
1710 5450 1862 5531 assignate

239 5562 341 5620 clasia
356 5563 433 5621 sunt
453 5560 607 5622 subortae.
622 5558 716 5622 Unda
731 5557 826 5620 nobis
841 5557 920 5619 dicti
932 5556 1032 5619 deca·
1086 5562 1234 5642 partibus
1249 5559 1391 5623 termino
1410 5555 1618 5636 competenti,
1635 5571 1701 5633 quo
1721 5569 1756 5615 se
1775 5562 1862 5625 apos-
