3900 6202
112 303 164 369 ,ῃ
723 291 951 358 nrrsrouns.
974 292 1053 355 nin.
1076 295 1101 353 1.
1677 297 1735 356 1so

110 464 207 536 Quum
215 452 546 533 igiturmisericordia
560 450 785 531 superexaltet
793 452 886 530 judi·
938 454 1017 525 tam,
1028 467 1091 515 nec
1102 467 1168 514 non
1183 450 1394 530 privilegium
1407 451 1440 515 et
1451 451 1735 516 confirmationem

3 570 4 595 ³
108 559 197 628 cium,
240 551 429 615 discretioni
461 544 675 627 restrae'per
702 549 885 627 apostolica
938 550 1045 612 felicis
1059 548 1300 614 recordationis
1318 550 1469 611 Pascalis
1489 565 1584 628 papae
1602 552 1734 629 praede-

108 654 220 730 scripta
251 648 458 721 mandamus,
490 648 654 725 quatenus
686 661 787 724 super
822 645 886 708 hoc
940 649 1082 710 cessoris
1107 649 1213 710 nostri
1240 662 1341 725 super
1369 647 1433 709 hoc
1466 646 1588 710 iactant
1617 648 1738 726 objecit

4 758 5 805 ῑ
108 749 204 814 eidem
227 746 411 825 injungatis
443 744 672 823 poenitentiam
697 744 887 821 competeu-
940 745 1058 806 eidem.
1073 746 1217 823 Cumque
1239 759 1339 823 super
1360 743 1413 806 his
1432 761 1546 807 coram
1568 746 1737 824 praedietis

4 888 11 919 ,
106 850 174 917 tem,
189 846 222 907 et
235 859 275 906 ea
287 843 432 921 peracta,
449 841 638 905 concedatis
649 840 681 903 ei
690 841 887 903 auctoritate
937 841 1105 920 judicibus
1123 842 1242 904 fuisset
1255 842 1449 920 aliquandiu
1463 843 1640 919 litigatum,
1655 846 1737 906 tan-

6 996 11 1005 „
106 942 282 1021 apostoliea
295 940 471 1017 postulata,
486 939 662 1001 dummodo
677 941 708 999 ei
727 938 818 1000 aliud
831 953 889 999 ca·
941 940 1015 1000 dem
1030 941 1145 1002 contra
1159 940 1353 1016 praedictum
1365 940 1526 1002 decanum
1539 943 1736 1004 sententiam

6 1036 7 1039 ’
106 1039 251 1103 nonicum
266 1050 334 1100 non
346 1036 496 1098 obsistat.
522 1035 614 1109 Quod
630 1035 660 1096 si
674 1051 740 1097 non
754 1050 886 1107 omnes,
943 1036 1470 1115 protulertmt,interpretationem
1477 1039 1736 1115 compositionis,

1 1214 3 1218 y
107 1139 172 1209 etc,
209 1136 264 1196 his
298 1133 520 1212 exsequendis
546 1134 709 1195 interesse
737 1132 887 1210 potueri·
943 1134 1111 1211 privilegii
1127 1136 1160 1197 et
1174 1135 1435 1198 confirmationis
1451 1136 1528 1198 Sedi
1542 1137 1738 1214 apostolicae

107 1236 153 1305 lit,
178 1233 243 1295 duo
263 1232 423 1304 restrum,
443 1231 520 1304 etc,
546 1229 766 1291 nihilominus
787 1245 888 1291 exse-
943 1233 1165 1294 reserrantes.
1179 1232 1452 1295 Praedictusvero
1464 1232 1609 1295 decanus
1621 1251 1664 1296 en
1676 1235 1740 1296 hoc

107 1331 249 1410 quantur.
265 1328 386 1392 Datum
405 1332 519 1390 Romae
540 1326 628 1405 apud
652 1328 809 1389 Sanctum
826 1329 891 1389 Pe-
944 1328 1007 1389 sibi
1032 1329 1065 1391 et
1087 1332 1249 1391 Percnen.
1280 1331 1471 1408 capitulum,
1497 1331 1647 1394 ecclesia
1671 1348 1740 1394 snae

107 1430 194 1501 trum,
226 1428 357 1489 decimo
390 1426 507 1488 octavo
532 1425 694 1488 kalendas
718 1425 888 1503 januarii,
945 1426 1125 1488 sentientes
1145 1442 1247 1503 grave
1264 1428 1494 1506 praejudicium
1511 1430 1681 1505 generari,
1698 1429 1741 1491 ad

107 1524 308 1602 pontificatus
320 1523 427 1586 nostri
436 1537 526 1585 anno
536 1522 655 1600 primo.
946 1523 1064 1585 sedem
1091 1524 1314 1601 apostolicam
1341 1526 1565 1599 recurrerunt,
1593 1526 1740 1588 decanus

946 1636 1007 1697 pro
1021 1636 1058 1682 se
1070 1622 1300 1698 personaliter,
1317 1623 1351 1685 et
1364 1623 1544 1700 capitulum
1557 1639 1618 1700 pre
1633 1640 1669 1686 se
1683 1639 1743 1702 per

947 1718 1114 1780 Simonem
1127 1720 1280 1781 nuntium
1293 1735 1389 1780 suum
1404 1721 1517 1782 nostro
1532 1736 1568 1782 se
1581 1736 1743 1798 conspec-

432 1795 554 1885 XGIX
946 1815 996 1877 tui
1005 1816 1249 1892 praesentando.
1265 1816 1402 1890 Quibus,
1426 1818 1459 1880 et
1481 1820 1519 1879 P.
1535 1819 1743 1895 procuratori

948 1909 1098 1988 praedicti
1110 1911 1270 1990 episcopi,
1282 1912 1401 1975 dilecto
1412 1912 1481 1974 lilio
1490 1916 1529 1974 Α.
1541 1913 1744 1976 subdiacono

9 2004 14 2103 ζ
107 2022 151 2081 Aa
170 2022 371 2095 episcopum
387 2017 659 2087 atrebatensem,
679 2015 834 2078 abbatem
853 2017 895 2077 aa
948 2007 1290 2085 etcapellanonostro
1304 2009 1456 2072 auditore
1470 2026 1641 2083 concesso,
1657 2011 1746 2073 idem

9 2122 15 2177 ;
145 2113 893 2189 Vaner„cameraoens,ataee.‚etcnesaura-
949 2104 1096 2183 episcopi
1118 2108 1314 2183 procurator
1340 2106 1434 2183 petiit
1459 2122 1571 2169 coram
1593 2123 1633 2170 eo
1659 2124 1748 2186 prae-

10 2272 16 2283 ,
139 2217 229 2275 num
243 2215 545 2276 cameracensem.
949 2201 1112 2264 dictorum
1123 2202 1273 2279 judicum
1287 2204 1486 2267 sententiam
1500 2206 1534 2267 et
1549 2204 1641 2266 nulia
1656 2220 1748 2283 pror·

391 2340 427 2399 ld
445 2340 497 2399 dee
529 2338 597 2398 titt
950 2314 1007 2360 sus
1015 2299 1438 2378 appellationeenspensam
1446 2302 1643 2365 auctoritate
1653 2302 1748 2364 Sedis

501 2382 508 2396 '
601 2381 608 2395 ”
950 2396 1148 2473 apostoliea
1163 2397 1366 2467 confirmari,
1388 2397 1550 2460 exhibens
1570 2415 1670 2476 super
1685 2399 1750 2462 hoc

9 2488 14 2501 '
147 2483 253 2548 [negat.
264 2482 313 2533 nh.
323 2481 345 2542 1,
355 2480 429 2547 epist.
444 2479 559 2532 tsentss.
571 2481 609 2532 na
619 2480 693 2531 Porta
707 2478 742 2530 (¹¹¹
754 2479 850 2546 rnen]
952 2492 1147 2556 relationem
1165 2494 1317 2571 judicum
1342 2495 1543 2569 eorumdem,
1568 2497 1602 2559 et
1621 2497 1747 2574 petens,

953 2589 990 2650 ut
1002 2589 1163 2667 rescripta
1182 2592 1397 2670 interpretari
1415 2607 1476 2670 pro
1495 2595 1650 2671 episcopo
1671 2594 1749 2670 dig-

953 2702 1120 2750 naremur.
1155 2690 1238 2750 Pars
1270 2690 1381 2751 autem
1411 2690 1518 2752 altera
1542 2705 1586 2752 ex
1610 2691 1750 2754 adverso

953 2785 1136 2862 respondit,
1161 2785 1248 2863 quod
1272 2786 1332 2848 illa
1355 2786 1520 2849 sententia
1545 2787 1637 2849 nulla
1665 2791 1749 2863 erat,

954 2897 1016 2944 nec
1045 2881 1169 2944 habere
1195 2898 1315 2946 nomen
1343 2885 1516 2947 sententiae
1549 2885 1750 2957 merebatur,

109 2659 237 2733 Praecipit,
256 2664 293 2717 ut
311 2657 342 2716 in
358 2670 444 2715 causa
460 2657 533 2715 inter
546 2656 769 2717 Noviomensem
785 2656 896 2729 episco-

137 2762 200 2820 pum
217 2753 248 2805 ct
269 2745 414 2804 decanum
436 2746 632 2803 Percnensem
651 2744 807 2818 procedant
819 2744 898 2818 juxta

138 2835 242 2894 litteras
258 2832 298 2893 uh
309 2834 477 2903 innocentio
487 2835 529 2892 111
539 2833 575 2892 20
586 2832 654 2890 maii
665 2833 746 2892 illd.

11 3040 12 3045 ,
141 2985 322 3059 Honorius,
339 2985 415 3056 etc,
430 2983 614 3048 venerabili
635 2983 732 3047 tratri
745 2984 900 3062 episcopo
954 2981 1066 3057 utpote
1081 2997 1154 3059 quae
1169 2997 1235 3043 non
1248 2998 1268 3043 a
1283 2982 1352 3043 suis
1362 2982 1532 3060 judicibus
1543 2985 1668 3046 temere
1681 2984 1751 3046 lata

109 3084 311 3154 atrebaten„
330 3082 525 3159 dilectisque
541 3081 620 3143 liliis
641 3080 753 3143 abbati
770 3081 811 3143 de
825 3080 902 3143 Val·
955 3078 1036 3150 crat,
1049 3093 1110 3140 nec
1124 3078 1263 3141 debebat
1275 3079 1356 3142 tides
1371 3080 1527 3143 relationi
1541 3082 1754 3160 taliumjudi·

109 3196 178 3255 sen,
197 3184 416 3245 cameracen.
444 3178 607 3250 dioecesis,
633 3180 666 3241 et
690 3179 900 3242 thesaurario
955 3191 1029 3236 cnm
1043 3175 1212 3253 exhiberi3
1225 3175 1303 3255 quia
1313 3178 1454 3252 constat,
1464 3177 1551 3256 quod
1561 3178 1754 3242 excusando

110 3279 318 3342 cameracen.
424 3286 426 3289 ·
956 3288 991 3334 se
999 3272 1542 3349 archidiaconusBelvacen.,sicut
1551 3276 1782 3340 inrelatione·

147 3376 291 3440 litteras
316 3369 425 3436 felicis
451 3373 691 3436 recordationis
717 3373 902 3435 innocentii
952 3369 1102 3446 judicum
1137 3370 1342 3445 continetur,
1375 3372 1643 3450 jnriedictionem
1671 3391 1692 3435 a
1719 3391 1756 3437 se

109 3488 193 3550 papae
200 3471 462 3552 praedecessoris
470 3470 575 3534 nostri
583 3470 679 3534 nobis
686 3471 902 3549 praesentatas
956 3466 1088 3544 penitus
1103 3466 1279 3541 abdicavit,
1296 3470 1329 3531 et
1347 3469 1485 3547 praelato
1501 3471 1627 3534 decano
1641 3473 1678 3534 in
1693 3488 1755 3534 ar-

111 3571 294 3649 accepimus
309 3569 348 3641 in¹
364 3568 453 3631 hunc
478 3569 611 3631 modum
633 3585 671 3629 :tt
691 3568 903 3631 Innocentius
957 3565 1189 3627 chidiaconum
1208 3566 1371 3629 Parisien.
1395 3568 1568 3642 translato,
1587 3570 1673 3647 quod
1693 3587 1756 3632 ne-

111 3667 291 3745 episcopns,
309 3680 426 3727 servus
442 3679 615 3727 serrorum
632 3665 703 3733 Dei,
718 3663 904 3726 venerabili
957 3663 1030 3738 gari
1053 3678 1120 3724 non
1142 3665 1260 3741 potest,
1272 3665 1463 3741 jurisdictio
1484 3666 1651 3743 expiravit
1662 3669 1755 3745 ejus-

110 3760 199 3824 iratri
218 3763 380 3840 episcopo
399 3760 594 3824 atrebaten.
619 3762 652 3823 et
674 3761 803 3823 dilectis
824 3760 904 3822 liliis
958 3760 1042 3832 dem,
1052 3776 1151 3836 quum
1162 3776 1339 3838 suppresso
1347 3778 1498 3838 personae
1512 3763 1645 3824 nomine
1653 3779 1756 3827 causa

110 3859 213 3922 abbati
231 3861 276 3923 de
290 3860 434 3932 Valser.‚
451 3859 662 3921 cameracen.
687 3858 855 3931 dioecesis,
872 3858 905 3920 et
958 3872 1024 3918 non
1037 3856 1220 3918 Parisiensi
1233 3858 1481 3931 archidiacono,
1496 3860 1554 3920 sed
1568 3862 1755 3923 senonensi

110 3956 317 4020 thesaurario
333 3958 558 4028 cameracen„
572 3956 713 4018 salutem
725 3957 759 4018 et
770 3956 906 4034 aposto-
959 3954 1084 4016 decano
1095 3953 1195 4016 luerit
1205 3954 1367 4032 delegata.
1377 3957 1506 4034 Adjecit
1516 3973 1656 4035 quoque,
1669 3959 1756 4035 quod

111 4052 201 4116 licant
229 4052 509 4117 benedictionem.
541 4054 623 4114 Cum
657 4052 737 4114 olim
769 4040 906 4115 causam
960 4051 990 4112 si
1006 4051 1273 4129 jurisdictionem
1294 4053 1396 4116 etiam
1416 4054 1620 4128 habuissent,
1637 4071 1758 4133 perpe-

111 4165 177 4227 qure
186 4151 277 4215 inter
287 4149 515 4213 venerabilem
530 4148 667 4212 fratrem
682 4151 831 4213 nostrum
841 4152 906 4213 No-
959 4164 1031 4211 ram
1045 4151 1294 4226 processerunt,
1306 4152 1384 4228 quia
1399 4167 1472 4213 cum
1492 4153 1670 4229 praedictus
1687 4155 1758 4215 Pe·-¹

110 4247 246 4312 nemen.
263 4248 477 4326 episcopum,
498 4247 532 4309 et
551 4247 713 4309 decanum
728 4250 903 4321 peronen,
960 4247 1113 4309 renensis
1123 4247 1270 4316 decanus
1280 4249 1563 4327 praescriptionem
1573 4250 1755 4327 probasset,

112 4344 303 4408 Neriomen.
340 4343 504 4415 dioecesis,
538 4359 638 4422 super
672 4345 905 4422 jurisdictione
960 4342 1759 4424 asserueruntilllpraescriptionemracationese-

1 4474 3 4477 >
113 4443 277 4505 Peronen.
320 4442 423 4505 castri
458 4442 622 4514 vertitur,
665 4444 835 4505 Senonen.
874 4444 907 4505 et
961 4442 1758 4524 disNoriomensisinterruptamfuisse,quamvis

115 4539 336 4602 saresberien.
352 4539 487 4601 decanis
501 4539 580 4601 tunc
594 4540 734 4601 Parisiis
755 4556 905 4602 commo·
961 4554 1023 4599 nec
1038 4538 1126 4600 sedis
1140 4540 1271 4602 vacatio
1288 4540 1333 4602 sit
1346 4539 1495 4617 probata,
1512 4557 1585 4618 quae
1606 4542 1635 4601 si
1657 4542 1758 4602 etiam

10 4630 18 4727 ξ
113 4638 269 4709 rantibus,
291 4639 327 4699 et
346 4635 547 4699 cancellario
571 4638 747 4700 carnoten.
769 4638 907 4699 commi·
960 4635 1232 4713 probataiuisset,
1243 4653 1452 4714 nequaquam
1460 4636 1545 4699 leret
1552 4638 1759 4715 praescriptio

116 4732 268 4796 sissemus
308 4734 376 4795 line
417 4734 527 4797 debito
569 4734 833 4807 terminandam,
875 4736 908 4798 et
961 4732 1162 4809 interrupta,
1194 4734 1251 4795 sed
1281 4733 1399 4796 debeat
1431 4735 1540 4810 potius
1572 4736 1759 4796 vacationis

116 4832 316 4905 postmodum
333 4832 533 4895 cancellario
548 4832 705 4909 praedicto
722 4831 852 4894 subiato
867 4833 907 4895 de
961 4831 1093 4908 tempus
1114 4829 1280 4892 demedio
1302 4830 1486 4908 supputari.
1502 4832 1550 4894 Ad
1570 4832 1643 4894 haec
1658 4850 1758 4911 quum

116 4928 239 5003 medio,
285 4929 594 5007 subrogarissemus
635 4930 907 4993 archidiaconum
962 4929 1030 4991 tota
1056 4927 1194 5005 quaestio
1216 4928 1257 4989 de
1278 4928 1528 5005 privilegiorum
1550 4930 1677 4993 viribus
1696 4932 1759 4994 de-

115 5024 301 5100 Belracen.,
323 5027 501 5104 pradictus
534 5028 708 5106 episcopus
738 5030 909 5107 proposuit
962 5026 1131 5104 penderet,
1144 5025 1173 5086 si
1196 5026 1237 5087 de
1261 5026 1408 5103 ipsorum
1430 5027 1760 5106 interpretationibus

117 5136 225 5184 coram
243 5125 304 5198 eis,
322 5125 364 5186 ad
387 5141 424 5187 se
447 5125 631 5203 plenariam
641 5125 909 5203 jurisdictionem
963 5121 1172 5193 dubitabant,
1191 5125 1362 5184 Summum
1381 5124 1587 5199 Pontificem,
1601 5130 1695 5205 eujus
1711 5128 1762 5189 est

117 5233 288 5284 cansarum
312 5223 536 5300 spiritualium
556 5223 624 5286 tam
648 5223 795 5285 civilium
811 5240 909 5303 quam
964 5219 1138 5298 privilegia
1159 5220 1312 5294 condere,
1328 5222 1362 5284 et
1381 5221 1593 5301 interpretari
1615 5223 1758 5297 condita,

116 5315 334 5380 criminalium
359 5319 536 5396 pertinere.
559 5322 712 5382 Decanus
727 5335 808 5382 vero
828 5320 909 5382 inii-
964 5316 1138 5380 consulere
1159 5317 1353 5382 debuerunt.
1376 5319 1439 5382 Sed
1463 5321 1529 5397 ipsi
1550 5320 1665 5382 ordine
1684 5336 1762 5397 per-

117 5411 205 5474 ciens
230 5415 262 5477 id
288 5416 423 5477 omnino
445 5417 730 5494 praescriptionem
751 5418 910 5495 temporis
963 5413 1094 5477 turbato
1120 5415 1213 5492 prius
1237 5416 1278 5477 ad
1305 5419 1505 5481 sententiam
1533 5418 1759 5495 procedentes,

117 5508 149 5569 et
160 5513 430 5589 compositionem
453 5514 532 5576 olim
554 5515 642 5577 inter
655 5517 691 5576 Β.
707 5516 911 5577 Noviomen-
964 5513 1095 5574 demum
1107 5528 1168 5574 nos
1183 5530 1284 5592 super
1295 5514 1348 5576 his
1361 5516 1582 5577 consulendos
1594 5515 1762 5579 duxerunt

119 5621 185 5669 sem
199 5610 399 5688 episcopum,
414 5612 446 5673 et
459 5612 640 5690 capitulum
656 5614 818 5675 Peronen.
835 5614 910 5675 irri-
964 5627 1064 5704 quum
1075 5612 1145 5687 jam
1156 5611 1315 5673 desierint
1329 5629 1402 5675 esse
1415 5613 1666 5691 jndicessemel
1682 5614 1762 5677 licet

257 5781 371 5827 narsei.
390 5782 464 5826 ron
483 5770 521 5828 li.
1573 5773 1599 5829 t.
