3900 6202
189 331 251 393 aba

192 485 442 569 parochialibus
466 482 617 548 ecclesiis
644 478 988 549 919111191199199199,

192 587 454 650 contradictores
482 580 646 659 quoslibet
681 580 735 641 vel
763 580 903 642 rebelles
932 595 992 658 per

193 701 369 749 censuram
380 680 654 749 ecclesiasticam,
669 678 892 756 appellatione
905 680 992 756 post-

192 785 314 864 posita,
345 778 596 857 compescendo,
626 778 778 839 eumdem
801 777 990 855 archiepis-

192 896 345 960 copuma
358 877 536 942 collatione
547 876 784 938 beneficiorum
795 876 993 937 auctoritate

187 976 377 1057 apostolica
388 973 609 1052 suspendatis,
621 975 658 1035 ut
671 974 705 1034 et
715 972 786 1050 ipse
799 973 834 1033 in
846 988 886 1034 eo
896 988 992 1051 aequo

184 1075 320 1155 judicio
336 1072 493 1152 puniatur
509 1071 543 1132 19
567 1086 631 1149 quo
644 1070 803 1148 probatus
818 1070 920 1132 luerit
934 1070 994 1130 de·

196 1173 347 1253 liquisse,
375 1172 410 1232 et
439 1171 493 1231 liis
516 1169 636 1246 quibus
660 1171 733 1247 ejus
760 1168 857 1245 culpa
883 1167 994 1230 extitit

190 1271 514 1347 Ι99991191119,9999
534 1267 626 1328 91119
641 1266 839 1344 exemplum.
857 1265 948 1339 Quod
964 1265 993 1325 si

192 1387 264 1433 999
285 1384 413 1436 omues,
433 1367 508 1438 eto,
532 1365 846 1437 (1991991199919.
874 1367 993 1426 Datum

197 1467 365 1538 Laterani,
380 1466 495 1544 quinto
505 1463 581 1525 idus
592 1463 766 1536 februarii,
781 1462 996 1541 pontificatus

194 1566 303 1630 nostri
317 1580 406 1627 anuo
421 1563 542 1642 primo.

517 1741 675 1829 CCXIII

193 1918 248 1978 Ad
267 1913 477 1992 1999191999
495 1911 528 1974 91
556 1911 841 1987 99119991111119
867 1914 996 1987 Templi

477 2012 515 2071 19
528 2012 713 2085 Hispania.

488 2140 607 2199 1919111.
625 2141 704 2198 titt.

196 2266 269 2334 [cort
290 2267 335 2319 lat.
356 2267 428 2331 titt,
452 2265 622 2331 plebum
644 2265 822 2332 Bibliothecae
841 2264 993 2328 nationale]

196 2401 245 2460 1119
263 2400 414 2460 confirmat
434 2408 528 2459 999119
559 2399 671 2459 Radani
696 2407 726 2458 91
752 2399 945 2461 Castelbaneae
964 2399 993 2457 in

231 2490 366 2547 frontaria
381 2492 590 2547 Saracenorum
604 2488 633 2546 iu
646 2504 737 2562 19999
746 2489 937 2561 Ρ91111991119,
949 2504 995 2546 ea·

231 2589 287 2649 que
301 2574 355 2633 sub
368 2574 397 2633 b.
418 2575 494 2635 Petri
513 2575 689 2647 protectione
702 2575 820 2648 suscipit
833 2590 885 2647 pro
898 2589 993 2631 annuo

230 2679 321 2722 censu
339 2665 425 2721 unius
439 2658 531 2722 119919
555 2664 617 2722 auri
634 2662 688 2721 sibi
706 2663 822 2737 91119999
841 2677 991 2721 successo·

233 2753 312 2811 ribus
322 2753 522 2827 persolvendo.

236 2882 317 2942 Cum
337 2897 357 2941 a
374 2880 471 2943 nobis
498 2881 631 2959 petitur,
655 2883 744 2942 etc...
765 2896 873 2955 119999
889 2879 992 2942 19911-

198 2979 280 3050 nati,
305 2979 421 3040 Castra
436 2979 563 3040 Rodan.
587 2979 620 3040 et
638 2976 845 3039 Castelbanc.
866 2979 993 3056 quaein

198 3076 362 3138 frontaria
391 3078 635 3138 Saracenorum
670 3075 706 3135 ia
733 3090 837 3151 regno
865 3076 991 3137 Portu-

194 3173 317 3250 galliae,
339 3173 525 3234 auxiliante
549 3173 689 3234 Domino
712 3172 886 3246 statuistis,
916 3189 992 3234 cum

167 3269 358 3342 ··eoclesiis,
386 3270 652 3348 possessionibus
671 3269 705 3332 et
728 3269 827 3331 rebus
851 3269 929 3331 aliis
949 3272 991 3332 ad

194 3368 268 3446 ipsa
283 3368 323 3429 de
334 3371 412 3445 1919
431 3367 655 3445 spectantibus
670 3367 731 3429 sub
749 3367 839 3430 beati
855 3369 946 3430 Petri
958 3371 992 3431 et

193 3466 307 3527 nostra
328 3466 530 3544 protectione
549 3465 761 3544 suscipimus,
780 3467 813 3528 et
825 3483 865 3528 ea
880 3468 991 3529 castra

193 3563 944 3643 999999119999919119119,919911999]9919
959 3567 992 3628 91

193 3661 331 3740 pacifice
352 3662 541 3739 possidetis,
559 3660 655 3724 vobis
674 3665 708 3725 91
726 3678 786 3741 991
803 3679 862 3726 199
878 3663 991 3724 domui

191 3760 310 3821 vestrae
331 3759 528 3822 auctoritate
548 3761 739 3837 apostoliea
754 3761 990 3822 confirmamus

192 3862 225 3919 et
230 3858 404 3935 praesentis
414 3857 721 3936 99119119911991919
735 3860 988 3933 9999991999,

191 3954 234 4015 ad
246 3955 410 4032 judicium
424 3956 525 4034 119199
536 3956 753 4032 protectionis
766 3973 786 4018 a
797 3957 894 4019 nobis
909 3973 988 4018 sus-

191 4054 295 4130 ceptae
309 4052 415 4132 119991
429 4054 561 4114 999199
583 4054 657 4115 9911
683 4054 779 4116 nobis
801 4055 989 4133 nostrisque

192 4150 440 4212 successoribus
456 4151 553 4211 aunis
569 4151 711 4226 singulis
724 4168 844 4213 census
855 4153 988 4214 nomine

189 4248 396 4325 persolvetis.
414 4247 507 4310 Nulli
520 4262 611 4323 9199,
625 4249 713 4308 919...
727 4251 991 4326 9991199919199

190 4344 416 4415 1199191119...
444 4344 479 4405 Si
503 4344 577 4420 quis
605 4344 728 4417 autem,
752 4347 843 4407 etc...
868 4349 988 4408 Datum

189 4439 364 4513 Laterani,
392 4441 437 4502 tv
464 4440 540 4501 idus
571 4439 753 4517 februarii,
775 4443 988 4520 pontificatus

190 4537 297 4600 nostri
311 4553 400 4600 9999
412 4538 533 4617 91199.

507 4680 660 4803 conv

236 4834 290 4893 Ad
300 4834 476 4895 Androcus
490 4836 686 4909 9919999999
699 4837 929 4898 1999199999.

484 4965 516 5021 11
530 4962 585 5022 leb.
601 4965 680 5024 tiit.

186 5067 751 5135 [111119919989991111919991911919,1.1,
766 5088 792 5138 9.
807 5072 861 5133 tii,
876 5088 903 5125 9.
918 5074 983 5139 ltu]

185 5182 331 5254 Concedit,
352 5190 392 5253 ut,
413 5183 439 5242 91
463 5192 577 5258 9199191
599 5188 932 5246 1911191999191199199
953 5190 982 5247 iu

220 5273 311 5346 ipsius
328 5273 475 5346 provincia
493 5273 636 5347 expediat,
652 5277 766 5350 eosqui
781 5291 838 5334 999
852 5278 909 5336 sint
923 5280 983 5336 uati

220 5360 256 5419 de
269 5361 399 5435 19911199
411 5363 605 5433 matrimonio,
617 5363 772 5424 dummodo
787 5381 844 5424 nou
856 5367 913 5425 siut
926 5383 979 5441 99-

219 5450 271 5505 niti
292 5449 328 5507 (19
348 5449 473 5509 99199119
497 5451 695 5522 99919191919,
717 5452 754 5511 ad
772 5470 885 5513 sacram
904 5458 979 5515 mili·

217 5537 286 5593 tiam
300 5546 437 5597 assumat.

224 5658 391 5720 Honorius
423 5666 615 5743 episcopus,
656 5683 773 5732 servus
807 5686 977 5734 servorum

800 321 976 384 IIONORII
999 320 1044 380 III
1065 320 1213 382 ordita.

1782 325 1839 389 261

1044 481 1115 553 Dei,
1144 480 1329 545 venerabili
1356 482 1453 546 fratri
1476 482 1728 563 archiepiscopo
1751 487 1843 548 Lun-

1045 580 1158 652 densi,
1181 580 1322 642 salutem
1347 581 1381 643 91
1399 582 1614 659 apostolicam
1630 582 1840 646 benedictio-

1044 694 1131 739 9919.

1085 777 1286 855 Plerumque
1309 777 1453 839 oleaster
1478 778 1623 841 insertus
1651 778 1766 851 olivae,
1784 794 1846 840 na·

1046 874 1114 936 tiva
1133 874 1278 935 ruditate
1291 874 1453 952 deposita,
1466 875 1673 939 dulcedinem
1693 876 1760 939 sibi
1772 894 1847 937 mu-

1046 972 1118 1034 tuat
1138 970 1292 1045 alienam,
1319 973 1352 1035 et
1372 972 1418 1047 111,
1431 975 1489 1051 qui
1514 976 1592 1035 sunt
1618 974 1662 1036 de
1689 978 1847 1052 corrupta

1047 1084 1157 1130 massa
1176 1067 1321 1143 formati,
1332 1086 1392 1147 per
1405 1071 1551 1149 optionis
1567 1071 1724 1148 gratiam,
1738 1073 1848 1149 gratia

1047 1167 1145 1229 electi
1180 1169 1259 1231 sunt
1287 1184 1369 1230 vasa
1398 1168 1536 1231 bonoria
1565 1170 1601 1231 in
1622 1169 1848 1231 ministerium

1048 1265 1178 1326 Domini
1194 1265 1370 1343 deputata3
1390 1281 1627 1345 nonnunquam
1639 1268 1741 1329 etiam
1762 1267 1848 1344 quod

1048 1361 1184 1425 abstulit
1209 1362 1358 1425 deiectus
1381 1363 1533 1440 originis,
1561 1364 1696 1442 9199191
1727 1364 1850 1426 delicta

1048 1460 1535 1540 991991991199919919991119
1548 1462 1695 1525 restituit
1710 1463 1852 1525 merito-

1049 1576 1122 1620 rum
1141 1575 1199 1637 per
1222 1559 1457 1622 ecclesiastica
1482 1560 1683 1638 provisionis
1711 1560 1850 1622 miseri-

1049 1656 1197 1719 cordiam
1209 1658 1468 1735 dispensantem,
1483 1659 1520 1721 ut
1533 1674 1600 1721 999
1621 1658 1664 1720 911
1684 1659 1775 1736 apud
1799 1658 1848 1719 il·

1049 1757 1117 1817 lum
1132 1755 1310 1829 distinctio,
1328 1757 1384 1835 qui
1398 1762 1435 1818 ut
1447 1756 1587 1834 utraque
1606 1755 1731 1818 iaceret
1743 1772 1848 1817 unum

1049 1857 1225 1932 utrumque
1242 1855 1402 1933 parietem
1416 1855 1452 1915 19
1471 1870 1508 1915 se
1529 1855 1726 1917 connectere
1740 1853 1849 1916 voluit

1049 1953 1192 2031 lapidem
1214 1948 1419 2030 angularem.
1434 1953 1526 2014 Licet
1539 1954 1649 2014 autem
1663 1953 1849 2014 undecum-

1049 2066 1113 2129 que
1134 2052 1315 2112 nascaniur
1333 2050 1485 2112 homines
1502 2052 1660 2128 quantum
1674 2050 1716 2111 ad
1741 2052 1848 2112 Deum

1049 2150 1134 2211 salvi
1149 2149 1225 2221 9191,
1247 2150 1276 2209 91
1292 2150 1464 2226 99199199
1478 2148 1559 2209 11119
1578 2164 1645 2209 999
1664 2150 1848 2221 sectentur,

1049 2247 1186 2325 provida
1201 2249 1312 2309 tamen
1333 2246 1396 2309 init
1410 2246 1706 2323 circumspectione
1727 2246 1847 2323 provi-

1049 2362 1132 2417 sum,
1147 2347 1184 2407 ut
1193 2344 1304 2424 hi,qui
1316 2345 1391 2405 sunt
1406 2344 1526 2422 9111999
1539 2345 1713 2406 nativitate
1725 2344 1846 2417 991911,

1048 2459 1068 2504 a
1088 2443 1193 2504 999119
1218 2443 1390 2504 ordinibus
1412 2444 1600 2515 arceantur,
1628 2443 1736 2504 91919
1763 2443 1850 2521 19919

1048 2541 1568 2619 91111199191191199919919119911
1589 2540 1764 2619 praemium
1786 2557 1847 2602 sa-

1048 2638 1127 2700 lutis
1152 2640 1298 2712 9191999,
1318 2640 1350 2699 91
1371 2639 1512 2700 91191119
1535 2637 1577 2699 ad
1603 2639 1767 2699 terrorem
1787 2654 1850 2716 per

1048 2738 1293 2814 coniunctionis
1329 2737 1455 2798 illicitae
1490 2736 1595 2814 pollui
1629 2736 1849 2813 voluptatem.

1047 2838 1171 2898 Verum
1187 2837 1265 2914 quia
1280 2835 1336 2897 ubi
1349 2836 1489 2914 penuria
1504 2835 1555 2896 est
1567 2850 1692 2907 eorum,
1708 2835 1765 2913 qui
1779 2851 1850 2896 ma·

1047 2933 1222 3009 gistratum
1237 2934 1357 2995 debent
1380 2934 1560 3011 suscipere,
1584 2932 1779 2994 immunitas
1803 2932 1848 2994 ad

1048 3031 1172 3109 aliquid
1181 3031 1346 3108 frangitur
1353 3032 1451 3110 juxta
1460 3031 1627 3107 legitimas
1641 3030 1848 3104 sanctiones,

1048 3145 1115 3190 non
1129 3146 1148 3190 a
1164 3129 1266 3191 simili
1280 3130 1421 3203 ratione,
1433 3129 1468 3190 in
1487 3128 1541 3190 his
1562 3128 1644 3190 locis
1664 3129 1698 3189 in
1721 3128 1849 3206 quibus

1047 3229 1098 3289 est
1108 3228 1248 3304 9999119
1264 3226 1679 3298 9191199199,99999911919
1691 3243 1731 3288 99
1746 3227 1848 3289 utili-

1045 3325 1114 3387 1919
1129 3326 1386 3403 9999119999
1397 3325 1447 3387 991
1459 3324 1706 3388 ecclesiasticus
1717 3325 1850 3402 tempe-
1942 3354 1943 3357 =

1045 3422 1181 3492 raudus,
1193 3424 1378 3500 praesertim
1389 3440 1464 3484 cum
1476 3439 1536 3500 per
1546 3424 1849 3500 temperamentum

1046 3520 1236 3599 hujusmodi
1248 3537 1315 3583 non
1327 3523 1501 3598 rumpatur
1514 3537 1637 3582 9911119
1648 3520 1846 3591 canonicus,

1047 3618 1104 3679 sed
1129 3619 1291 3681 flectatur.
1307 3621 1499 3696 Eaproptar,
1516 3619 1637 3679 dilecte
1651 3619 1686 3679 in
1701 3618 1846 3679 Domino

1045 3716 1167 3787 irater,
1196 3717 1375 3794 pastoralis
1400 3717 1503 3778 oflicii
1536 3715 1746 3791 vigilantiam
1780 3730 1847 3794 qua

1046 3830 1146 3892 super
1160 3815 1292 3877 Domini
1304 3830 1439 3891 gregem
1453 3814 1595 3891 vigilare
1606 3814 1730 3875 diceris
1740 3815 1846 3875 atten-

1045 3912 1170 3986 dentes,
1184 3912 1449 3975 auctoritatetibi
1464 3912 1678 3990 praesentium
1692 3910 1847 3988 indulge·

1044 4009 1189 4083 999111,
1212 4011 1241 4071 si
1261 4010 1391 4088 quando
1402 4011 1537 4088 propter
1550 4009 1727 4071 raritatem
1743 4009 1848 4070 cleri-

1045 4124 1158 4169 corum
1185 4109 1221 4170 in
1243 4110 1301 4170 tua
1323 4109 1495 4186 provincia
1518 4107 1643 4170 videris
1670 4107 1845 4184 expedire,
1897 4158 1904 4165 .

1044 4206 1129 4283 quod
1145 4207 1180 4267 bi
1198 4207 1255 4285 qui
1275 4223 1343 4270 999
1358 4207 1435 4268 sunt
1448 4206 1519 4268 nati
1538 4205 1579 4267 de
1602 4205 1752 4281 legitimo
1769 4220 1846 4265 ma-

1042 4304 1210 4377 trimonia,
1236 4304 1411 4367 dummodo
1432 4321 1500 4367 nou
1514 4304 1581 4366 siut
1603 4303 1709 4379 geniti
1727 4303 1769 4365 de
1784 4319 1848 4365 ne·

1043 4402 1142 4465 lando
1157 4401 1385 4475 contubernia,
1403 4419 1462 4464 seu
1472 4402 1572 4465 utinm
1587 4401 1797 4468 detestando,
1811 4402 1846 4462 et

1042 4516 1172 4563 morum
1187 4500 1344 4562 honestas
1358 4516 1397 4562 ac
1413 4500 1600 4562 litteratura
1617 4499 1653 4560 in
1668 4498 1723 4559 1119
1743 4498 1846 4577 adje-

1042 4599 1137 4671 cerit,
1154 4598 1240 4676 quod
1255 4596 1506 4674 legitimationis
1524 4594 1674 4658 deiectus
1694 4596 1731 4658 19
1747 4596 1842 4658 9911-

1041 4699 1145 4760 111919
1167 4694 1323 4769 detraxit,
1338 4695 1379 4757 ad
1402 4711 1532 4758 sacram
1553 4694 1708 4756 militiam
1735 4710 1841 4757 assu-

1041 4797 1184 4869 mantur,
1202 4795 1232 4856 si
1246 4794 1375 4856 utilitas
1388 4794 1451 4856 1199
1465 4793 1625 4870 exposcat
1639 4793 1672 4854 91
1693 4793 1845 4855 scanda-

1040 4889 1845 4968 lumnonobsistat,dispensandicumquibusdam

1039 4990 1178 5053 liberam
1204 4989 1330 5051 habeas
1348 4987 1550 5061 facultatem,
1573 5002 1613 5049 ea
1627 4988 1743 5051 199199
1765 5005 1845 5050 mo·

1039 5086 1846 5159 derationeadbibita,ut,causaeessante,cesset

1037 5187 1072 5249 id
1097 5187 1183 5266 quod
1207 5185 1372 5247 indultum
1387 5184 1459 5247 iore
1482 5183 1691 5261 dignoscitur
1705 5186 1847 5262 proptor

1038 5301 1190 5356 causam,
1215 5300 1290 5345 cum
1305 5283 1362 5344 ubi
1383 5282 1475 5343 nulla
1498 5298 1611 5344 rerum
1635 5281 1690 5343 vel
1705 5284 1842 5361 tempo-

1035 5400 1110 5446 rum
1133 5384 1230 5459 urget
1245 5381 1419 5458 angustia,
1443 5379 1591 5442 illibatas
1615 5379 1761 5443 velimus
1779 5397 1841 5442 sa·

1036 5498 1112 5543 cras
1123 5480 1258 5558 regulas
1271 5478 1441 5542 custodiri.
1458 5477 1577 5542 Datum
1601 5478 1774 5553 Laterani,
1791 5481 1840 5541 ΙΙΙ

1033 5579 1111 5640 idus
1141 5577 1314 5649 fabruarii,
1352 5576 1566 5655 pontificatus
1602 5576 1711 5638 nostri
1748 5592 1842 5639 9999

1034 5691 1153 5758 91199.
