3928 6200
183 204 226 262 35
800 214 977 277 HONORII
1000 219 1044 278 Ill
1066 220 1215 282 OPERA.

184 360 331 443 ejusdem
347 364 467 427 nobilis
483 368 712 445 perspeximus
729 372 903 445 contineri,
917 390 980 436 ra·

182 463 235 522 166
263 461 423 524 babemus
451 467 564 526 61666
588 467 754 543 perpetuis
775 470 979 547 temporibus

182 559 330 621 illibatas
345 561 554 622 decernimus
563 578 770 639 permanere,
783 569 877 644 cujus
890 567 979 631 1666-

181 671 253 717 666
272 657 313 718 16
331 657 432 719 verbo
453 657 649 720 adverbum
670 664 826 737 praesenti
849 665 977 741 paginae

181 753 337 814 duximus
348 754 559 816 inserendum
570 753 629 835 (1).
644 758 736 818 Nulli
752 775 843 835 ergo,
861 762 924 824 616.
941 763 977 824 Si

181 851 595 926 quisautem,etc.1)atuui
610 857 902 928 Laterani‚13kal.
918 875 977 921 oc-

178 947 294 1019 tobris,
311 949 521 1026 pontificatus
536 952 641 1014 nostri
656 968 744 1014 anno
757 955 873 1031 primo.

524 1164 630 1252 XXV

302 1342 354 1402 Ad
365 1343 571 1404 Scantiniam
584 1345 626 1404 de
646 1346 845 1407 1161616666.

480 1455 514 1513 aa
530 1461 603 1528 sept.
621 1457 700 1514 (66.

227 1575 335 1641 [aaut.
348 1576 562 1643 11616616115.
576 1579 633 1629 llas.
647 1580 683 1631 La
699 1579 772 1631 Porta
782 1579 818 1631 du
832 1580 925 1643 l'bail.]

176 1728 311 1786 savarico
329 1727 365 1786 16
383 1731 542 1788 llalaleone
562 1730 713 1789 66616661
736 1730 920 1790 donationem
945 1731 973 1789 61

212 1815 315 1874 166166
334 1831 350 1874 6
370 1832 440 1891 rege
464 1818 577 1892 anglie
600 1818 680 1876 salvo
701 1818 764 1892 jnre
784 1818 973 1893 quarumlibet

210 1905 406 1964 ecclesiarum.

212 2050 392 2121 Honorino,
416 2051 491 2123 616.,
519 2050 623 2112 nobili
649 2053 721 2113 viro
750 2052 908 2114 savarico
930 2052 971 2115 de

173 2146 361 2208 Malaleone
375 2148 617 2225 crucesignato,
639 2149 791 2222 salutem,
808 2150 870 2212 etc.

214 2246 432 2307 sacrosancta
446 2247 594 2308 Romana
607 2246 755 2308 Ecclesia
768 2247 915 2320 devotos,
930 2264 969 2309 66

173 2340 316 2403 humiles
331 2357 374 2402 ex
392 2344 525 2404 assueto
542 2343 675 2420 pietatis
696 2343 806 2406 611616
820 2360 967 2422 propen-

173 2438 244 2498 sius
259 2438 399 2514 diligera
411 2440 592 2511 cousuevit,
609 2442 642 2502 et
657 2456 699 2502 ne
715 2456 892 2518 pravorum
906 2440 971 2503 bo-

173 2535 300 2597 minum
315 2535 477 2599 molestiis
487 2536 665 2614 agitentur,
678 2553 735 2599 eos
746 2539 904 2616 tanquam
911 2539 968 2616 pia

173 2632 280 2694 mater
288 2649 357 2695 suae
365 2633 580 2711 protectionis
588 2634 771 2696 munimine
779 2635 965 2698 contovere.

172 2732 220 2792 116
232 2731 376 2808 6666166,
394 2730 558 2793 111661616
568 2732 707 2795 Domitio
720 2732 779 2806 111,
792 2733 857 2795 tuis
866 2732 967 2811 iustis

172 2827 387 2905 petitionibus
402 2827 566 2902 inclinati,
592 2830 850 2904 concessionem,
867 2847 967 2908 quam

177 2925 371 2987 carissimus
387 2926 423 2988 in
436 2926 566 2989 Christo
584 2927 673 2988 illius
690 2929 804 2990 noster
818 2930 965 2991 1666666

174 3038 236 3084 rex
254 3022 435 3099 ,16616666
457 3023 597 3086 111661616
622 3024 779 3086 1616616
799 3022 964 3103 6666166-

172 3118 415 3181 666116616111
430 3119 471 3180 16
485 3120 672 3193 Mondevio,
689 3122 722 3183 61
736 3120 911 3197 1166166111
925 3120 965 3183 16

171 3216 345 3279 Cornibutt
359 3215 400 3276 ad
413 3216 625 3279 donatiouem
637 3217 728 3278 illius
741 3217 864 3295 dejure
876 3234 966 3296 spec·

169 3313 316 3375 tentibus
332 3328 391 3390 pro
405 3316 539 3391 accepto
560 3315 707 3384 servitio,
724 3315 811 3393 quod
823 3316 967 3378 fideliter

71 3484 76 3489 p
169 3410 372 3488 impendisti,
395 3410 595 3474 liberalitate
614 3413 707 3490 regia
723 3413 785 3476 tibi
804 3413 892 3486 16611,
917 3414 966 3476 61-

171 3510 227 3570 661
239 3508 330 3585 juste
345 3509 378 3570 et
386 3508 523 3586 provide
536 3509 623 3573 16616
633 3511 694 3585 661,
706 3512 739 3574 61
751 3512 785 3572 16
799 3511 903 3589 ipsius
915 3526 966 3573 re·

170 3605 222 3681 gis
234 3604 424 3682 patentibus
436 3605 557 3668 11116616
572 3608 771 3680 continetur,
788 3608 881 3671 salvo
888 3611 965 3686 jure

171 3702 395 3780 quarumlibet
417 3704 654 3779 ecclesiarum,
684 3705 882 3768 auctoritate
903 3704 965 3768 tibi

1369 390 1495 479 XXVI

1107 684 1159 742 Ad
1173 684 1481 757 eleemosynarium
1494 684 1747 750 Bttcrrcmcm.

1323 803 1360 862 aa
1373 810 1447 876 sept.
1464 804 1542 863 raro.

1077 926 1243 990 [1166661116.
1256 929 1275 985 l,
1288 931 1362 995 66161.
1372 931 1426 981 li).
1442 933 1499 984 1166.
1510 934 1548 984 Lu
1558 933 1631 984 Porta
1640 932 1676 984 du
1684 933 1780 997 116611]

1031 1087 1182 1146 Biterrensi
1193 1090 1417 1165 eleemosynario
1426 1093 1564 1166 6666166
1573 1092 1774 1167 possessiones
1791 1093 1829 1152 61

1065 1179 1367 1323 6666166666
1393 1182 1555 1254 specialiter
1574 1181 1734 1240 destinatas
1752 1197 1824 1240 con·

1069 1412 1246 1485 Honorius,
1263 1414 1338 1485 etc„
1361 1414 1570 1477 11166161116
1591 1416 1827 1494 eleemosyna-

1028 1506 1078 1568 616
1093 1509 1254 1571 Β1166666.

1066 1606 1170 1667 iustis
1198 1608 1394 1684 petentium,
1420 1609 1495 1683 616.,
1520 1624 1628 1685 morie
1652 1610 1823 1682 inclinati,

1027 1702 1201 1764 ecclesiam
1234 1706 1274 1765 de
1305 1706 1489 1779 Poliuian.,
1522 1708 1684 1785 capellam
1716 1708 1826 1769 sancti

1028 1800 1210 1863 salvatoris
1238 1804 1418 1876 Biterren,
1446 1805 1635 1866 molendina
1664 1806 1825 1866 616166-

1026 1896 1113 1957 rium
1139 1898 1180 1959 de
1208 1899 1416 1971 Montflores,
1439 1903 1473 1964 et
1491 1901 1720 1978 possessiones
1738 1901 1826 1963 61166

1025 1993 1067 2054 61
1092 2011 1188 2055 6666
1213 1995 1431 2074 eleemosynae
1455 2000 1522 2060 tuae
1545 1997 1736 2076 specialiter
1763 1999 1827 2061 de-

1026 2093 1156 2168 putatas
1180 2093 1267 2156 sicut
1289 2109 1329 2154 66
1349 2095 1439 2171 juste
1461 2094 1622 2172 possides,
1644 2097 1677 2157 et
1698 2096 1823 2173 quiete,

1025 2191 1058 2250 et
1080 2189 1144 2266 ipsi
1170 2190 1391 2268 eleemosynae
1413 2192 1610 2255 auctoritate
1632 2193 1826 2270 apostolica

1025 2286 1269 2359 confirmamus,
1286 2290 1348 2349 616.
1365 2291 1483 2351 Datum
1500 2290 1668 2361 Laterani,
1686 2292 1730 2351 Vl
1752 2290 1824 2352 kal.

1024 2384 1178 2457 octobris,
1197 2385 1407 2462 pontificatus
1425 2387 1529 2449 nostri
1546 2402 1634 2450 anuo
1649 2388 1770 2465 primo.

1349 2663 1497 2751 XXVII

1080 2884 1132 2944 Ao
1146 2885 1347 2958 operarium
1361 2888 1511 2947 ccclesiae
1529 2885 1758 2949 Biterrensis.

1316 2997 1435 3071 166661.
1453 2996 1532 3055 1116.

1066 3118 1173 3182 [1166661.
1184 3118 1230 3169 lib.
1243 3119 1263 3180 1,
1274 3119 1350 3184 epist.
1364 3119 1419 3171 1111.
1430 3120 1487 3171 llas.
1501 3122 1538 3173 La
1549 3121 1626 3172 Porta
1637 3122 1671 3173 (16
1684 3122 1784 3186 Thali}

1020 3286 1156 3361 Operario
1170 3287 1299 3346 ecclesiae
1320 3289 1489 3347 Biterrensis
1502 3289 1653 3348 ecclesiam
1671 3291 1712 3349 de.
1723 3292 1816 3351 Villa·

1055 3375 1115 3444 riis,
1130 3374 1257 3433 decimas
1268 3384 1296 3433 61
1310 3385 1465 3450 proventus
1484 3378 1554 3436 alios
1573 3377 1610 3436 ad
1629 3394 1747 3452 666666
1765 3381 1813 3438 Bi·

1055 3464 1191 3521 terrensis
1204 3465 1334 3522 ecclesiae
1348 3465 1505 3523 destinatos
1518 3466 1678 3525 confirmat.

1059 3618 1239 3689 Honorius,
1264 3618 1340 3689 616.,
1367 3617 1487 3679 (1116616
1506 3617 1576 3679 tilio
1590 3618 1745 3696 operario
1760 3635 1821 3683 ec·

1020 3714 1132 3776 clesiaa
1147 3715 1309 3777 Biterren.

169 3800 360 3877 Apostolica
384 3801 635 3875 confirmamus,
665 3803 729 3865 616.
758 3803 967 3865 11616616-
1058 3812 1162 3874 166116
1190 3811 1382 3888 petentium,
1414 3816 1489 3881 616.,
1514 3827 1621 3887 usquc
1646 3813 1813 3876 inclinati.

169 3899 291 3971 temni,
308 3901 353 3960 Χ]
372 3899 440 3960 kal·
456 3899 611 3971 octobris,
632 3899 843 3978 pontificatus
860 3900 965 3962 11081Γὶ
1021 3909 1201 3971 Ecclesiam
1212 3907 1417 3981 deVillariis‚
1430 3907 1818 3987 decimasetprorentus

170 4011 258 4060 auno
274 3996 392 4074 primo.
1020 4006 1810 4086 611666166666611166666666166161666166166

207 4180 249 4253 (1)
265 4184 298 4240 16
310 4181 560 4240 dominabamini.
572 4183 965 4242 AnuoDomiuicelucarna·
1019 4197 1199 4241 successores
1218 4182 1274 4241 mei
1293 4196 1343 4255 per
1364 4197 1412 4240 me
1431 4182 1478 4239 vel
1497 4198 1548 4255 per
1567 4183 1712 4240 ministros
1732 4198 1816 4242 6666

169 4252 346 4321 1166161196,
362 4254 543 4334 pontificatus
557 4253 665 4310 domini
675 4254 867 4312 Coelestiuilll
880 4257 918 4312 Pa
940 4269 965 4312 66
1019 4254 1056 4322 61,
1070 4255 1136 4311 166
1143 4253 1247 4310 ibidem
1262 4252 1355 4322 luerit,
1369 4268 1421 4310 nec
1432 4254 1596 4311 violentiam
1612 4254 1748 4325 aliquam,
1761 4270 1816 4311 nec

170 4323 293 4391 66661,
315 4322 883 4393 161661166611,66661616111,11611.
931 4339 966 4383 66
1020 4323 1329 4397 16166166161666666,
1345 4324 1401 4380 6161
1424 4325 1454 4381 16
1478 4331 1598 4380 mortem
1613 4338 1718 4393 6666,
1735 4340 1815 4383 666·

169 4391 441 4465 die,egolohanues
458 4393 494 4451 de
510 4394 842 4464 Ceocenoinprasentia
857 4395 965 4453 166161
1019 4410 1081 4452 rum
1097 4393 1253 4463 heredum,
1268 4396 1314 4452 vel
1336 4395 1365 4451 iu
1386 4393 1545 4468 proditioue
1564 4400 1723 4451 castrorum
1739 4410 1818 4452 meo·

169 4462 285 4521 lordaui
306 4460 458 4520 cardinalis
471 4464 582 4521 Sancte
606 4463 803 4534 Pudentiauae,
822 4466 964 4523 66166161
1020 4480 1080 4522 rum
1107 4466 1153 4523 vel
1168 4466 1196 4521 in
1211 4464 1407 4522 combustione
1422 4465 1548 4537 ipsorum
1560 4472 1718 4523 66666666
1732 4462 1817 4522 luerit

190 4535 261 4591 61661
280 4535 348 4601 661,
363 4541 393 4591 61
406 4534 610 4592 venerabilium
630 4550 647 4592 e
668 4536 830 4607 iscoporum
849 4536 964 4594 Berardi
1019 4508 1207 4592 maeblnatus.
1236 4538 1277 4592 lie
1303 4534 1482 4592 ordinatione
1503 4536 1656 4593 cleieorum
1675 4542 1704 4592 et
1731 4535 1817 4593 desti·

168 4548 369 4672 sserentiuatis,
393 4605 509 4663 Petris
550 4606 620 4674 uini,
644 4550 784 4664 forensis
807 4608 963 4733 16666161,
1018 4608 1194 4663 161166666
1216 4607 1377 4686 nullatenus
1400 4606 1597 4664 intromittam.
1620 4606 1650 4663 Si
1677 4608 1819 4664 6666616-

169 4674 255 4733 Cadei
283 4675 403 4733 Aletrini
427 4682 455 4733 et
480 4675 606 4734 016616
634 4677 779 4746 Verulaoi,
804 4676 964 4749 'ledegarii
1019 4678 1094 4734 ricus
1108 4683 1157 4734 aut
1170 4677 1260 4733 laicus
1273 4675 1402 4748 ejusdem
1426 4676 1601 4733 ecolesiaa’in
1616 4676 1712 4803 alffluo
1727 4677 1817 4735 olien-

168 4747 378 4815 l'araeiueusis,
399 4753 428 4803 et
440 4746 592 4803 inultorum
614 4745 762 4803 bominum
782 4748 866 4805 totius
878 4749 961 4806 Cam·
1018 4747 1100 4816 derit,
1114 4746 1201 4804 abbas
1216 4760 1280 4807 cum
1291 4746 1401 4804 clericis
1411 4744 1439 4801 in
1455 4761 1555 4803 eorum
1568 4746 1643 4818 capit
1674 4756 1816 4821 ocogent

189 4819 262 4873 66166
276 4824 306 4874 61
324 4817 484 4886 Maritima,
506 4824 564 4874 166
580 4817 759 4886 6166166666,
776 4818 963 4888 66666166
1019 4818 1111 4889 ipsum
1127 4816 1310 4889 adjustitiam
1332 4815 1534 4885 exhibendam,
1554 4817 1706 4888 salvoJure
1722 4826 1817 4889 patro

167 4831 317 4957 faleorum,
335 4887 468 4945 inductus
483 4902 581 4944 amore
601 4887 707 4957 divino,
723 4895 751 4944 et
765 4902 815 4960 pro
829 4887 961 4960 redemp·
1018 4887 1319 4945 natus-Deoonsilio
1328 4887 1415 4960 igitur
1427 4887 1572 4945 communi
1585 4886 1816 4946 domiuitordaui

167 4958 245 5015 tione
261 4958 366 5015 anime
383 4972 456 5014 meua
472 4964 502 5014 et
517 4973 646 5015 meorum
672 4965 820 5030 parentum
834 4959 961 5031 praeteri·
1018 4958 1171 5016 cardinalis
1192 4965 1221 5015 et
1234 4957 1361 5014 omnium
1383 4958 1594 5030 episcoporum,
1617 4965 1645 5015 et
1668 4972 1815 5017 66666666

167 5030 457 5112 torumpraesentium
470 5035 500 5085 et
514 5027 682 5097 futurorum,
693 5026 820 5085 concedo
833 5029 963 5085 ecclesiae
1016 5027 1156 5087 iohannis
1169 5028 1205 5084 da
1216 5028 1345 5088 ceccano
1354 5028 1514 5111 institutum
1528 5035 1582 5110 est,
1597 5029 1818 5110 utquicumque

165 5099 196 5156 S.
213 5100 311 5157 11666
325 5097 360 5155 16
374 5099 513 5166 Flumine,
529 5106 559 5156 et
576 5098 693 5156 domino
705 5096 844 5156 Landulio
859 5098 962 5156 dilecto
1017 5107 1115 5157 contra
1142 5098 1216 5155 banc
1232 5112 1448 5155 concessionem
1473 5096 1585 5167 166661,
1610 5099 1725 5156 viuculo
1745 5114 1817 5157 aua·

165 5167 261 5226 abbati
272 5168 400 5242 ejusdem
413 5170 553 5239 ecclesie,
569 5176 597 5226 et
611 5169 752 5226 universa
763 5168 878 5225 16611166
887 5169 961 5242 ejus,
1018 5169 1151 5227 thematis
1174 5167 1339 5238 innodetur,
1366 5175 1394 5226 et
1422 5175 1532 5241 partem
1557 5183 1621 5226 curu
1645 5169 1761 5227 bathan
1788 5177 1819 5227 et

165 5246 224 5297 tam
250 5240 362 5298 clericis
382 5253 469 5311 quam
490 5241 576 5297 etiam
605 5240 695 5308 lalcis,
723 5238 911 5312 presentibus
935 5245 963 5296 et
1017 5240 1123 5297 Abirou
1140 5239 1254 5297 babeat.
1270 5238 1312 5297 Ad
1333 5238 1471 5310 6616666
1490 5240 1587 5310 itaque
1605 5240 1760 5309 cautelam,
1779 5256 1816 5299 ue

165 5308 285 5379 1616616,
313 5312 428 5384 616666
445 5317 474 5368 61
495 5316 661 5383 perpetuam
682 5308 856 5380 libertatem,
878 5309 960 5366 abra·
1017 5310 1092 5382 quod
1107 5311 1280 5379 factumest,
1295 5310 1479 5367 diuturnitate
1495 5310 1632 5381 temporis
1650 5310 1680 5367 in
1695 5310 1816 5371 oblivio·

163 5381 322 5439 nuntiando
342 5381 415 5440 16166
436 5381 513 5438 6616
534 5383 608 5449 6661,
624 5387 654 5437 et
676 5379 810 5438 omnibus
834 5381 959 5437 exactio·
1017 5396 1083 5438 nem
1101 5381 1209 5449 veniat,
1246 5379 1391 5453 resbytara
1405 5376 1559 5437 1166611616
1577 5379 1680 5437 dilecto
1702 5383 1817 5439 notario

162 5448 263 5522 61166
284 5459 312 5509 61
335 5453 359 5509 61
379 5452 443 5525 quis
467 5466 518 5523 pro
544 5465 724 5524 quocumque
743 5451 864 5508 erimine
885 5465 961 5508 com·
1017 5459 1113 5508 nostro
1133 5451 1161 5508 id
1176 5396 1299 5531 scrfftere
1319 5449 1530 5532 mandavimus,
1550 5452 1819 5533 61666166166666

162 5522 250 5577 misso
265 5522 301 5578 ad
317 5523 467 5580 ecclesium
483 5523 565 5581 istam
579 5520 749 5596 confugerit,
765 5535 820 5580 nec
834 5535 962 5594 666666
1017 5522 1135 5579 lecimus
1150 5522 1236 5594 sigilli
1248 5522 1338 5581 nostri
1349 5521 1508 5578 munimine
1523 5522 1665 5593 insigniri.
