3946 6196
680 250 911 322 EPISTOLAE.
935 262 1014 323 LIB.
1039 262 1064 322 1.

60 266 117 329 sii
201 240 205 247 ’
1640 271 1701 332 sis

62 423 142 495 runt,
155 420 341 484 oleastrum
353 417 440 498 (ΙῦΟᾶ
455 418 572 483 mmm
585 418 777 483 mandalum
791 423 847 486 ΒΟ·
901 439 941 502 de
956 457 1021 519 qua
1039 441 1171 520 plenam
1191 442 1226 503 iii
1240 444 1380 508 Domino
1400 443 1555 508 fiduciam
1570 447 1701 513 obtine-

62 520 275 589 nnmemoriae
283 518 470 581 Innocentii
480 522 581 596 1³³1)ae
590 520 846 597 PsaedeoeSSOl'iS
900 555 984 612 mus,
997 556 1144 616 rogamus
1159 541 1192 603 et
1206 558 1379 604 monemus
1389 544 1524 618 attente,
1534 563 1594 624 per
1606 563 1701 625 apos·

62 622 170 690 nostri,
203 618 372 681 sententia
391 619 744 682 excommunicationis
765 637 847 683 nnn·
900 638 1001 699 iniinn
1023 639 1148 717 scripta
1176 640 1382 711 mandantes,
1410 645 1573 720 qnatenus
1596 647 1699 710 totins

62 724 179 799 tamma,
205 719 241 779 1¹1
256 716 416 779 Ecclesiae
436 719 595 779 ROfflassae
616 719 845 797 Praejudlcillffl
900 737 1089 815 Campaniae
1124 738 1259 815 plenam
1294 741 1480 817 suscipiens
1507 745 1697 817 rectoriam,

62 818 235 889 ΘΓΘΧΟΓῙΙΠῖ,
247 815 374 878 facient
386 815 519 892 penitus
530 815 693 877 demoliri.
708 818 801 890 QUOd
816 819 845 880 Si
899 835 991 896 recta
1005 835 1040 896 jn
1060 852 1099 897 03
1115 852 1242 912 regere,
1260 853 1299 900 30
1320 837 1466 915 dirigere
1481 842 1615 903 studeas
1640 843 1698 903 jn..

62 918 134 981 iouto
146 932 199 978 00⁸
215 914 257 976 ad
272 914 307 976 id
322 914 480 975 inducese
497 929 564 975 110ss
579 914 737 991 Ρθῐΰθΐῑθ,
763 916 845 993 ipsis
900 933 1045 1006 directa,
1073 934 1236 1012 corripias
1258 936 1446 1014 inquietos,
1467 939 1698 1017 pusillanimes

62 1014 218 1095 lraeiiiiass
231 1014 269 1075 Ut
280 1012 364 1075 illud
379 1013 461 1086 Nm,
477 1011 729 1074 GUStOdlessdUm
744 1017 846 1093 APOS·
899 1031 1094 1104 consoleris,
1109 1033 1301 1096 mansuetos
1324 1034 1463 1109 exaltes,
1484 1039 1517 1099 et
1531 1037 1699 1115 deprimas

62 1115 153 1177 todcae
174 1111 284 1184 Sedis,
299 1111 445 1184 nomine,
468 1110 666 1189 quantocius
690 1112 845 1176 studitam
899 1130 1097 1206 pertinaces,
1114 1131 1257 1193 diversis
1270 1132 1404 1194 diversa
1425 1135 1611 1212 rependens
1632 1137 1699 1199 sti-

63 1212 219 1288 mamare
233 1212 295 1291 (1)-
898 1228 1018 1306 pendia
1039 1230 1244 1301 meritorum,
1268 1232 1304 1293 ut
1325 1231 1373 1292 sic
1390 1232 1526 1295 auctore
1544 1235 1697 1309 Domino,

897 1328 930 1388 te
942 1328 1083 1399 rectore,
1097 1328 1131 1390 te
1149 1327 1243 1401 duce,
1257 1329 1349 1391 terra
1363 1328 1422 1391 illa
1443 1332 1623 1409 tranquilla
1639 1332 1699 1395 de-

383 1449 511 1538 cciv

115 1647 162 1708 Ad
174 1648 366 1708 Jotauuem
381 1645 517 1708 titutum
531 1609 566 1708 S
579 1650 768 1710 Praecedit.

339 1831 357 1889 6
370 1833 453 1892 liert.
466 1832 546 1890 iiii.

63 1945 466 2077 [theinn,cndeaedtptnn;1;itnn
484 1947 591 1998 miniati
613 1950 766 2014 temporetis,
786 1955 806 2002 t.
820 1951 838 2012 1,

338 2040 364 2091 p.
408 2041 455 2089 ,m
468 2028 520 2094 tuq.

109 2178 240 2239 Cordinmi
255 2180 285 2238 S.
302 2179 440 2239 Prauedis
454 2182 606 2241 rectoriam
621 2184 783 2258 Campaniae

358 2271 521 2328 committit.

92 2414 249 2475 Honorius
270 2414 464 2492 episcopus,
488 2416 603 2478 etc.....
629 2418 749 2480 dilecto
771 2419 841 2482 illio

61 2510 186 2573 lobanni
210 2511 301 2574 tituli
332 2513 459 2575 sauctae
482 2516 646 2578 Praxedis
667 2516 841 2595 presbyter

17 2608 18 2649 l
61 2608 220 2682 cardinali,
246 2609 370 2671 rectori
402 2612 607 2689 Campaniae,
639 2613 780 2677 salutem
808 2619 841 2680 et

17 2736 19 2787 g
60 2707 265 2783 iposmiieam
280 2707 555 2772 benedictionem.

17 2790 19 2873 ἓ
92 2805 245 2881 specialis
257 2805 375 2882 gratiae
388 2808 558 2885 promptus
575 2808 725 2884 affectus
742 2828 839 2890 quem

17 2890 19 2979 ᾗ
60 2916 126 2977 erga
140 2902 274 2964 dilectos
285 2902 372 2965 tilios
388 2904 502 2966 fideles
511 2909 642 2970 nostros
651 2910 854 2986 competiit&⁴

17 2982 19 3079 ζ
59 2999 199 3073 gerimus,
213 2999 310 3062 nobis
323 3001 465 3064 sollicite
475 3006 663 3081 persuadet,
679 3008 838 3069 eteorum

59 3108 148 3171 prona
170 3098 303 3160 devotio
323 3099 539 3164 laudabiliter
559 3105 777 3180 promeretur,
804 3108 839 3169 ut

18 3246 20 3287 ἱ
60 3197 165 3269 quanto
182 3196 274 3273 ipsos
289 3197 434 3258 vicinius
455 3200 598 3277 quadam
610 3200 838 3266 familiaritate

18 3354 19 3361 ,
59 3293 249 3369 respicimus,
265 3294 359 3356 tanto
371 3297 563 3359 eorumdem
578 3299 681 3376 quieti
699 3316 839 3363 accura-

18 3414 19 3449 3
58 3390 112 3451 tius
125 3392 313 3469 prospicere
335 3392 524 3470 debeamus,
550 3412 604 3468 ne,
628 3398 714 3475 quod
739 3400 836 3472 absit,

18 3496 20 3581 ᾗ
58 3485 211 3565 despectos
226 3506 264 3551 se
278 3490 413 3554 ualeant
434 3494 610 3570 suspicari,
628 3496 657 3557 si
677 3512 734 3557 eos
749 3497 839 3559 inter

897 1425 1031 1488 notione
1045 1425 1187 1499 laetetur,
1202 1428 1235 1488 et
1247 1427 1285 1488 tu
1297 1428 1384 1504 apud
1397 1429 1574 1491 Dominum
1595 1431 1700 1492 meri-

897 1522 979 1596 tum,
996 1522 1029 1585 et
1048 1524 1135 1601 apud
1150 1524 1302 1586 homines
1316 1525 1377 1586 tibi
1392 1541 1564 1603 compares
1576 1544 1698 1590 nomeu

902 1619 1041 1695 bonum,
1060 1637 1187 1699 nosque
1207 1622 1273 1683 tuae
1298 1622 1532 1686 sollicitudinis
1552 1625 1698 1688 studium

897 1719 1063 1796 possimus
1075 1719 1194 1782 merito
1210 1721 1454 1783 commendare.
1480 1725 1523 1785 Ut
1537 1724 1647 1785 autem
1661 1725 1698 1786 iu

896 1818 938 1879 iis
955 1817 1135 1894 procedere
1145 1818 1259 1880 valeas
1274 1819 1489 1892 confidenter,
1502 1822 1534 1883 et
1548 1821 1697 1898 peruersi

896 1915 1029 1978 facilius
1057 1916 1283 1992 corrigantur,
1310 1933 1371 1978 nos
1400 1917 1598 1979 sententiam
1627 1919 1698 1980 siue

896 2015 1114 2092 spiritualem,
1132 2015 1203 2076 siue
1222 2013 1452 2091 temporalem,
1472 2032 1571 2093 quam
1592 2017 1698 2078 ratio-

896 2113 1055 2175 nabiliter
1068 2112 1186 2174 tuleris
1204 2111 1238 2172 in
1257 2111 1409 2184 rebelles,
1425 2113 1534 2174 ratam
1557 2112 1698 2174 babebi-

895 2226 969 2271 mus
989 2210 1023 2272 et
1040 2209 1212 2282 faciemus,
1229 2211 1366 2270 auctore
1387 2210 1539 2279 Domino,
1556 2210 1698 2272 firmiter

896 2308 1077 2370 observari.
1092 2308 1210 2369 Datum
1229 2307 1395 2379 Laterani,
1409 2310 1440 2368 ΙΙ
1450 2324 1555 2370 nonas
1569 2308 1695 2383 martii,

896 2405 1107 2482 pontificatus
1120 2404 1226 2468 nostri
1239 2419 1328 2467 anno
1341 2405 1461 2482 primo.

1225 2610 1373 2697 couvi

933 2788 1252 2860 Anacreonteum,
1268 2790 1328 2852 SS.
1343 2791 1492 2852 Jonnnis
1507 2790 1540 2852 ct
1552 2793 1655 2853 Potiti

1098 2889 1205 2957 cord,
1222 2889 1263 2948 Α.
1274 2888 1309 2949 S.
1325 2887 1487 2963 tanatem.

1178 3029 1195 3086 7
1213 3027 1310 3084 martii
1329 3027 1409 3085 iiii.

957 3142 1068 3208 [Regest
1080 3141 1128 3194 lib.
1141 3145 1161 3202 I,
1173 3158 1213 3207 ep.
1230 3141 1286 3193 304.
1296 3168 1329 3180 -
1337 3142 1463 3207 Bouquet,
1477 3141 1579 3193 Reoueil
1589 3142 1633 3193 des

1111 3223 1263 3281 Historiam,
1277 3228 1295 3275 t.
1306 3236 1359 3281 xix,
1370 3238 1396 3287 p.
1411 3222 1478 3288 aaa]

893 3357 1137 3419 contendentibus
1151 3358 1187 3415 de
1199 3356 1395 3415 Narbonensis
1409 3355 1530 3415 ducatus
1540 3357 1605 3432 jure
1618 3364 1647 3414 et
1657 3356 1694 3416 ad

928 3448 1088 3505 Romanam
1112 3446 1285 3505 audientiam
1317 3446 1538 3518 provocantibus
1567 3446 1693 3504 ainaldo

928 3537 1143 3609 archiepiscopo
1163 3542 1191 3592 et
1210 3535 1326 3593 Simone
1349 3533 1385 3590 de
1406 3534 1580 3604 llonteiorti,
1599 3537 1692 3593 Hono

18 3588 19 3611 ³
58 3599 86 3645 ⁸⁰
107 3586 214 3664 ffiq⁰⁰
245 3588 437 3665 pateremur
463 3591 596 3654 turbiffl
622 3598 833 3657 ⁰0mm0V01'5·
927 3627 986 3683 rins
1014 3639 1080 3682 eain
1101 3638 1219 3681 causam
1242 3621 1432 3680 dirimendam
1450 3623 1603 3683 committit
1621 3626 1690 3683 Ber·

18 3706 19 3723 2
57 3681 194 3746 volentes
208 3685 313 3760 igitur
327 3702 429 3763 super
441 3688 506 3748 hoc
520 3689 570 3750 eis
585 3690 713 3753 utiliter
723 3694 838 3769 proni·
926 3722 1029 3772 pann„
1048 3714 1083 3771 Α,
1098 3713 1126 3770 s,
1139 3712 1247 3785 legato.

18 3850 19 3855 ἵ
58 3777 132 3853 dere,
148 3782 189 3855 te,
201 3799 300 3860 quem
313 3784 396 3861 ipsis
408 3784 588 3862 benignum
600 3788 757 3867 ipsosque
776 3790 836 3852 tibi

57 3874 174 3941 devotos
187 3882 398 3943 necessitudo
411 3882 513 3945 efficit
526 3885 643 3960 gratiae
658 3888 834 3962 naturalis,
930 3887 1109 3948 Honorius
1126 3886 1340 3958 episcopiis...
1366 3883 1488 3944 diiecto
1506 3883 1577 3955 litio
1588 3886 1629 3943 Β.
1647 3884 1693 3944 tt-

56 3972 111 4036 iilis
135 3977 344 4054 prefecimus
378 3980 413 4041 in
448 3983 622 4055 rectorem,
651 3987 834 4061 sperantes,
891 3986 954 4048 tntt
962 3988 1171 4046 Sanctorum
1179 3980 1482 4042 Joanntsctpnnii·
1487 3980 1692 4054 prespetero

56 4074 128 4148 qiiod
148 4077 203 4153 qui
227 4077 335 4138 amari
349 4078 401 4139 uis
422 4080 565 4156 amplius
591 4098 690 4158 quam
711 4084 834 4157 timeri,
891 4082 1179 4153 cardinalias.
1196 4076 1569 4155 ienntnnnmteinffitn.

56 4184 110 4231 uon
125 4174 190 4235 tam
210 4175 375 4252 potestate
398 4193 497 4254 quam
518 4179 668 4254 caritate,
694 4182 742 4244 ita
765 4186 835 4245 Do·
930 4176 1122 4241 Venerabili
1146 4176 1250 4238 tratre
1269 4175 1384 4237 nostro
1404 4175 1614 4237 Narbonensi
1630 4191 1689 4236 ar-

54 4268 131 4332 mine
146 4274 291 4346 auctore,
306 4273 508 4349 gubernabis
523 4277 669 4346 eosdem,
692 4280 779 4356 quod
803 4281 836 4344 et
891 4275 1119 4355 chiepiscopo‘
1134 4274 1323 4351 accepimus
1348 4274 1573 4351 conquerente
1588 4274 1686 4351 qnod,

55 4363 108 4441 ipsi
122 4370 266 4432 nontam
283 4369 460 4434 formidine
475 4390 593 4450 poenae,
609 4392 709 4453 qnam
728 4378 837 4441 virtu-
890 4391 964 4438 cum
990 4373 1032 4435 ab
1058 4372 1156 4434 initio
1180 4371 1398 4449 promotionis
1432 4387 1502 4439 snae
1535 4370 1690 4434 ducatum

54 4462 122 4525 tutis
145 4482 255 4530 amore
274 4468 341 4529 tuis
362 4469 580 4547 beneplacitis
599 4472 833 4553 obsequentes,
890 4472 1056 4534 Narbonae
1069 4470 1207 4548 pacifice
1226 4468 1443 4547 possedisset,
1460 4470 1494 4531 θῐ
1513 4469 1633 4531 timens
1648 4486 1690 4531 110

54 4564 182 4624 innxiis
193 4566 407 4628 retrahentur
416 4569 619 4643 excessibus,
634 4573 667 4634 et
678 4572 720 4634 ad
740 4574 835 4635 salu·
890 4586 990 4648 snper
1003 4584 1043 4631 eo
1055 4569 1254 4644 gravaretur
1266 4583 1286 4628 a
1297 4566 1417 4628 dilecto
1430 4566 1622 4628 tiliouostro
1637 4567 1689 4627 P:

54 4656 126 4721 teria
149 4662 345 4740 dirigentur.
368 4664 510 4744 Ideoque
536 4667 729 4731 discretioni
754 4672 831 4745 tuae,
888 4668 978 4731 tituli
1003 4670 1037 4729 S.
1061 4664 1234 4727 Laurentii
1254 4664 1290 4724 in
1312 4666 1455 4725 Damaso
1481 4662 1686 4740 presbytero,

80 4828 237 4906 (llldjecit
248 4830 380 4890 Pontifex
391 4834 489 4917 legato
500 4835 639 4895 cardinali
647 4836 834 4900 discutiendae
888 4836 970 4895 nobis
993 4836 1093 4893 litteris
1112 4830 1287 4915 adducendae
1310 4830 1379 4913 visa
1401 4837 1476 4898 sunt,
1495 4836 1525 4886 ut
1542 4828 1687 4911 ‘digna-de

53 4895 183 4979 electionis
197 4904 295 4961 Pmaui
310 4903 516 4988 archiepiscopi
528 4909 757 4980 prouinciamut
768 4927 832 4971 eam
887 4910 950 4982 ipso
976 4923 993 4964 o
1015 4904 1074 4962 'into
1100 4918 1212 4975 concipi
1239 4916 1273 4958 ac
1291 4899 1442 4982 deliberari
1472 4906 1576 4972 possut,
1603 4916 1687 4975 cujus

52 4980 134 5041 silure
142 4972 313 5031 celebratam
326 4984 473 5047 reperiret,
489 4980 657 5037 auctoritate
669 4981 832 5054 apostolica
887 4983 974 5038 eiiam
995 4923 1098 5034 faudes
1110 4988 1179 5057 ‘non
1199 4986 1300 5045 parum
1323 4972 1632 5055 illustrateiipetente
1650 4976 1685 5058 n:

52 5040 237 5120 tontirmiiret:
253 5046 299 5102 sin
313 5060 383 5103 vero
395 5056 493 5105 cenna
510 5050 592 5122 leges
605 5057 754 5122 tentatam,
770 5069 831 5112 res·
888 5049 1050 5117 Francisco,
1080 5047 1275 5103 Nineuitarum
1304 5041 1434 5099 ordinem
1445 5043 1541 5125 'illius'
1554 5042 1685 5103 charitati

52 5112 172 5182 tindeiet,
198 5117 412 5190 mdegiumque
439 5124 660 5189 canonicorum,
684 5124 832 5196 repudiata
887 5112 1411 5196 abllonorioiuissecommendatum:
1425 5124 1685 5198 viroenimusancto

52 5182 239 5259 cuiuscumque
251 5189 564 5261 provocationismora,
576 5193 662 5250 alium
677 5193 832 5268 designare
887 5190 1098 5251 addictissimus
1119 5193 1189 5253 erat,
1208 5183 1283 5268 qnod
1303 5183 1427 5241 studium
1454 5191 1552 5257 postea
1573 5201 1601 5241 iu
1623 5201 1686 5258 epus

52 5254 156 5321 liberet·
887 5263 1000 5321 sodales
1015 5259 1139 5317 inanime
1154 5257 1299 5329 explicuit,
1318 5262 1348 5312 ut
1363 5270 1420 5312 non
1438 5254 1541 5314 trustra
1561 5272 1682 5313 censen·

79 5326 134 5382 Non
148 5328 376 5400 praetereundum
384 5346 473 5458 dmm
486 5332 597 5391 videtur
611 5334 688 5393 hunc
705 5337 832 5409 legatum
886 5335 939 5392 dns
951 5335 988 5390 sit
1008 5329 1150 5388 Honorius
1165 5326 1210 5385 his
1224 5327 1363 5409 encomiis
1377 5327 1456 5384 illum
1476 5326 1637 5385 decorasse.
1648 5357 1685 5371 -

52 5404 133 5478 emita
143 5414 288 5458 summum
299 5402 381 5459 Ponti
403 5410 498 5460 catum
510 5403 833 5477 adeptnmesse,etGie
887 5410 928 5464 lta
944 5400 1119 5477 linquamus,
1136 5399 1198 5455 loco
1213 5405 1260 5455 cit.

51 5477 146 5534 genum
162 5472 347 5529 liluocatum
356 5487 365 5543 ;
381 5472 463 5546 cnjus
476 5477 596 5533 uirtutes
608 5493 695 5548 quum
708 5481 832 5537 maxime
922 5477 932 5499 ’
952 5472 1088 5533 arnalde.
1266 5508 1268 5512 .

51 5541 214 5599 commendet
231 5544 386 5612 Honorius,
409 5560 473 5616 quae
490 5547 584 5618 ipsum
608 5549 643 5605 ad
668 5552 833 5631 augustissi·
923 5549 934 5601 '-
953 5548 1038 5604 Petro
1054 5545 1268 5602 Beneventissil·

51 5613 251 5673 uamomuium
263 5612 433 5687 dignitatem
448 5618 620 5689 extulerunt,
644 5620 796 5691 pontificiae
815 5637 830 5679 a
