3958 6204
194 282 255 366 sla
472 379 483 401 ·
652 298 1370 361 nonon11111ornna.-snauonns.
1782 304 1842 366 an

195 462 289 526 vobis
303 461 427 524 dictum
446 461 498 523 est
512 477 520 517 τ
536 476 554 521 a
572 461 681 522 Laxas
697 474 815 520 manus
835 459 869 520 et
882 457 992 520 disso-
1085 460 1270 536 sequamur
1290 457 1393 535 igitur
1407 471 1501 533 eum3
1523 456 1559 519 ut
1577 459 1710 536 quando
1732 461 1842 524 male-

193 576 213 620 «
234 561 303 623 luta
318 576 429 637 genua
448 558 578 634 erigite,
599 558 634 619 et
650 573 786 634 gressus
807 558 915 618 rectos
939 558 992 617 ia·
1044 555 1196 628 dicimur,
1211 572 1277 617 non
1298 555 1549 625 maledicamus,
1570 556 1628 617 sed
1656 558 1768 634 potius
1784 558 1844 621 be-

196 675 215 718 «
238 658 303 720 cite
325 656 463 735 pedibus
478 655 608 717 vestris.
631 672 650 716 a
669 654 801 717 Debetis
823 654 912 716 enim
930 669 990 715 vos
1044 653 1247 721 nedicamus,
1260 655 1294 714 et
1302 653 1331 712 si
1346 651 1491 729 patimur
1499 653 1660 730 aliquoda
1676 656 1842 731 proximo,

198 754 362 815 firmiores
387 751 632 815 imbecillitates
654 751 862 813 intirmorum
885 751 990 812 susti·
1043 766 1109 811 nou
1131 750 1381 820 comminemur,
1404 749 1462 811 sed
1485 750 1651 827 patienter
1670 752 1843 814 sustinea-

195 867 286 922 nere,
303 851 337 912 et
351 866 417 912 non
434 849 679 927 vobismetipsis
693 849 836 926 placere,
854 849 900 920 ut,
915 864 990 909 cum
1044 864 1129 908 mus.
1156 848 1250 909 Unde
1271 848 1475 923 Gregorius:
1498 865 1517 908 ‹
1537 849 1620 920 Quid
1644 848 1745 911 homo
1775 853 1844 927 pati

194 949 383 1010 infirmatur
398 947 518 1025 aliquis
534 947 568 1009 in
584 945 689 1019 vohiS,
709 948 788 1008 tunc
800 948 915 1023 potens
933 945 991 1006 liat
1044 961 1104 1021 pro
1122 961 1158 1006 se
1172 943 1278 1017 debet,
1296 946 1325 1006 si
1339 946 1432 1007 tauta
1455 961 1515 1022 pro
1529 945 1682 1008 omuibus
1706 947 1846 1025 pertulit

193 1062 255 1124 per
266 1062 335 1117 vos,
351 1048 384 1107 et
398 1046 535 1107 alterius
548 1060 649 1107 onera
665 1045 773 1122 portet
784 1043 875 1105 etsie
889 1043 991 1104 adim·
1044 1044 1144 1115 Deus,
1168 1043 1246 1120 quia
1277 1041 1347 1120 ipse
1379 1043 1524 1119 portavit
1556 1046 1691 1120 peccata
1726 1046 1846 1107 nostra

194 1139 286 1219 pleat
299 1141 405 1217 legem
420 1140 553 1201 Christi.
572 1143 639 1201 llas
655 1155 734 1202 oves
748 1138 884 1216 pascite,
897 1154 916 1199 o
931 1153 990 1200 vos
1044 1155 1146 1216 super
1159 1139 1297 1216 lignum.
1314 1140 1437 1201 »Unde
1451 1141 1575 1201 isaias:
1597 1144 1683 1203 Vere
1697 1147 1847 1219 langueo-

197 1239 349 1314 pastores
364 1238 487 1310 orium,
504 1238 582 1316 quia
597 1238 631 1299 et
646 1235 773 1314 pastori
788 1236 900 1298 ovium
919 1234 991 1296 dic-
1038 1251 1103 1309 ¹res
1127 1237 1265 1299 nostros
1285 1240 1359 1312 ipsc
1384 1239 1472 1310 tulit,
1488 1239 1523 1300 et
1543 1240 1676 1300 dolores
1701 1240 1844 1301 nostros

193 1337 263 1398 tum
280 1336 329 1397 θεῖ
343 1357 351 1396 :
367 1340 477 1398 Pasce
492 1350 572 1398 oves
583 1350 690 1396 meos.
704 1334 765 1406 Qui
780 1333 868 1396 enim
878 1333 991 1409 pastor
1044 1338 1118 1410 ipse
1137 1335 1293 1410 portavit
1309 1333 1378 1412 (Ρε.
1401 1350 1472 1407 mn,
1495 1334 1540 1414 4).
1561 1337 1711 1398 Portarit
1732 1338 1845 1398 autem

193 1435 245 1495 θεῖ
259 1433 382 1505 ovium,
399 1433 551 1510 proprias
566 1448 645 1494 ores
667 1433 765 1495 vocat
782 1430 989 1498 nominatim,
1044 1447 1110 1492 non
1124 1433 1159 1493 ut
1171 1432 1243 1508 ipse
1255 1430 1402 1505 haberet,
1420 1432 1478 1493 sed
1487 1434 1524 1493 ut
1537 1448 1557 1493 a
1571 1432 1668 1494 nobis
1683 1433 1842 1495 auferret.

194 1530 227 1592 et
252 1530 363 1593 educit
382 1547 439 1592 eas
459 1531 494 1592 in
518 1530 590 1593 loco
610 1546 753 1608 pascuae,
775 1545 916 1606 pascens
931 1544 989 1588 eas
1043 1530 1092 1590 nd
1107 1529 1311 1607 sequendum
1321 1529 1487 1592 Christum
1501 1531 1613 1592 mouet
1625 1546 1687 1591 nos
1700 1533 1847 1608 Aposto-

194 1628 229 1688 in
245 1627 357 1689 herbis
368 1627 564 1701 virentibus,
579 1628 636 1706 qui
646 1629 745 1690 etiam
760 1626 866 1688 bonus
876 1626 991 1704 pastor
1044 1627 1096 1687 lus
1119 1626 1253 1688 dicens:
1269 1629 1470 1690 imitatores
1490 1632 1560 1690 mei
1580 1628 1687 1690 estote
1705 1630 1796 1690 sicut
1809 1629 1845 1690 et

196 1725 253 1786 dat
273 1725 419 1788 animam
436 1742 530 1786 suam
546 1741 605 1802 pro
619 1724 735 1787 ovibus
750 1724 832 1797 suis,
850 1739 892 1785 ne
906 1723 990 1785 sorte
1044 1739 1106 1800 ego
1121 1725 1249 1786 Christi
1271 1722 1301 1804 (Ι
1311 1726 1384 1785 Cor.
1398 1740 1446 1796 xi,
1464 1722 1507 1804 1).
1521 1727 1569 1786 Ι)θ
1580 1724 1644 1786 hac
1656 1724 1845 1787 imitatione

193 1821 290 1885 vobis
300 1823 530 1884 dicaturzhcc
540 1824 766 1886 comedebatis
774 1822 808 1883 et
816 1824 906 1884 lonis
915 1836 991 1896 ope·
1044 1821 1285 1898 Apocalypsis:
1305 1822 1494 1883 Emercltus
1519 1824 1579 1896 qut
1596 1824 1679 1883 sunt
1698 1826 1738 1883 in
1759 1828 1846 1884 coelo

192 1922 387 1992 aerumma,
401 1935 544 1997 gregem
555 1921 673 1983 autem
683 1923 823 1981 Dmulut
837 1934 991 1994 conpas-
1043 1920 1237 1993 sequuntur
1251 1922 1345 1981 idum
1366 1922 1403 1980 lu
1424 1922 1520 1993 equis
1533 1922 1617 1980 albis
1632 1917 1748 1996 (apoc.
1769 1935 1844 1991 111,

194 2018 320 2079 cebetis
330 2015 586 2095 (Ezechxmv,
596 2017 642 2097 3).
656 2018 719 2079 Sed
731 2019 898 2094 tamquam
908 2032 992 2077 mer·
1045 2015 1108 2095 14).
1126 2017 1313 2088 Exercitus,
1327 2016 1384 2093 qui
1398 2018 1476 2077 sunt
1493 2016 1529 2077 in
1550 2015 1646 2089 coelo,
1661 2018 1740 2078 suut
1761 2016 1846 2078 boni

194 2114 348 2175 cenarius
372 2116 405 2176 et
426 2116 564 2191 quinon
588 2119 639 2177 est
657 2116 772 2192 pastor
794 2113 908 2191 lupum
931 2130 991 2176 ue-
1044 2113 1109 2173 viri
1124 2115 1156 2175 et
1166 2115 1262 2191 justi,
1279 2114 1336 2190 qui
1350 2113 1425 2175 ideo
1439 2113 1594 2175 dicuntur
1604 2129 1679 2174 esse
1694 2114 1729 2173 in
1742 2114 1843 2187 coelo,

193 2211 341 2273 nientem
353 2211 445 2274 uidet
457 2212 490 2274 et
501 2212 638 2275 dimittit
651 2228 731 2274 oves
747 2211 780 2274 et
794 2211 889 2288 iugit.
1046 2211 1123 2287 quia
1149 2210 1221 2272 sola
1242 2209 1390 2272 coelestia
1414 2210 1572 2286 diligunt,
1594 2209 1665 2271 sola
1694 2211 1847 2273 coelestia

234 2309 287 2370 llli
304 2308 387 2371 bene
401 2311 608 2387 veniuntqul
630 2311 815 2387 sequuntur
828 2311 943 2380 Deum,
959 2310 992 2370 et
1045 2310 1209 2385 quaeruut.
1238 2308 1282 2369 Hi
1307 2308 1474 2369 exercitus
1502 2308 1687 2385 sequuntur
1713 2310 1843 2380 lesum,

194 2408 418 2483 assequuntur
438 2407 619 2468 secundum
634 2406 822 2484 exemplum
837 2405 990 2482 magistri
1045 2405 1177 2483 quando
1189 2406 1427 2483 expugnantia
1442 2422 1479 2467 se
1492 2406 1574 2467 vitia
1587 2421 1646 2482 per
1660 2407 1849 2468 correctio-

194 2504 248 2564 eui
274 2504 365 2565 Petri
392 2504 532 2567 dicentis
556 2522 598 2565 :e
622 2504 774 2566 Christus
798 2519 917 2581 passus
942 2505 991 2564 est
1045 2519 1131 2576 nem,
1159 2504 1195 2564 in
1220 2504 1382 2582 proximis
1410 2520 1469 2580 per
1492 2504 1762 2566 admonitionem.
1785 2506 1847 2566 Isti

196 2618 215 2661 ‹
237 2616 297 2677 pro
317 2599 423 2673 nohis,
449 2601 544 2664 vobis
570 2602 762 2679 relinquens
789 2601 989 2678 exemplum,
1045 2601 1212 2665 exercitus
1230 2601 1357 2663 suntin
1372 2602 1466 2678 equis
1485 2600 1583 2674 albis,
1599 2602 1696 2670 idest,
1709 2603 1746 2663 in
1762 2617 1846 2663 cor-

195 2715 214 2758 «
235 2699 291 2776 qui
302 2702 547 2776 peccatumnon
557 2699 647 2767 lecit,
659 2715 719 2761 nec
730 2698 826 2760 dolus
837 2699 991 2761 iuventus
1045 2698 1181 2775 poribus
1200 2699 1312 2760 castis.
1338 2701 1483 2776 Corpora
1501 2698 1663 2760 bonorum
1684 2698 1849 2761 dicuntur

193 2812 212 2855 a
234 2797 286 2858 est
306 2796 342 2857 in
368 2812 427 2858 ore
449 2799 533 2874 ejus,
556 2797 613 2874 qui
639 2812 713 2857 cum
738 2796 992 2858 malediceretur
1045 2797 1133 2874 equi,
1152 2797 1241 2874 quia,
1258 2797 1345 2857 sicut
1359 2795 1547 2872 diriguntur
1565 2812 1624 2874 per
1637 2796 1846 2859 voluntatem

197 2910 216 2955 s
237 2910 304 2956 non
332 2894 598 2966 remaledicebat,
627 2911 701 2955 cum
727 2895 897 2970 pateretur
923 2909 991 2954 non
1045 2893 1177 2971 equitis,
1194 2894 1240 2956 ita
1258 2895 1425 2971 iustorum
1446 2908 1587 2970 corpora
1607 2895 1771 2970 reguntur
1788 2911 1849 2956 se-

195 3007 215 3051 «
236 2991 510 3054 comminabatur.
527 3008 546 3051 r
561 2990 590 3067 (l
603 2994 672 3052 Pet.
689 3005 726 3062 11,
740 2992 780 3051 23
792 2991 825 3052 et
839 2990 937 3070 sep).
954 2993 990 3051 In
1046 2991 1399 3053 cundumvoluntatem
1412 2991 1559 3067 spiritus.
1571 2991 1629 3052 Isti
1638 2992 1716 3068 equi
1723 2991 1848 3055 debent

194 3089 259 3150 hoc
273 3089 337 3150 tria
353 3105 476 3164 genera
491 3090 702 3166 peccatorum
721 3087 939 3164 designantur
959 3087 992 3148 et
1047 3103 1123 3149 esse
1146 3087 1225 3160 albi,
1252 3089 1348 3160 idest,
1370 3080 1509 3165 corpora
1529 3088 1621 3149 casta
1647 3090 1681 3150 et
1706 3089 1846 3162 munda,

197 3185 365 3246 aChristo
384 3186 616 3260 removentur,
642 3185 814 3262 peccatum
835 3184 992 3247 uidelicet
1046 3185 1131 3261 quod
1156 3184 1185 3245 si
1204 3200 1271 3246 non
1285 3183 1418 3258 luerint,
1433 3185 1549 3246 mundi
1569 3201 1725 3247 essenon
1745 3187 1848 3264 pote-

198 3281 421 3358 cogitationis,
438 3298 513 3343 cum
526 3282 664 3344 dicitur:
678 3286 783 3343 Dolus
794 3296 864 3344 uon
878 3283 929 3343 est
941 3284 992 3342 tn·
1046 3282 1135 3345 runt

194 3380 319 3440 ocutus
331 3382 369 3440 in
382 3394 444 3441 ore
455 3382 541 3452 ejus.
555 3379 656 3441 Dolus
675 3395 818 3455 namque
835 3395 878 3442 ex
892 3379 992 3441 corde
1086 3380 1166 3441 Item
1184 3396 1191 3441 :
1207 3381 1270 3445 (lut
1288 3380 1360 3442 mut
1381 3383 1501 3441 ventre
1518 3380 1596 3454 post
1617 3381 1849 3456 machaerei

196 3477 367 3554 peccatum
382 3477 433 3539 est
447 3477 633 3551 locutionis,
649 3494 723 3540 cum
747 3478 890 3540 dicitur:
907 3480 992 3539 Cum
1044 3478 1279 3551 seruetipsum,
1296 3478 1331 3539 et
1349 3477 1443 3539 tollat
1462 3492 1600 3539 crucem
1615 3492 1719 3539 suum
1734 3478 1768 3538 et
1785 3491 1847 3538 se-

193 3576 469 3648 maledtceretur,
492 3590 561 3637 uon
575 3577 845 3638 remaledicebat.
868 3577 993 3637 Pecca·
1045 3575 1240 3648 quoturme
1256 3572 1386 3653 (Matth.
1404 3572 1549 3653 xv1,24).
1568 3575 1630 3646 Qui
1644 3574 1715 3635 vult
1729 3574 1848 3635 venire

194 3671 264 3733 tum
279 3672 482 3749 operationis
496 3689 570 3734 cum
590 3673 721 3746 dicitur,
738 3677 797 3748 qut
812 3673 992 3749 peccatum
1046 3671 1120 3747 post
1139 3686 1203 3743 me,
1227 3686 1285 3748 per
1307 3686 1371 3743 me,
1387 3671 1420 3733 et
1442 3670 1483 3733 ad
1505 3687 1569 3743 me,
1592 3670 1667 3747 post
1689 3686 1740 3733 me
1764 3670 1847 3746 quia

193 3785 263 3832 non
276 3771 367 3845 fecit.
1045 3768 1169 3829 veritas
1193 3785 1277 3841 sum,
1298 3784 1357 3845 per
1377 3784 1430 3829 me
1449 3769 1527 3845 quia
1541 3769 1596 3830 via
1620 3784 1704 3841 sum,
1721 3768 1763 3831 ad
1791 3783 1848 3829 me

234 3870 274 3930 Et
294 3868 367 3931 haec
388 3871 466 3932 sunt
493 3870 558 3932 tria
585 3869 790 3933 universalia
813 3868 849 3931 in
873 3868 991 3946 quibus
1046 3866 1202 3943 quauta
1217 3882 1301 3939 sum,
1318 3865 1460 3942 abneget
1472 3867 1684 3942 semetipsum
1702 3867 1734 3927 et
1748 3865 1851 3928 tollat

197 3966 342 4028 omnium
377 3970 587 4046 peccatorum
619 3984 742 4045 genera
773 3967 993 4044 comprehen-
1046 3979 1178 4025 crucem
1197 3965 1337 4025 suamet
1360 3966 1518 4040 sequatur
1532 3979 1595 4024 me.
1610 3963 1688 4024 Tria
1703 3965 1848 4040 possunt

195 4062 342 4124 duntur:
368 4066 538 4141 peccatum
558 4065 686 4127 scilicet
701 4065 922 4141 cogitationis,
941 4064 994 4125 lo·
1046 4061 1168 4123 Christi
1189 4061 1252 4123 Ilei
1270 4061 1377 4123 uirtus
1397 4062 1429 4122 et
1450 4061 1510 4122 Dei
1535 4061 1844 4139 sapientia,magui

196 4161 339 4222 cutionis
354 4165 387 4222 et
398 4162 613 4238 operationis.
628 4165 674 4222 De
693 4163 800 4239 primo
820 4162 942 4222 dicitur
955 4162 991 4221 in
1046 4159 1179 4219 consilii
1201 4159 1341 4233 angelus
1356 4158 1476 4219 animae
1492 4158 1651 4220 rationali
1666 4158 1776 4219 iacere
1795 4158 1841 4219 ad

196 4258 306 4318 isaia:
332 4260 477 4332 Auferte
499 4264 629 4320 malum
643 4260 890 4336 cogitationum
909 4274 991 4320 ves·
1046 4256 1227 4332 imaginem
1250 4256 1440 4327 Trinitatis,
1466 4255 1609 4327 scilicet,
1633 4256 1843 4326 servitutem,

197 4355 501 4417 trarumubomttts
512 4357 600 4416 areis
610 4353 668 4432 (Ιε.
682 4369 705 4426 1,
716 4352 780 4432 16).
792 4356 839 4415 De
847 4353 991 4438 secundo
1044 4354 1207 4414 vilitatem
1221 4353 1255 4414 et
1264 4352 1491 4431 asperitatem.
1503 4354 1539 4414 ln
1555 4352 1773 4429 abnegatione
1788 4353 1846 4414 sui

196 4451 232 4511 in
243 4451 551 4528 psalmozouorum
562 4466 600 4513 οε
608 4452 887 4514 maiedicttorwet
898 4466 992 4513 ama·
1046 4451 1201 4521 servitus,
1230 4451 1266 4510 in
1292 4450 1488 4513 toleratione
1514 4450 1624 4512 erucis
1649 4449 1777 4521 vilitas,
1806 4450 1845 4511 in

194 4550 347 4612 ritudiue
360 4555 499 4624 plenum
512 4550 565 4612 est
576 4547 646 4627 (Ρε.
661 4551 710 4622 13,
726 4547 772 4628 3).
784 4551 831 4609 De
841 4548 907 4610 tert
920 4564 940 4608 o
955 4550 991 4609 in
1047 4547 1232 4609 imitatione
1251 4547 1372 4611 Christi
1394 4548 1557 4624 asperitas
1579 4547 1785 4622 designatur,
1808 4549 1850 4609 ut

195 4647 372 4710 Salomone
386 4664 394 4703 t
410 4648 592 4710 Laetantur
604 4662 684 4709 cum
697 4647 943 4719 malefecerint,
958 4647 991 4707 et
1046 4661 1119 4721 quae
1136 4660 1196 4722 per
1210 4644 1468 4707 inobedientiam
1481 4644 1521 4705 de
1534 4645 1622 4708 statu
1632 4647 1775 4706 terrenae
1789 4643 1847 4704 le-

195 4746 355 4808 eaudtant
376 4750 415 4807 in
437 4749 541 4808 rebus
551 4748 716 4819 pessimis
737 4743 850 4823 (Prov.
870 4742 990 4822 11,11t).
1046 4740 1182 4804 licitatio
1198 4742 1365 4803 ceciderat
1383 4741 1560 4804 humiliata
1580 4741 1758 4803 affectione
1771 4743 1847 4803 ter-

195 4843 316 4903 Contra
338 4844 509 4919 peccatum
531 4843 651 4917 cordis,
677 4842 787 4905 cordis
813 4841 989 4914 contriti03
1045 4855 1136 4902 renae
1166 4840 1312 4901 miseriae
1340 4856 1400 4918 per
1427 4839 1649 4901 obedientiam
1676 4840 1846 4915 resurgat.

195 4939 310 5001 contra
325 4940 495 5015 peccatum
508 4940 588 5012 oris,
603 4940 671 5001 oris
684 4938 865 5013 confessio;
876 4939 992 5000 contra
1046 4937 1172 4999 Cecidit
1189 4937 1278 4998 enlm
1292 4953 1313 4998 a
1332 4938 1466 5014 seipsa,
1484 4953 1504 4997 a
1522 4937 1682 4999 societate
1701 4936 1848 5012 angelo-

195 5036 366 5112 peecatum
385 5037 508 5112 operis,
525 5038 636 5114 operis
658 5036 852 5098 satisfactio.
876 5037 992 5107 Quan-
1045 5051 1132 5107 rum,
1156 5035 1323 5097 avisione
1336 5036 1444 5106 Ilei‚a
1467 5034 1631 5106 libertate,
1655 5050 1675 5095 a
1697 5032 1848 5096 beatitu-

196 5148 296 5210 quam
313 5132 346 5194 et
365 5132 399 5192 in
414 5134 561 5209 quolibet
577 5133 710 5195 mortali
725 5133 798 5195 haeo
811 5133 876 5194 tria
893 5133 990 5193 simul
1046 5132 1134 5194 dine.
1148 5132 1269 5194 Audiat
1292 5147 1372 5207 ergo
1387 5131 1574 5203 consilium,
1591 5133 1628 5193 ut
1644 5129 1846 5206 abnegando

198 5231 267 5292 sint
277 5230 479 5291 necessaria.
495 5230 610 5306 Neque
625 5230 714 5291 enim
727 5229 851 5292 suiilcit
865 5230 991 5291 homini
1046 5230 1191 5306 seipsum
1206 5230 1317 5298 nomo,
1327 5229 1424 5300 idest,
1441 5229 1610 5306 propriam
1624 5228 1847 5301 voluntatem,

196 5330 498 5405 quantumcumque
519 5326 631 5388 dolere
646 5327 687 5389 de
704 5329 851 5405 peccato,
866 5328 895 5388 si
909 5327 991 5387 illud
1046 5326 1097 5387 sui
1119 5325 1304 5389 libertatem
1330 5328 1515 5402 recuperet,
1536 5325 1683 5387 tollendo
1705 5340 1847 5386 crucem

195 5424 270 5501 quis
280 5424 451 5486 erubuerit
464 5422 625 5486 confiteri.
639 5425 709 5485 Nec
719 5424 820 5485 etiam
835 5424 991 5485 contritio
1046 5439 1151 5495 suam,
1167 5423 1263 5492 idest,
1277 5438 1411 5485 carnem
1426 5440 1500 5484 cum
1515 5423 1606 5485 vitiis
1621 5423 1654 5485 et
1666 5422 1850 5498 concupis-

196 5523 229 5582 et
241 5519 407 5583 confessio
417 5521 598 5593 sufiiciunt,
611 5521 639 5582 si
651 5522 885 5597 contempserit
897 5521 992 5582 satis·
1046 5521 1164 5582 centiis
1177 5522 1415 5597 crucifigend03
1429 5536 1487 5598 per
1496 5520 1708 5583 continentiae
1720 5518 1849 5581 bonum

195 5615 306 5678 iacere
325 5617 423 5683 homo
434 5621 533 5696 juxta
549 5618 724 5681 arbitrium
741 5618 909 5680 Ecclesia.
1044 5618 1219 5697 recuperet
1240 5618 1431 5682 socIetatem
1450 5618 1655 5697 angelorum,
1674 5617 1849 5693 sequendo
