3980 6206
112 384 164 445 789

73 522 85 535 ⁸
112 537 286 603 devotionis
306 537 418 600 tamen
434 537 556 600 nostrae
571 536 712 614 requirit
727 536 894 610 affectum,

112 638 148 698 ad
162 635 305 697 eamdem
321 650 381 695 nos
397 647 582 713 provocans
593 632 754 706 doctrina,
771 634 898 697 beneti-

112 736 167 796 oiis
179 733 209 794 et
221 710 392 809 exemplis,
409 730 438 791 si
453 746 518 807 quo
531 730 640 802 moda,
651 730 728 806 quid
742 746 898 792 remane-

111 833 157 895 ret
168 831 199 890 in
208 845 279 900 nos,
289 829 400 890 valeat
414 828 574 905 reperire,
582 828 806 905 praeveniente
818 844 898 905 gra-

110 930 152 991 tia
185 925 277 987 nobis
308 925 476 997 tribuens,
512 924 597 1002 quod
634 927 779 986 coronet.
813 927 896 987 Ecce

111 1024 261 1101 siquidem
277 1022 475 1098 frigescente
499 1021 638 1084 caritate
654 1023 844 1095 multorum,
861 1024 897 1084 ut

110 1121 195 1182 illam
208 1120 451 1191 reaccenderet,
470 1121 502 1181 ct
518 1120 559 1180 ad
580 1119 789 1198 devotionem
802 1135 895 1180 suam

111 1220 257 1298 populum
271 1218 478 1296 provocaret,
495 1216 612 1278 diebus
631 1216 814 1279 clementiae
826 1232 896 1278 suae

110 1319 275 1379 thesauros
304 1316 445 1393 aperuit,
471 1313 643 1376 beatorum
673 1314 835 1376 Bonilaoii
863 1316 897 1375 et

109 1415 211 1477 llexii
233 1430 385 1491 corpora,
416 1428 490 1491 quae
516 1412 574 1473 diu
599 1412 776 1483 latuerant,
799 1426 897 1473 reve-

110 1512 211 1584 lando,
233 1528 274 1572 ne
287 1510 478 1588 huJusmodi
491 1510 629 1571 lucerna
642 1510 767 1571 diutius
778 1509 898 1571 lateret

111 1609 165 1670 sub
178 1608 297 1682 modic,
312 1608 371 1670 sed
385 1623 486 1685 super
504 1606 739 1669 candelabrum
756 1622 898 1685 ponere-

109 1709 167 1776 tur,
183 1710 218 1768 ut
233 1705 367 1767 domum
392 1705 657 1781 ingredientibus
677 1706 788 1766 lumen
807 1720 897 1782 prae-

109 1804 178 1864 beat
201 1803 497 1865 intercessionibus
512 1804 546 1865 et
559 1802 722 1880 exemplo.
751 1802 897 1863 Inventis

110 1901 205 1977 igilur
229 1902 265 1962 in
294 1901 497 1962 monasterio
524 1902 634 1962 vestro
664 1899 896 1978 praedictorum

110 1999 290 2059 sanctorum
317 1998 532 2075 pignoribus,
558 2014 618 2059 nos
651 2013 670 2058 a
701 1998 896 2060 vobiscum

109 2095 204 2157 multa
218 2097 379 2158 instantia
404 2096 656 2172 supplicationis
685 2094 828 2167 invitati,
854 2095 896 2156 ad

109 2194 338 2255 monasterium
361 2194 470 2270 ipsum
493 2194 710 2268 accessimus3
731 2194 764 2254 et
782 2192 897 2254 eadem

107 2305 239 2366 corpora
252 2307 329 2352 cum
351 2291 538 2352 honorabili
563 2292 651 2352 coetu
667 2291 896 2368 episcoporum

108 2388 139 2449 et
150 2388 379 2457 cardinalium,
396 2390 572 2451 assistente
582 2388 730 2449 ildelium
745 2389 855 2450 multit
878 2420 897 2435 ·

109 2485 179 2546 dine
192 2488 338 2564 copiosa,
356 2487 504 2565 ejusdem
529 2487 722 2548 monasterii
743 2486 899 2548 recondi-

108 2599 174 2643 mus
189 2583 222 2644 in
237 2584 338 2645 almri
353 2584 492 2661 maq'ori3
518 2600 557 2645 ac
576 2584 751 2645 ecclesiam
771 2583 899 2660 ipsum-

110 2695 166 2756 que
181 2681 287 2743 altare
301 2682 401 2743 tertia
421 2681 505 2742 seria
528 2683 664 2757 majoris
683 2679 897 2741 hebdomadae

108 2779 244 2855 propriis
258 2779 412 2840 manibus
427 2778 706 2851 consecravimus,
720 2779 756 2838 in
771 2792 898 2839 eorum-

108 2873 176 2937 dem
191 2879 381 2939 sanctorum
402 2877 595 2937 memoriam
610 2877 642 2937 et
663 2876 823 2937 bonorem
837 2872 895 2954 (1).

147 2974 187 3035 Ut
199 2974 305 3051 igitur
319 2975 425 3053 ipsius
444 2974 593 3035 ecclesiae
613 2989 652 3035 ac
671 2974 788 3034 altaris
812 2988 896 3034 oon-

110 3073 246 3133 secratio
262 3071 455 3134 veneranda
470 3071 611 3147 singulis
628 3068 725 3132 annis
747 3070 897 3131 devotius

109 3167 301 3242 celebretur,
324 3170 502 3240 universis,
529 3169 586 3245 qui
607 3168 648 3228 ad
673 3167 897 3229 celebritatem

108 3263 140 3323 in
152 3264 203 3327 die
213 3266 475 3328 consecrationis
486 3266 590 3343 ipsius
606 3266 722 3327 devote
732 3280 899 3326 convene-

106 3362 179 3434 rint,
196 3364 235 3425 de
249 3364 409 3441 injunctis
429 3363 493 3424 sibl
516 3363 717 3440 poenitentiis
740 3378 800 3439 pro
816 3378 897 3439 pec-

107 3459 199 3532 catis,
237 3460 480 3536 indulgentiam
513 3459 735 3537 quadraginta
768 3458 898 3518 dierum

106 3557 324 3630 concedimus
351 3557 391 3618 de
420 3556 654 3634 omnipotentis
679 3556 738 3616 Dei
766 3555 900 3616 miseri-

106 3655 223 3727 cordia,
240 3658 275 3718 et
286 3655 458 3717 beatorum
473 3656 562 3717 Petri
574 3657 606 3716 et
621 3653 717 3714 Pauli
729 3653 900 3730 apostolo-

105 3765 173 3811 rum
187 3757 260 3830 eJus
274 3754 472 3815 auctoritate
488 3753 603 3813 contisi
617 3750 677 3831 (2).

134 3850 179 3911 st
193 3852 432 3913 monasterium
448 3850 556 3928 ipsum
571 3866 646 3911 cum
657 3847 810 3911 omnibus
825 3862 899 3925 quae

103 3943 401 4022 impraesentiarum
435 3945 679 4008 rationabiliter
711 3943 897 4022 possideat,

103 4046 157 4104 aut
178 4044 377 4105 inlaturum
395 4045 495 4121 justis
513 4044 619 4105 modis
634 4043 814 4120 praestante
832 4042 901 4102 Do-

102 4139 188 4203 mino
213 4142 336 4221 poterit
363 4142 514 4219 adipisci,
541 4141 578 4202 ut
606 4156 646 4203 ea
671 4155 802 4217 semper
827 4140 899 4200 sine

105 4238 551 4316 contradictionepossideat,
564 4234 769 4315 subspeciali
780 4238 901 4298 curaet

103 4333 279 4412 principali
293 4335 398 4397 tutela
412 4334 612 4411 apostoncae
635 4333 730 4395 Sedis
745 4333 899 4409 suscepi-

103 4444 184 4503 mus,
200 4432 235 4495 et
259 4432 434 4509 presentis
458 4432 574 4509 scripti
595 4431 781 4508 patrocinio
804 4446 899 4492 com-

103 4529 281 4590 munimus.
299 4529 392 4590 Nulli
404 4544 484 4605 ergo
504 4527 836 4589 omninoluominum
851 4527 898 4587 li-

103 4628 174 4688 ceat
198 4626 287 4688 banc
311 4627 467 4704 paginam
487 4628 610 4689 nostrae
626 4626 850 4688 concessionis
868 4626 901 4687 et

101 4724 317 4797 protectionis
327 4725 523 4801 infringere,
538 4722 591 4786 vel
610 4725 642 4785 ei
657 4739 741 4784 ausu
755 4725 901 4784 temera-

100 4819 149 4880 rio
165 4823 343 4885 contraire.
361 4824 396 4884 si
419 4823 493 4901 quis
518 4824 628 4884 autem
648 4821 711 4883 boc
735 4821 900 4881 attentare

100 4920 360 4998 praesumpserit,
381 4918 645 4996 indignationem
664 4917 899 4995 omnipotentis

134 5078 176 5150 (l)
199 5072 271 5136 llaec
295 5080 438 5137 Honorius
463 5077 499 5136 de
527 5076 746 5135 consecratione
774 5075 900 5133 basilice

99 5159 216 5218 nostrae,
234 5165 320 5221 quam
334 5150 397 5208 iasu
419 5165 450 5207 er
467 5147 593 5233 pluribus
611 5149 674 5204 aliis
684 5147 796 5204 ornavit
809 5144 898 5203 benc-

100 5217 181 5300 liciis.
200 5221 297 5276 Primo
308 5222 384 5278 enim
398 5167 453 5277 Rue
469 5236 530 5293 ipso
541 5219 635 5276 sanxit
650 5217 815 5300 diplomate,
829 5224 860 5273 ut
872 5224 901 5300 et

99 5287 221 5362 hujusce
241 5293 465 5349 consecrationis
488 5291 676 5347 anniversarii
694 5288 757 5346 dies
779 5289 899 5355 suemus

99 5361 153 5419 ritu
181 5371 352 5433 agerentur,
377 5371 406 5420 et
433 5361 566 5489 &delibus
590 5361 658 5418 illuc
686 5358 899 5427 accedentibus,

99 5433 276 5504 apostolica,
294 5450 378 5506 quani
389 5448 442 5491 voc
464 5441 503 5501 ut,
519 5432 708 5504 indulgentia,
718 5439 900 5502 peccatorum

101 5517 194 5574 poenae
210 5504 418 5561 relaxarentur.
437 5502 606 5574 (Nerinius.)

133 5576 174 5645 ti)
192 5576 387 5632 preteream
401 5574 641 5632 basilicaecultum
653 5580 682 5630 et
691 5569 779 5630 decus
788 5585 898 5643 augau-

98 5642 178 5712 dum,
194 5644 336 5703 bonorum
348 5647 476 5703 omnium
488 5644 710 5718 possessionem,
723 5650 816 5702 amota
829 5656 898 5715 qua·

99 5715 165 5774 libet
188 5717 399 5788 controversia,
423 5715 572 5774 monacbis
597 5713 753 5788 adjudica13
778 5712 900 5786 patroci-

723 379 952 440 EPISTOLAE.
976 381 1054 447 Lis.
1078 382 1119 441 ΙΙ.
1200 390 1202 395 “

1686 384 1745 443 790

952 539 1021 612 Dei,
1038 542 1071 602 et
1082 539 1254 603 beatorum
1267 540 1357 602 Petri
1369 544 1402 602 et
1414 541 1743 617 Pauliapostolorum

951 638 1024 714 ejus
1034 652 1071 699 se
1083 637 1214 699 noverit
1227 638 1452 701 incursurum

990 735 1109 797 Datum
1138 738 1263 807 Romae,
1294 736 1381 812 apud
1411 737 1567 797 Sanctum
1597 738 1742 811 Petrum,

952 832 994 893 lv
1009 847 1086 893 non.
1106 833 1206 910 junii,
1225 832 1435 909 pontificatus
1456 833 1561 895 nostri
1584 846 1671 894 anno
1691 848 1747 894 se-

951 926 1131 1008 cunone).

1222 1054 1477 1141 cdlxxxiv
1513 1082 1515 1089 ’

971 1190 1023 1247 Ad
1036 1189 1290 1263 Drepanortea.
1307 1187 1341 1248 et
1359 1187 1589 1249 Lutdertnum
1608 1189 1724 1260 episc,

1059 1284 1094 1346 et
1115 1286 1273 1358 priorem
1294 1285 1413 1345 Soracte·
1433 1282 1632 1345 Fortunati.

1252 1397 1270 1455 3
1281 1396 1354 1471 jullii
1369 1397 1449 1455 lale.

1022 1500 1129 1568 [bullar.
1140 1502 1225 1561 Rom..
1239 1502 1303 1553 adit.
1314 1501 1414 1562 Turia,
1424 1506 1444 1552 t.
1455 1502 1498 1560 ΙΙΙ,
1510 1499 1568 1563 ato,
1578 1515 1606 1553 n.
1617 1502 1685 1563 aad]

951 1608 1069 1670 ldandat
1081 1616 1113 1667 ut
1126 1607 1326 1667 informentde
1343 1609 1401 1667 vita
1420 1616 1450 1667 et
1463 1608 1609 1667 musculis
1628 1609 1748 1668 loannis

1279 1699 1418 1757 eremitae.

992 1796 1159 1859 Honorius
1173 1796 1348 1874 episcopus
1365 1812 1482 1859 servus
1494 1811 1666 1859 servorum
1674 1797 1745 1868 Dei,

951 1893 1200 1957 venerabilibus
1214 1893 1371 1957 iratribus
1386 1894 1625 1971 Dragonarien.
1635 1894 1668 1955 et
1679 1896 1748 1955 Lu·

952 1992 1074 2053 tberin.
1084 1990 1249 2069 episcopis
1259 2007 1299 2053 ae
1309 1991 1430 2053 dilecto
1443 1990 1512 2053 filio
1519 1991 1625 2068 priori
1635 1990 1747 2052 Sancti

952 2089 1125 2151 Fortunati
1134 2091 1359 2151 Beneventan.
1375 2088 1540 2160 dioecesis,
1559 2087 1749 2165 salutemet

952 2186 1169 2264 apostolicam
1183 2185 1458 2248 benedictionem.

993 2282 1175 2346 ineffabilis
1199 2284 1364 2360 sapientia
1391 2283 1451 2344 bei
1472 2297 1571 2344 nosse
1585 2284 1746 2358 tempora,

952 2381 1004 2443 vel
1020 2382 1186 2443 momenta
1198 2380 1233 2443 in
1243 2396 1306 2442 sua
1317 2380 1465 2442 retinens
1475 2380 1648 2458 potestate,
1661 2380 1749 2441 tem-

952 2478 1116 2557 poralium
1132 2479 1232 2539 etiam
1247 2477 1347 2539 babet
1367 2478 1439 2539 sola
1460 2477 1640 2555 perlectam
1659 2476 1749 2538 noti-

952 2577 1033 2639 tiam
1053 2576 1233 2646 aotionum,
1260 2591 1332 2652 quae
1354 2590 1418 2652 quo
1441 2576 1521 2639 liant
1549 2574 1660 2637 animo
1682 2589 1749 2635 non

953 2674 1123 2749 ignorans,
1150 2688 1262 2751 opera,
1288 2673 1589 2750 quantumcumque
1609 2670 1749 2733 videan-

952 2775 1007 2832 tur
1021 2770 1212 2837 nominibus
1227 2770 1333 2845 graia,
1348 2768 1506 2847 reprobat
1518 2769 1584 2829 nisi
1602 2783 1643 2830 ea
1657 2767 1748 2829 vivi-

953 2867 1030 2929 licet
1048 2868 1111 2944 piae
1131 2866 1335 2944 operationis
1354 2865 1504 2927 affectus.
1532 2865 1626 2926 Siout
1648 2865 1749 2925 etiam

953 2963 1092 3041 angelus
1105 2965 1238 3025 Satanae
1253 2964 1496 3040 sequendoque
1507 2963 1544 3023 in
1557 2960 1641 3023 lucis
1651 2977 1751 3041 ange-

952 3062 1021 3122 lum
1047 3062 1273 3137 transfigurat,
1299 3061 1348 3121 sic
1375 3061 1525 3137 plerique
1547 3059 1748 3135 impietatem

953 3173 1048 3219 suam
1061 3157 1211 3219 velantes
1226 3156 1287 3218 sub
1302 3156 1427 3219 vellere
1443 3156 1576 3233 pietatis
1592 3156 1750 3231 tanquam

906 3254 912 3261 '
954 3256 1098 3333 parietes
1113 3255 1256 3317 dealbati
1272 3271 1332 3331 per
1353 3254 1472 3315 salsam
1486 3252 1659 3329 religionis
1674 3268 1751 3328 spe-

954 3353 1050 3424 eiem,
1075 3368 1173 3429 quam
1200 3352 1420 3429 praetendunt,
1448 3350 1669 3426 ignominiose
1689 3364 1752 3409 no-

954 3466 1029 3511 men
1052 3448 1117 3510 sibi
1141 3448 1328 3509 sanctitatis
1347 3449 1519 3522 usurpant,
1544 3446 1577 3506 et
1597 3445 1751 3506 fallentes

954 3548 1129 3624 opiniones
1142 3544 1324 3615 hominum,
1347 3546 1380 3604 et
1401 3544 1539 3620 seipsos,
1560 3544 1676 3612 Deum,
1692 3541 1750 3617 qui

954 3660 1021 3706 non
1045 3642 1215 3714 irridetur,
1241 3656 1309 3703 non
1329 3640 1464 3711 fallunt,
1485 3638 1541 3699 sed
1564 3641 1656 3715 justo
1677 3640 1750 3715 ejus

950 3740 1077 3820 judicio
1089 3740 1334 3817 relinquuntur.
1351 3738 1444 3799 Licet
1459 3736 1561 3812 igitur
1572 3736 1603 3795 is
1618 3735 1675 3813 qui
1690 3750 1749 3795 so-

955 3840 1007 3899 lus
1035 3838 1128 3899 novit
1153 3835 1348 3898 abscondita
1371 3833 1595 3905 tenebrarum,
1626 3832 1749 3908 hujus-

955 3936 1043 3998 modi
1057 3949 1290 4012 perversorum
1304 3932 1467 3994 malitiam
1482 3930 1522 3992 ab
1538 3946 1653 3991 eorum
1667 3928 1752 3989 sruc-

954 4034 1043 4097 tibus
1056 4048 1130 4095 esse
1145 4032 1295 4093 docuerit
1305 4028 1579 4107 cognoscendam,
1590 4029 1626 4090 ut
1638 4028 1751 4088 tamen

954 4133 1043 4194 inter
1051 4132 1176 4208 lepram
1188 4118 1354 4205 etlepram
1364 4127 1484 4188 melius
1497 4126 1749 4201 distinguamus,

955 4232 1071 4308 atquae
1086 4228 1209 4289 munda
1220 4226 1345 4288 luerint
1357 4226 1409 4287 vel
1424 4222 1595 4285 immunda
1606 4222 1751 4284 sciamus

955 4329 1145 4389 discernere
1160 4323 1345 4402 separando
1358 4323 1538 4401 pretiosum
1551 4336 1571 4382 a
1586 4319 1656 4392 vili,
1668 4319 1753 4380 solet

955 4426 1114 4488 Dominus
1138 4423 1241 4485 vitam
1256 4424 1406 4485 sanctam
1422 4436 1547 4491 eorum,
1566 4419 1624 4495 qui
1645 4417 1751 4477 semi-

953 4523 1121 4584 naverunt
1144 4522 1179 4583 in
1199 4520 1368 4598 lacrymis,
1395 4518 1427 4578 id
1449 4517 1533 4594 quod
1563 4516 1691 4577 metuat
1716 4513 1751 4572 in

953 4618 1241 4681 benedictionibus
1261 4616 1469 4677 abundanter
1478 4614 1672 4690 plerumque
1685 4610 1752 4669 rni-

954 4718 1079 4780 raculis
1103 4714 1312 4784 confirmare,
1340 4710 1510 4787 signisque
1537 4706 1752 4785 sequentibus
1815 4766 1844 4813 t

954 4814 1114 4884 indicare,
1132 4811 1217 4889 quod
1234 4810 1283 4871 eis
1307 4807 1516 4885 splendorem
1540 4820 1601 4882 pro
1624 4804 1752 4864 meritis

955 4910 1084 4973 dederit
1109 4908 1356 4985 sempiternum.
1385 4907 1455 4966 Hac
1480 4903 1584 4977 igitur
1608 4902 1750 4973 ratione,

955 5071 1034 5128 nium
1059 5068 1246 5140 apostolicum
1268 5064 1416 5136 indulget;
1440 5069 1469 5120 ct
1495 5060 1594 5144 siqui
1621 5057 1752 5117 eoenobio

955 5141 1110 5267 quidquarlrlr
1119 5136 1322 5280 ἓιῖουοτίῃῌίε
1333 5150 1348 5193 a
1360 5140 1527 5207 praepotenti
1537 5134 1597 5189 Deo
1610 5131 1684 5187 male
1693 5145 1753 5202 prc-

955 5220 1043 5271 catur.
1075 5210 1147 5268 li.

991 5283 1033 5357 (3)
1049 5212 1096 5339 S(ic
1109 5279 1224 5352 explicit
1238 5277 1360 5336 calabris
1373 5275 1437 5333 hac
1457 5273 1574 5332 lionorii
1597 5270 1684 5339 bulla,
1700 5285 1750 5326 cu·

953 5354 1000 5428 jus
1021 5352 1251 5425 autographum,
1276 5347 1400 5406 indubie
1429 5345 1546 5428 quidem
1569 5341 1749 5424 ildeiacarac-

955 5433 1032 5482 teres
1044 5438 1145 5483 omines
1156 5436 1215 5495 prae
1232 5435 1263 5476 se
1279 5417 1384 5486 lercns,
1398 5423 1555 5474 etiamnum
1569 5412 1708 5469 alemano
1724 5425 1753 5467 in

955 5495 1129 5553 tabularios
1155 5492 1239 5548 nobis
1264 5488 1482 5562 religiosissime
1504 5490 1677 5541 asservatur.
1696 5481 1753 5564 Sed

955 5574 1075 5634 caeoera,
1102 5564 1139 5621 ad
1162 5562 1293 5621 clerium
1320 5558 1568 5617 consecrationem
1593 5561 1751 5628 spectantia

956 5650 1172 5711 persequamur.
1191 5631 1288 5707 (ibid.)
