3958 6204
122 316 184 381 201
406 315 507 376 xvii.
522 310 623 375 -tri
644 312 898 400 NATIVITATE
921 303 1069 376 SANCT'I
1089 313 1267 377 JOANNIS
1287 314 1520 377 BAPTISTAE.
1614 382 1618 395 ‚
1725 315 1787 375 202

128 472 192 536 Sed
214 471 336 534 Martae
362 472 465 535 Matri
488 472 707 535 annuntiatur
729 475 935 547 :concipies
988 472 1124 550 propter
1156 473 1297 536 salutem
1327 472 1491 545 nostram,
1525 472 1562 534 ut
1593 471 1788 535 assisterent

128 572 163 634 ci
176 573 305 645 parics
331 571 455 643 titium,
485 570 520 633 ct
543 573 680 632 combis
707 582 833 632 nonam
860 574 935 644 ejus
989 585 1100 632 coram
1116 571 1254 632 Domino
1270 570 1311 632 ad
1324 570 1526 631 laudandum
1541 571 1574 632 et
1587 568 1787 631 benedicen-

126 672 248 731 Jesnm
264 665 370 746 (Luc.
380 685 405 740 1,
418 666 485 746 31).
501 669 566 728 Gur
580 667 645 729 hoc
658 668 725 728 nisi
739 668 826 745 quod
837 671 936 731 toan·
988 668 1076 728 dum.
1090 670 1136 729 De
1149 668 1244 729 nobis
1254 667 1376 730 dicitur
1388 669 1422 728 in
1437 668 1570 728 Psalmo
1583 689 1590 728 ε
1603 672 1676 743 lico
1688 670 1786 729 dicei:

127 782 188 829 nes
211 766 398 842 conceptus
424 767 474 827 est
499 765 534 826 in
564 766 711 842 peccato,
742 765 828 826 sicut
855 765 936 826 dicit
988 768 1046 826 Dii
1062 766 1155 837 estis,
1172 767 1206 826 et
1226 766 1289 837 {itii
1303 770 1429 827 eacetsi
1442 780 1562 827 omnes
1577 763 1646 845 (Pe.
1667 766 1720 837 81,
1739 763 1784 845 6).

127 864 233 926 Dauid
266 885 274 924 :
305 867 396 925 licea
428 866 466 924 in
490 863 728 938 iniquitatibus
747 863 936 936 conamus
1028 867 1101 924 Per
1119 864 1406 933 cohaereditatem,
1424 863 1500 939 qrria
1517 863 1550 922 in
1573 862 1700 924 coelesti
1716 862 1788 923 ha-

126 978 245 1025 stan...
262 959 337 1040 (Ps.
362 962 414 1033 50,
435 959 481 1040 ii).
507 960 605 1023 Solus
625 962 736 1022 autem
755 963 852 1023 Jesus
873 959 937 1022 ruit
988 959 1129 1020 reditate
1160 959 1286 1021 tantam
1326 959 1467 1036 gloriam
1502 959 1636 1022 habebit
1671 960 1786 1029 homo,

128 1060 314 1136 conceptus
342 1058 417 1119 sine
438 1057 546 1135 culpa,
571 1058 648 1135 quia
670 1058 733 1120 fuit
758 1058 935 1135 conceptus
990 1054 1146 1131 quantam
1163 1055 1196 1118 et
1214 1055 1352 1131 angelus
1374 1056 1483 1118 habet.
1513 1056 1606 1118 Unde
1627 1057 1787 1117 Dominus

129 1156 170 1219 de
201 1156 334 1234 Spiritu
361 1155 499 1224 Sancto,
534 1154 621 1217 sicut
647 1156 696 1217 ait
720 1156 859 1231 angelus
893 1155 935 1216 ad
989 1151 1025 1212 in
1039 1152 1220 1229 Evangelio
1238 1175 1245 1213 :
1261 1155 1426 1227 AEauates
1444 1157 1537 1215 cirini
1559 1159 1688 1232 augetis
1706 1154 1789 1216 sunt

128 1255 306 1330 Virginem
329 1252 517 1328 :Spiritus
540 1254 688 1314 Sanctus
714 1253 936 1328 superveniet
991 1248 1083 1328 (Luc.
1097 1266 1155 1322 xx,
1172 1249 1236 1330 36).
1254 1253 1294 1312 Et
1308 1252 1385 1312 sunt
1399 1251 1459 1311 tilii
1472 1252 1542 1323 Dei,
1555 1267 1630 1313 oum
1645 1252 1712 1314 sint
1727 1251 1789 1312 lilii

130 1356 168 1414 in
184 1353 258 1413 te...
289 1348 385 1429 (Luc.
409 1366 433 1422 1,
459 1348 525 1429 35).
550 1349 618 1411 Alii
637 1350 733 1426 pueri
752 1350 875 1412 exeunt
896 1350 936 1410 de
990 1347 1254 1409 resurrectionis.
1271 1349 1312 1409 at
1324 1348 1398 1409 ideo
1412 1348 1516 1410 dixit:
1532 1349 1614 1412 Sunt
1629 1349 1787 1426 sequelae.

132 1450 226 1509 utero
242 1447 363 1508 matris
386 1461 503 1513 eorum
529 1445 655 1508 sordidi
676 1446 833 1523 originali
858 1462 937 1523 pee-
989 1443 1134 1505 Verbum
1156 1446 1331 1521 praesentis
1359 1446 1517 1523 temporis
1541 1446 1688 1523 protulit,
1718 1446 1789 1506 sive
1886 1469 1889 1476 ·

133 1546 217 1608 cato.
245 1546 314 1605 Iste
340 1543 506 1620 prooessit
534 1544 703 1620 tamquam
731 1560 872 1621 sponsus
896 1543 936 1604 de
990 1540 1206 1618 Ev'angelium
1222 1542 1343 1619 posuit,
1363 1543 1441 1619 quia
1463 1543 1549 1621 qurod
1564 1542 1710 1605 loturum
1727 1545 1787 1614 est,

133 1642 285 1704 thalamo
309 1656 384 1710 suo,
400 1641 496 1713 idest,
520 1641 713 1718 splendidus
729 1643 762 1703 et
784 1641 934 1703 decorus.
990 1638 1221 1715 inpraesentia
1244 1641 1304 1700 Dei
1321 1642 1393 1716 jam
1417 1640 1540 1703 factum
1563 1642 1623 1703 est.
1648 1640 1699 1702 Ad
1725 1641 1789 1701 hoc

134 1740 201 1801 hlii
225 1738 325 1816 pueri
354 1738 546 1816 plorantia
574 1754 635 1800 sua
658 1738 842 1811 nahvitato,
872 1740 936 1800 iste
991 1736 1161 1797 sciendum
1176 1738 1228 1797 est
1247 1737 1333 1814 quod
1353 1737 1387 1797 in
1409 1740 1511 1799 Sacra
1532 1738 1704 1814 Scriptura
1727 1754 1791 1798 an·

134 1853 213 1899 sero
227 1836 307 1898 risit
323 1836 358 1897 et
371 1836 530 1911 gaudium
544 1835 644 1897 matri
663 1836 764 1898 dedit.
787 1839 835 1899 De
848 1836 938 1900 nati-
990 1834 1084 1910 gelus
1100 1833 1360 1911 quadrupliciter
1383 1835 1555 1912 accipitur.
1572 1836 1631 1896 Est
1646 1851 1789 1911 namque

133 1935 236 1996 vitate
259 1932 403 1996 Joannis
425 1932 548 1995 dicitur
569 1934 605 1995 in
627 1935 809 2011 Evangelio
830 1956 838 1994 r
860 1938 936 1996 Art·
991 1931 1130 2008 angelus
1139 1932 1271 1994 Satanae
1284 1931 1337 1992 vel
1351 1931 1522 2003 daemonis
1533 1931 1670 2008 angelus
1684 1932 1788 2009 pacis,

135 2032 267 2094 dantes
281 2034 390 2093 euicit
403 2032 439 2093 et
449 2033 685 2108 cognatiquod
697 2032 937 2109 munificavit
991 2030 1129 2105 angelus
1144 2029 1321 2090 ministerii
1336 2031 1369 2091 et
1389 2028 1529 2106 angelus
1551 2029 1694 2090 consilii.
1719 2033 1790 2090 An-

134 2132 226 2191 Deus
238 2131 522 2191 misericmdiam
539 2144 642 2191 niani
657 2145 736 2191 cuni
752 2132 934 2201 Elisabeth,
991 2126 1086 2203 gelus
1114 2127 1275 2188 daemonis
1299 2127 1500 2202 colaphizat,
1529 2127 1668 2203 angelus
1696 2127 1788 2204 pacis

134 2226 469 2303 wuarcttuabantur
481 2228 515 2287 ei
530 2224 624 2305 (Luc.
643 2242 668 2299 1,
683 2225 748 2306 58).
770 2226 881 2288 Vicini
904 2227 938 2288 et
992 2223 1144 2295 aedificat,
1166 2224 1305 2299 angelus
1324 2223 1502 2286 ministerii
1521 2222 1696 2295 confortat,
1724 2240 1789 2284 an-

134 2324 269 2400 cognati
276 2322 477 2398 suntangeli
488 2324 548 2385 Dei
558 2323 591 2385 et
600 2323 718 2396 sancti,
730 2323 786 2402 qui
797 2326 938 2401 quatuor
990 2320 1086 2397 gelus
1100 2320 1232 2382 consilii
1246 2319 1367 2383 liberat
1376 2321 1428 2381 vel
1441 2321 1588 2382 coronat.
1605 2321 1662 2382 Est
1676 2320 1788 2397 itaque

136 2419 315 2482 decausis
337 2420 494 2483 dicuntur
520 2437 594 2483 esse
619 2421 723 2482 vicini
746 2421 780 2483 et
804 2421 937 2498 cognati
991 2418 1130 2494 angelus
1143 2417 1283 2489 daemon,
1296 2418 1434 2494 angelus
1449 2418 1564 2491 homo,
1581 2418 1720 2494 angelus
1735 2435 1788 2479 su-

138 2533 195 2594 per
220 2516 517 2589 cohabitationem,
546 2534 607 2595 per
626 2519 755 2580 natura
775 2518 936 2580 similitu·
991 2531 1094 2592 perna
1109 2515 1266 2593 potestas,
1281 2515 1419 2591 angelus
1435 2531 1565 2592 atroque
1580 2511 1786 2585 Emmanuel.

139 2614 260 2687 dinem,
277 2629 340 2692 per
360 2613 602 2677 fraternitatem
621 2615 655 2679 et
670 2631 731 2693 per
748 2615 935 2678 cohaeredi·
991 2616 1037 2674 De
1052 2612 1170 2688 angelo
1186 2612 1317 2674 Satanae
1337 2611 1439 2672 habes
1456 2613 1492 2673 in
1510 2613 1667 2689 Apostolo
1688 2618 1789 2675 :An-

137 2713 248 2775 tatam.
271 2715 347 2773 Per
366 2713 661 2785 cohabitationem
683 2712 761 2790 quia
776 2713 810 2775 et
823 2712 938 2774 nobis-
989 2716 1085 2787 petiis
1097 2711 1573 2783 satumqutmeconpnuci
1586 2709 1787 2789 (11111111,

136 2825 210 2872 cum
233 2808 445 2870 habitantia
472 2809 535 2871 hoc
557 2810 690 2883 mundo,
714 2810 801 2871 etin
826 2809 936 2871 tuturo
990 2805 1036 2886 7).
1052 2810 1099 2868 De
1122 2806 1241 2883 angelo
1256 2807 1348 2885 pacis
1366 2806 1401 2867 in
1425 2808 1512 2868 Isaia
1531 2829 1539 2867 :
1555 2810 1677 2885 Arraeti
1691 2813 1790 2884 pacis

137 2905 311 2968 nobiscum
338 2905 536 2969 habitabunt
566 2907 603 2969 in
630 2908 726 2969 coelo.
758 2907 936 2969 Nobiscum
991 2920 1112 2967 amare
1137 2903 1265 2977 fiebunt
1293 2902 1351 2983 (Is.
1376 2920 1497 2976 xxxrn,
1526 2902 1572 2984 7).
1600 2907 1647 2966 De
1670 2906 1790 2980 angelo

137 3003 289 3065 habitant
312 3003 349 3064 in
369 3003 432 3065 hoo
453 3005 575 3067 mundo
600 3004 822 3066 custodientes
842 3020 937 3067 nosa
992 3001 1169 3063 ministerii
1189 3000 1224 3062 in
1244 3000 1421 3063 Psalmista
1438 3022 1445 3062 :
1463 3004 1526 3068 Qut
1543 3004 1629 3076 facit
1651 3007 1791 3079 arsacias

137 3101 296 3179 periculis
318 3100 352 3162 et
373 3102 564 3177 apeccatis.
592 3102 686 3163 Unde
705 3101 843 3187 David:
865 3105 938 3163 An-
991 3114 1071 3161 sitos
1099 3100 1260 3174 spiritns,
1294 3100 1329 3160 et
1355 3098 1536 3160 ministros
1566 3113 1647 3160 suos
1674 3103 1791 3176 iariern

137 3202 219 3274 petis
233 3201 311 3260 suis
324 3199 516 3260 mandant·
525 3201 566 3260 de
581 3200 626 3271 te,
640 3199 681 3261 ut
697 3200 891 3262 austadiant
905 3200 937 3261 te
991 3196 1162 3257 urentem.
1183 3197 1223 3257 Et
1240 3194 1416 3271 Apostolus
1434 3215 1441 3253 :
1459 3195 1547 3257 Sunt
1565 3211 1714 3269 reamque
1729 3198 1792 3256 ad-

19 3328 22 3333 »
137 3300 173 3357 in
187 3298 347 3357 munibus
367 3293 794 3376 oiistuis...(Ps.90,11).
816 3296 939 3359 Nobis-
991 3293 1239 3353 ministratorii
1260 3293 1416 3365 spiritus.
1445 3294 1492 3352 De
1516 3291 1634 3368 angelo
1658 3291 1791 3353 consilii

138 3392 380 3455 cumhabitant
397 3393 433 3454 in
454 3391 576 3465 tuturo,
597 3394 685 3457 sicut
707 3394 865 3471 scriptum
889 3393 939 3455 est
992 3390 1041 3451 ait
1067 3390 1172 3452 Isaiae
1201 3411 1208 3450 ε
1233 3390 1278 3452 Et
1306 3390 1485 3452 amabitur
1511 3392 1630 3466 magni
1659 3392 1792 3451 coitsitii

139 3490 790 3566 inEvangelio:Inresurrectionenon
798 3492 936 3563 nubent,
992 3494 1143 3565 angetur.
1162 3488 1225 3548 Sed
1245 3487 1436 3559 Zacharias,
1461 3487 1539 3563 quia
1562 3503 1628 3547 non
1650 3487 1792 3549 credidit
1876 3537 1882 3552 .
1969 3540 1972 3561 ,

139 3602 246 3662 necue
258 3589 445 3675 nubentur,
459 3591 520 3651 sed
534 3589 638 3651 erunt
649 3589 738 3651 sicut
751 3593 864 3664 araaeti
875 3592 939 3651 Dei
992 3586 1111 3663 angelo
1146 3584 1186 3646 de
1219 3584 1394 3647 nativitate
1424 3584 1486 3645 olii
1518 3584 1571 3646 sui
1606 3583 1713 3646 iactus
1742 3588 1793 3646 est

138 3688 174 3747 in
184 3690 268 3748 coeio
281 3682 402 3763 (Marc.
416 3700 479 3758 111,
494 3683 560 3765 25).
579 3691 650 3749 Per
663 3687 803 3749 naturae
815 3689 940 3749 struiti-
993 3684 1115 3746 mutus.
1133 3681 1301 3744 Abraham
1316 3682 1437 3754 autem,
1462 3681 1541 3759 quia
1556 3681 1696 3744 credidit
1711 3684 1789 3753 Deo,

141 3782 304 3854 trtdirrcrn,
328 3783 407 3859 quia
434 3783 571 3860 spiritus
597 3784 792 3860 angelorum
812 3784 845 3846 et
870 3784 940 3860 spi·
992 3780 1289 3860 reputatumestei
1304 3779 1535 3857 adjustitiam.

139 3880 221 3941 ritus
240 3880 416 3942 hominum
432 3880 580 3959 ejusdem
599 3882 730 3942 natura
744 3880 777 3943 at
791 3881 939 3958 eiusdem
1033 3878 1094 3940 Vel
1113 3877 1181 3939 alio
1195 3877 1293 3939 modo
1310 3898 1318 3937 ε
1333 3875 1556 3946 asspectute,
1582 3876 1660 3952 quia
1677 3876 1793 3937 sancta

139 3977 370 4039 similitudinis
385 3979 473 4041 sunt.
499 3979 594 4041 Unde
607 3979 712 4040 David
726 3978 762 4040 in
785 3980 937 4041 Psalmo:
995 3975 1142 4037 Ecclesia
1162 3990 1181 4035 a
1198 3972 1315 4052 primis
1338 3971 1540 4050 temporibus
1564 3972 1739 4035 consenuit
1756 3972 1792 4034 in

139 4076 300 4137 Minuisti
334 4091 414 4138 cum
446 4082 552 4149 poulo
584 4080 702 4139 minus
732 4078 782 4139 ab
808 4080 940 4153 angelis
993 4072 1089 4159 bonis
1111 4071 1269 4133 moribus.
1290 4071 1389 4140 Unde
1409 4070 1446 4132 in
1470 4069 1555 4132 libro
1581 4069 1791 4148 Sapientiae:

140 4170 209 4248 (Ps.
229 4174 261 4243 8,
282 4170 329 4251 6).
357 4173 444 4243 Nam
465 4172 516 4234 illi
538 4174 617 4235 sunt
638 4173 856 4246 immortales,
881 4174 939 4235 sed
993 4170 1157 4233 Senectus
1181 4168 1275 4230 enim
1304 4170 1510 4230 uenerabilis
1537 4169 1589 4230 est
1618 4182 1687 4229 non
1710 4169 1792 4228 diu-

140 4267 193 4330 isti
207 4269 385 4345 mortales3
402 4269 453 4330 illi
468 4271 546 4331 sunt
558 4270 791 4348 impassibiles,
808 4270 868 4333 sed
883 4270 942 4331 isti
995 4269 1116 4339 turno,
1147 4280 1257 4341 neque
1278 4281 1455 4327 annorum
1476 4281 1622 4328 nunicro
1647 4280 1792 4340 compu-

140 4367 338 4443 passibiles3
362 4366 414 4427 illi
442 4366 543 4440 beati,
564 4368 622 4431 sed
644 4368 702 4431 isti
727 4367 859 4443 miseri,
890 4367 940 4429 illi
995 4365 1071 4427 tata
1093 4362 1187 4443 (Sap.
1212 4379 1265 4436 ιν,
1288 4361 1333 4443 8).
1361 4365 1389 4425 Α
1418 4362 1573 4425 diuturna
1605 4362 1792 4424 sterilitate.

139 4464 359 4542 triumphant,
375 4463 505 4526 sedisti
521 4464 675 4527 militant.
692 4466 786 4527 Unde
807 4465 938 4526 David:
994 4463 1148 4538 Legimus
1172 4461 1207 4521 in
1228 4462 1336 4523 veteri
1354 4461 1574 4532 Testamenta,
1603 4461 1689 4538 quod
1714 4477 1792 4520 mu-

140 4562 298 4623 hiinnisti
312 4567 505 4636 campanio
516 4565 837 4639 minusabanpeiis.
854 4564 940 4638 Ergo
995 4560 1096 4621 lieres
1119 4558 1250 4621 steriles
1271 4560 1368 4620 erant
1385 4559 1421 4619 in
1444 4557 1657 4636 opprobrium
1676 4558 1712 4618 in
1739 4560 1792 4618 Is-

142 4658 196 4734 qui
219 4658 302 4720 tunc
328 4659 440 4720 minor
466 4658 553 4730 crat,
581 4659 616 4720 in
647 4674 752 4735 regno
781 4659 940 4721 coelorum
995 4657 1076 4729 rael,
1098 4656 1257 4733 quantum
1273 4655 1314 4716 ad
1335 4656 1492 4718 litteram.
1519 4653 1674 4731 Corporis
1697 4670 1795 4714 nam-

142 4758 247 4835 major
270 4755 337 4818 erit
361 4758 491 4819 ioanne
516 4756 678 4834 Baptista.
705 4758 797 4817 Deus
822 4756 941 4819 minuit
995 4753 1310 4831 quesierilitasnon
1326 4751 1573 4828 estpeccatum,
1590 4752 1699 4813 mente
1714 4767 1793 4813 vero

144 4852 309 4915 hominem
339 4854 441 4930 paulo
469 4853 580 4915 minus
614 4853 656 4915 ab
688 4853 833 4930 angelis,
863 4853 941 4931 quia
996 4848 1139 4921 steriles,
1153 4850 1250 4922 idest,
1271 4849 1394 4910 abono
1414 4864 1515 4925 opere
1528 4848 1614 4925 apud
1637 4851 1742 4910 Deum
1757 4849 1793 4911 in

145 4951 274 5013 mortali
298 4966 440 5028 corpore
458 4951 584 5015 vestitit
607 4965 694 5025 eum,
722 4950 809 5028 quod
830 4950 941 5027 angeli
996 4946 1208 5026 opprobrium
1238 4948 1326 5008 sunt.
1360 4948 1481 5008 Nonne
1505 4948 1588 5008 Sara
1619 4963 1723 5025 usque
1751 4947 1793 5008 ad

147 5061 207 5108 non
222 5048 358 5111 habent.
996 5044 1234 5121 octogesimum
1248 5060 1371 5105 annum
1393 5043 1518 5106 sterilis
1533 5043 1606 5115 init,
1626 5045 1660 5109 et
1681 5047 1793 5109 111111

183 5150 253 5208 Per
266 5146 542 5220 fraternitatem,
557 5146 635 5223 quia
654 5145 755 5208 Pater
768 5162 855 5207 unus
870 5160 943 5206 om·
996 5144 1030 5204 in
1054 5142 1169 5205 ultima
1194 5143 1365 5205 senectute
1387 5141 1504 5219 genuit
1525 5145 1641 5204 Isaact
1669 5142 1793 5204 Rachel

147 5242 232 5309 nium
248 5244 439 5304 nostrorum
459 5244 493 5306 et
508 5243 643 5305 illorum
658 5245 719 5305 est.
735 5245 775 5305 Et
787 5243 862 5305 ideo
882 5258 942 5304 nos
996 5256 1125 5319 quoque
1145 5240 1203 5301 diu
1226 5240 1349 5304 sterilis
1373 5239 1445 5313 tuit,
1474 5242 1507 5302 et
1531 5241 1646 5317 genuit
1669 5239 1794 5316 ioseph

148 5338 248 5400 atilli
274 5340 336 5401 tilii
364 5340 423 5401 Dei
449 5342 482 5403 et
507 5340 628 5403 iratres
653 5357 777 5401 sumus.
803 5343 850 5402 De
875 5341 942 5401 illis
996 5338 1172 5400 Dominum
1194 5338 1341 5415 AEgypti.
1369 5339 1448 5410 Quis
1475 5337 1592 5399 tortior
1621 5339 1791 5409 samsone,

149 5449 285 5514 namque
299 5438 473 5500 diciturin
487 5438 574 5501 tob:
600 5438 774 5500 Venerunt
794 5439 857 5511 titii
878 5440 943 5499 Dei
996 5436 1048 5497 vel
1068 5436 1215 5497 sanctior
1240 5435 1411 5497 Samuele?
1439 5437 1479 5496 nt
1503 5436 1614 5495 tamen
1637 5432 1673 5494 hi
1696 5433 1794 5497 ambo

149 5534 183 5593 ut
206 5535 414 5597 assisterent
431 5550 548 5597 coram
573 5537 721 5598 Dorntno
742 5534 828 5612 (tob.
849 5550 872 5607 1,
895 5531 941 5613 6).
996 5533 1119 5596 matres
1148 5533 1280 5595 steriles
1312 5532 1508 5593 habuerunt.
1549 5532 1669 5592 Nonne
1698 5534 1794 5594 Anna

150 5630 312 5695 Venerunt
329 5648 350 5695 a
375 5631 562 5694 ministerio
575 5632 618 5694 ad
633 5630 718 5710 quod
743 5632 943 5709 deputantur
997 5633 1102 5693 mater
1118 5631 1227 5693 Beata
1247 5629 1363 5692 Marias
1381 5628 1438 5690 diu
1462 5626 1585 5689 sterilis
1607 5626 1671 5689 tuit
1688 5631 1722 5692 et
1735 5645 1796 5706 ge-
