3958 6204
110 360 168 419 277
539 354 655 417 xxiv.
667 380 712 400 ··-
725 353 771 415 IN
793 352 1075 415 Dnblcnrlolvlr
1095 352 1320 417 ECGLESIAE
1694 356 1755 417 278

147 518 197 579 Ex
215 513 264 576 bis
279 511 401 587 tribus,
427 512 525 586 idest,
542 511 810 591 eoncupiscentia
826 528 904 575 car·
957 513 1065 587 rabat,
1079 515 1177 577 nocte
1189 515 1328 578 ueniens
1342 512 1385 578 ad
1398 515 1513 581 iesum
1527 515 1565 578 nt
1582 513 1756 601 doceretur

110 614 172 685 nis,
197 610 467 687 concupiscentia
497 610 669 672 oculorum
696 610 730 672 et
749 611 905 688 superbia
958 609 999 672 ah
1012 626 1063 673 eo.
1080 613 1183 683 Quem
1194 611 1319 675 veritas
1335 612 1383 674 sio
1398 612 1542 674 instituit
1558 633 1566 672 ε
1581 613 1675 678 Quod
1696 629 1756 675 rere

109 713 183 774 vitae
193 708 315 772 texitur
329 707 389 769 ille
403 708 527 785 triplex
543 707 724 783 funiculus,
740 709 797 786 qui
807 693 904 786 iuxta
958 710 1033 770 tum
1054 710 1106 770 est
1119 724 1167 770 ec
1189 724 1405 782 remancre
1427 711 1503 783 est;
1524 714 1613 784 quod
1631 712 1755 772 uotum

110 808 285 886 sapientem
298 804 439 866 ditdcile
449 804 625 882 rumpitur.
642 808 712 868 Hoc
723 805 847 883 triplici
857 807 906 867 lu·
957 807 1010 867 est
1036 820 1084 867 ec
1103 807 1243 881 spiritu,
1261 808 1408 881 spiritus
1432 809 1483 869 est
1507 805 1617 886 (ioan.
1638 822 1688 881 ιιι,
1706 806 1752 887 6).

109 900 700 979 niculodiaholnsAdaminparadiso
710 903 902 965 vinculavit.
957 904 1069 964 Tertia
1088 903 1247 965 nativitas
1263 903 1435 978 entheata,
1464 905 1541 982 quia
1565 905 1692 982 J'ustum
1718 904 1754 965 in

109 1004 174 1064 Hoc
183 999 473 1062 wdemcnrtstum
481 1000 516 1061 in
526 998 658 1061 deserto
666 999 901 1073 tenerevoluit,
957 999 1065 1075 gloria
1080 1002 1283 1063 remunerat.
1306 1001 1400 1064 Unde
1426 1000 1583 1064 dicuntur
1601 1001 1754 1063 natalitia

110 1098 163 1159 sed
176 1096 317 1159 tenendo
332 1095 466 1159 deiecit.
484 1098 543 1158 llae
558 1098 637 1158 sunt
650 1097 777 1159 catenas
793 1096 903 1175 capti·
958 1099 1149 1159 sanctornm
1187 1099 1258 1160 dies
1293 1098 1402 1162 ohitus
1435 1115 1572 1173 eorum,
1608 1098 1752 1172 scilicet,

108 1210 225 1265 vorum,
242 1192 367 1270 quihus
378 1193 473 1270 ligati
484 1192 691 1255 ducebantur
711 1194 746 1254 in
761 1193 905 1272 Babylo·-
957 1196 1088 1273 quando
1102 1196 1230 1258 intrant
1243 1196 1279 1258 ln
1291 1197 1433 1274 gloriam
1448 1198 1617 1259 aeternam.
1630 1199 1678 1258 De
1688 1212 1754 1274 qna

109 1290 660 1355 nemmeslunesinlaeumiseriae
671 1291 904 1369 sunt,coneep·
956 1294 1123 1371 Propheta
1140 1314 1147 1355 ε
1164 1296 1265 1357 Beati
1277 1298 1336 1370 qui
1349 1296 1503 1358 dubitaui
1520 1298 1667 1359 turono
1679 1296 1752 1368 tuo,

109 1389 151 1451 tio
162 1388 345 1460 immunda,
358 1388 429 1451 vita
444 1388 579 1458 misera,
599 1403 688 1450 mors
699 1389 901 1451 necessaria.
955 1395 1120 1463 Domina·
1136 1395 1174 1453 tu
1192 1399 1358 1455 seculum
1378 1396 1498 1455 saecrui
1516 1391 1703 1455 madebunt
1720 1390 1754 1454 ie

109 1489 203 1548 Homo
217 1486 310 1547 enim
326 1485 379 1547 est
392 1486 460 1548 vile
475 1501 618 1563 sperma,
629 1501 690 1547 vas
705 1489 901 1560 stercorum,
956 1485 1025 1566 (Ps.
1039 1490 1090 1560 83,
1106 1487 1152 1569 5).
1169 1490 1209 1551 nt
1227 1489 1300 1551 baeo
1314 1490 1414 1552 tertia
1428 1491 1479 1552 est
1493 1490 1640 1552 omnium
1655 1503 1755 1549 sanc-

108 1599 176 1647 esea
192 1584 398 1645 verminum.
418 1586 466 1644 De
488 1584 594 1660 primo
618 1583 742 1645 dicitur
757 1600 765 1646 :
780 1586 904 1647 Nouus
955 1585 1064 1646 torum
1079 1585 1247 1647 nativitas.
1264 1587 1377 1649 Primo
1390 1588 1540 1649 nascitur
1554 1585 1629 1664 quis
1650 1586 1687 1647 ut
1701 1585 1754 1647 vi-

107 1682 187 1743 etaut
199 1687 252 1744 iac
269 1681 426 1742 mmststt
439 1695 505 1753 rue,
522 1681 557 1742 et
576 1681 666 1742 sicut
688 1696 828 1743 caseum
847 1695 903 1744 rue
955 1683 1180 1755 retroeundo
1196 1684 1233 1744 ut
1250 1685 1342 1762 juste
1360 1684 1462 1757 vivat,
1477 1684 1577 1746 tertio
1600 1685 1635 1746 ut
1656 1682 1753 1744 beate

106 1778 289 1856 moremati
302 1777 392 1857 (Job.
408 1793 444 1850 x,
462 1776 526 1858 10).
542 1781 589 1840 De
601 1778 747 1840 secundo
761 1796 770 1841 ι
786 1781 903 1841 Hube—
956 1780 1056 1853 vivat,
1073 1783 1110 1843 ut
1129 1781 1241 1843 dicere
1260 1782 1388 1859 possit:
1410 1785 1492 1845 Vtro
1515 1796 1576 1857 ego
1602 1784 1663 1842 sed
1683 1794 1753 1841 raon

106 1891 175 1937 mira
184 1878 397 1939 thesaurum
405 1877 513 1937 istum
522 1878 650 1939 invaso
661 1877 759 1949 netu
771 1875 817 1955 (ll
826 1878 900 1938 Cor.
955 1892 1026 1954 epo,
1040 1882 1101 1941 sed
1110 1880 1244 1941 aivitiae
1259 1894 1315 1941 me
1331 1880 1488 1942 christus
1502 1877 1625 1958 (Galat.
1636 1892 1672 1949 ιι,
1680 1875 1751 1956 20).

106 1989 144 2046 ιι,
155 1972 201 2052 7).
956 1976 1118 2037 Similiter
1130 1977 1254 2053 triplex
1272 1977 1325 2040 est
1348 1990 1449 2050 mors,
1467 1977 1554 2039 sicut
1566 1975 1691 2052 triplex
1703 1973 1754 2035 est

138 2073 182 2133 be
195 2071 299 2133 tertio
323 2092 332 2131 ε
356 2072 512 2146 Propter
520 2072 704 2147 peccatum
723 2072 902 2133 mortuum
955 2073 1123 2135 nativitas.
1150 2074 1263 2136 ana
1286 2089 1376 2135 mors
1398 2075 1449 2136 est
1474 2073 1669 2150 corporalis,
1695 2087 1753 2132 se-

104 2170 256 2244 eunrgo
267 2167 359 2230 unde
372 2167 522 2246 superbit
531 2168 642 2243 bomo,
654 2172 748 2246 cujus
759 2186 903 2248 concep-
955 2171 1062 2232 cunda
1074 2171 1271 2249 spiritualis,
1294 2171 1395 2234 tertia
1409 2170 1618 2247 gehennalis.
1635 2169 1750 2230 Prima

102 2266 145 2327 tio
165 2266 278 2343 culpa,
295 2267 391 2327 nasci
415 2281 525 2343 poena.
548 2265 644 2328 labor
657 2267 737 2339 vita,
763 2283 901 2329 necesse
955 2266 1114 2340 osthane,
1132 2266 1277 2329 secunda
1291 2267 1391 2339 mala,
1414 2267 1515 2328 tertia
1535 2266 1690 2343 pessima.
1715 2266 1752 2324 ln

103 2363 200 2424 morit
212 2364 295 2424 Tria
311 2363 448 2424 vincula
475 2362 509 2423 in
529 2363 606 2424 lacu
619 2363 782 2440 gehennae
795 2365 874 2426 sunt
891 2386 899 2425 ε
954 2364 1390 2441 primaseparaturanimaa
1402 2376 1552 2441 corpore,
1561 2362 1597 2423 ln
1606 2361 1752 2423 secunda

103 2460 234 2523 afflietio
248 2460 448 2538 corporalis,
473 2461 626 2538 angustia
642 2461 837 2539 spiritualis,
849 2478 903 2524 oa·
954 2462 1097 2523 animas
1113 2465 1192 2535 Deo,
1210 2463 1245 2523 ln
1263 2462 1363 2525 tertia
1376 2461 1487 2523 anima
1511 2476 1587 2522 cum
1613 2473 1753 2536 corpore

103 2560 208 2620 rentia
220 2559 439 2636 perpetualis.
455 2561 502 2620 De
517 2559 755 2636 primadicitur
767 2581 775 2621 ι
789 2564 902 2623 trare-
954 2560 1194 2621 condemnatur
1217 2559 1254 2621 in
1267 2560 1406 2639 judicio.
1424 2562 1471 2621 De
1486 2558 1593 2636 prima
1608 2556 1656 2619 ait
1681 2560 1751 2618 Da-

102 2658 214 2717 stbunt
227 2659 270 2718 ab
289 2659 392 2730 aquis
409 2659 544 2718 utrium
571 2660 616 2717 ad
638 2662 790 2720 calorem
808 2661 901 2735 iguis
953 2656 1008 2718 rid
1023 2678 1031 2718 ε
1046 2660 1127 2724 Quis
1141 2658 1193 2719 est
1207 2662 1319 2729 acum,
1333 2660 1392 2731 oui
1401 2658 1488 2717 eicit
1498 2656 1532 2717 et
1543 2669 1613 2717 riou
1626 2654 1752 2716 ridebit

102 2751 524 2833 (Job.xx1v,1a).1hionin
539 2754 587 2816 ita
598 2754 901 2832 inextinguibiliter
953 2752 1122 2816 mortemt
1133 2753 1205 2834 (Ps.
1221 2754 1272 2826 88,
1288 2752 1354 2833 49),
1365 2769 1405 2815 ac
1419 2753 1448 2814 si
1459 2752 1586 2815 diceret
1601 2773 1609 2812 :
1625 2751 1749 2812 nullus.

43 2904 48 2915 .
100 2850 187 2927 ignia
204 2866 368 2913 accensus
383 2851 445 2923 est,
462 2851 498 2912 ut
510 2851 539 2911 si
556 2851 660 2914 totum
675 2853 902 2916 mareindue-
952 2853 1073 2914 Nullus
1088 2853 1139 2915 est
1157 2852 1247 2914 enim
1262 2852 1318 2929 qui
1339 2867 1405 2913 non
1426 2849 1590 2912 moriatur
1616 2850 1653 2911 in
1674 2864 1753 2910 cor·

100 2949 228 3010 retnon
241 2949 509 3025 extingueretur,
526 2949 559 3011 et
576 2949 702 3026 glacies
723 2949 806 3012 adeo
819 2966 901 3013 eon·
953 2964 1044 3027 pore.
1062 2952 1101 3013 Et
1124 2950 1303 3011 Salomon:
1328 2952 1439 3012 Nemo
1457 2949 1510 3011 est
1531 2951 1591 3022 uui
1613 2961 1753 3021 semper

101 3045 227 3121 gelata,
254 3048 293 3106 ut
326 3047 356 3107 si
385 3062 480 3107 mons
506 3046 624 3123 igneus
649 3047 898 3120 immitteretur,
952 3049 1058 3122 vivat,
1086 3050 1120 3110 rt
1147 3051 1206 3122 qut
1228 3051 1330 3121 liuius
1355 3051 1410 3109 ret
1437 3047 1560 3109 meent
1585 3046 1748 3119 Muciam

102 3144 215 3204 statim
241 3144 277 3205 in
300 3143 442 3220 glaciem
467 3145 662 3207 verteretur.
688 3146 775 3209 Hinc
799 3146 900 3208 etiam
953 3143 1054 3223 (licel.
1070 3161 1119 3218 rx,
1134 3144 1181 3226 4).
1203 3147 1244 3207 Et
1256 3144 1318 3207 Joh
1335 3165 1343 3205 z
1359 3148 1471 3208 Homo
1494 3144 1750 3205 nummus-

101 3239 182 3301 alibi
194 3240 405 3303 diciturzlbi
418 3243 487 3304 erit
506 3242 801 3315 natusetstrtdor
815 3244 900 3304 deu-
952 3246 1047 3315 ltere,
1064 3246 1161 3305 brevi
1183 3246 1305 3305 civem
1325 3243 1520 3318 tempore...
1543 3243 1590 3302 De
1606 3238 1752 3301 secunda

102 3338 188 3399 tium
212 3336 344 3417 (mann.
367 3354 452 3411 xxu,
476 3338 540 3418 13).
562 3340 782 3413 Desecundo,
800 3340 896 3412 idest,
952 3340 999 3401 ait
1038 3340 1175 3402 David:
1209 3343 1372 3403 Iitumtuu
1411 3344 1523 3401 ocutos
1556 3352 1674 3410 meos,
1708 3351 1753 3398 ue

103 3435 211 3497 cordis
238 3436 421 3498 afflictione
440 3436 563 3498 dicitur
590 3458 598 3498 ε
621 3440 755 3500 Vernus
776 3453 900 3500 eorum
951 3454 1118 3512 uniquam
1142 3440 1357 3501 obdormiam
1379 3440 1417 3500 iu
1446 3436 1560 3498 morte
1583 3435 1651 3514 (Ps.
1691 3436 1750 3506 12,

101 3547 169 3594 riou
194 3536 381 3606 morietur,
405 3535 441 3595 ei
463 3537 555 3610 iguis
575 3549 646 3597 uota
669 3536 899 3612 extinguetur
951 3534 996 3614 4),
1010 3535 1095 3597 idest
1109 3536 1144 3596 in
1156 3534 1326 3597 criminali
1346 3536 1493 3612 peccato.
1511 3534 1552 3595 nt
1569 3532 1645 3594 ideo
1661 3531 1751 3593 dicl-

103 3628 158 3705 (ls.
171 3645 266 3702 nxvr,
277 3629 346 3709 24).
358 3633 405 3692 lle
417 3631 527 3703 tertio,
539 3630 637 3700 idest,
647 3632 796 3694 carentia
808 3632 896 3694 dici·
951 3632 1006 3694 tur
1030 3633 1066 3693 in
1094 3632 1301 3709 Evangelio:
1335 3631 1477 3708 Vigilate
1503 3634 1586 3705 quta
1609 3630 1752 3691 nescitis

101 3728 178 3788 tur:
206 3728 361 3791 Totiutur
378 3730 518 3805 impius,
545 3744 589 3792 ue
610 3731 726 3792 eidem
750 3733 899 3807 giarium
951 3732 1043 3790 dimu
1056 3744 1166 3803 neque
1186 3734 1311 3790 noram
1330 3727 1461 3807 (Matth.
1486 3724 1654 3805 xxv,13);
1672 3727 1750 3803 quia

101 3826 172 3886 Det
951 3825 1037 3887 sicut
1056 3826 1140 3887 dicit
1166 3826 1323 3887 Salomon
1340 3844 1347 3884 ι
1374 3823 1494 3887 Nescit
1523 3827 1623 3891 horto
1643 3824 1752 3895 linem

138 3922 201 3983 Sed
215 3923 400 3984 notandum
415 3925 476 3996 est,
493 3923 580 4002 quod
594 3924 663 3986 tres
677 3924 755 3985 sunt
779 3924 899 3986 nativi·
949 3938 1077 3984 suum:
1099 3926 1160 3984 aed
1184 3922 1272 3983 sicud
1293 3925 1406 3996 pisces
1425 3920 1613 3995 capiuntur
1630 3923 1745 3991 humo,

101 4021 193 4092 tates,
209 4020 258 4081 ita
270 4019 339 4081 tres
353 4021 431 4082 aunt
439 4021 562 4083 mortes
573 4021 755 4083 hominum.
768 4022 898 4084 Notan-
950 4022 985 4083 et
995 4019 1085 4082 sicut
1099 4034 1182 4081 coes
1197 4017 1536 4094 coruprebeuduutur
1551 4020 1683 4091 laqueo,
1699 4019 1751 4077 stc

102 4114 174 4177 dnm
184 4116 339 4195 estquod
363 4117 489 4194 triplex
499 4118 551 4180 est
562 4119 720 4181 nativitas
736 4118 894 4180 hominis.
949 4121 1104 4180 horruees
1113 4117 1303 4190 captarentur
1314 4116 1468 4191 ternpore
1478 4119 1569 4177 ructo
1582 4111 1684 4192 (Eccl.
1700 4129 1748 4186 rx,

103 4212 209 4275 Prima
237 4215 290 4276 est
313 4216 455 4286 naturae,
486 4215 631 4277 secunda
645 4216 774 4291 gratiae,
794 4216 895 4277 tertia
951 4214 1015 4294 12),
1033 4214 1129 4287 idest,
1145 4215 1294 4291 tempore
1309 4212 1437 4276 mortis.
1460 4215 1552 4275 Tunc
1575 4210 1750 4274 obdormi-

102 4310 225 4386 gloriae.
251 4311 366 4373 Prima
390 4312 547 4374 nativitas
562 4313 613 4375 est
634 4313 671 4374 in
686 4313 823 4374 miseria
837 4329 897 4390 per
950 4329 1023 4373 mus
1033 4313 1069 4373 in
1085 4312 1201 4385 morte,
1219 4311 1350 4389 quando
1368 4311 1605 4373 committimus
1619 4310 1702 4372 vitia
1717 4310 1750 4372 et

102 4408 398 4486 culpam,secunda
412 4409 586 4487 injustitia
600 4425 660 4488 per
674 4410 783 4481 tidem,
796 4410 896 4472 tertia
951 4410 1099 4488 peccata,
1123 4410 1158 4472 et
1183 4424 1250 4470 non
1273 4407 1481 4486 resurgimus
1506 4424 1568 4485 per
1581 4408 1748 4485 poeniten-

102 4504 133 4566 in
154 4505 278 4582 gaudio
306 4521 367 4583 per
391 4505 565 4568 visionem.
587 4508 625 4567 ln
649 4507 757 4584 prima
782 4507 897 4569 osten·
949 4508 1041 4579 tiam,
1056 4507 1135 4585 qnia
1148 4509 1184 4569 ut
1205 4506 1286 4570 dicit
1304 4507 1487 4569 Dominus:
1512 4509 1572 4568 Ubi
1596 4506 1629 4566 te
1648 4507 1750 4566 irrue·

102 4601 186 4664 ditm
203 4603 266 4665 Dei
282 4602 427 4681 iustitia,
443 4604 479 4664 in
500 4604 725 4666 secundabat
747 4604 897 4666 clemen-
949 4620 1045 4677 uero,
1075 4609 1122 4667 ibt
1150 4606 1184 4667 te
1202 4606 1375 4678 judicabo.
1407 4603 1500 4665 Unde
1536 4599 1746 4677 Apostolus:

102 4699 155 4773 tia,
178 4701 213 4762 in
242 4700 343 4763 tertia
366 4700 427 4762 Dei
449 4700 693 4763 benevolentia.
722 4703 760 4762 ln
787 4701 896 4779 prima
949 4705 1061 4780 Surge
1073 4705 1133 4776 qui
1146 4704 1290 4773 domus,
1299 4703 1334 4765 et
1347 4713 1501 4775 exsurge
1514 4698 1700 4760 amortuis
1710 4697 1745 4758 et

104 4800 148 4859 est
165 4798 275 4877 culpa,
304 4799 340 4860 in
371 4797 517 4860 secunda
541 4799 708 4872 meritum,
733 4799 770 4860 in
795 4800 895 4862 tertia
948 4799 1153 4863 illuminabit
1168 4798 1201 4860 te
1222 4798 1380 4860 Christus
1394 4793 1491 4874 (Eph.
1512 4811 1544 4867 v,
1563 4791 1627 4872 14).
1645 4794 1747 4865 Quasi

103 4895 280 4971 premium.
298 4895 412 4956 Prima
427 4894 516 4957 enim
530 4895 689 4958 nativitas
710 4896 762 4957 est
788 4896 896 4959 male·
949 4897 1095 4959 diceret:
1110 4911 1129 4958 o
1142 4895 1241 4957 homo
1256 4892 1313 4972 qui
1326 4890 1452 4955 dormis
1466 4892 1501 4953 in
1516 4891 1629 4953 multis
1655 4891 1747 4954 vitiis

104 4990 195 5065 dicta,
217 4994 298 5071 quia
324 4992 429 5054 trabit
451 4992 493 5053 ad
512 4992 707 5054 mortemde
719 5009 785 5071 qua
798 4996 897 5057 lere-
948 4996 982 5056 et
1003 4993 1159 5072 peccatis,
1183 5006 1327 5068 exsurge
1346 5006 1366 5052 a
1385 4990 1536 5063 mortuis,
1554 4989 1650 5063 idest,
1668 4990 1748 5053 laxa

103 5089 180 5151 anias
202 5090 367 5169 propheta
391 5089 440 5152 ait
455 5111 463 5150 ε
479 5091 663 5153 Maledicta
677 5105 750 5153 noer
771 5095 810 5153 tu
827 5107 896 5168 quo
949 5093 1073 5155 malum
1085 5092 1119 5152 et
1132 5091 1186 5153 tac
1199 5089 1335 5159 honum,
1350 5088 1479 5151 dimitte
1494 5089 1630 5166 peccata
1645 5088 1678 5150 et
1692 5104 1750 5149 re-

103 5189 197 5250 auus
209 5192 275 5264 stri,
290 5189 327 5251 et
343 5191 419 5250 dua
432 5190 471 5249 iu
484 5203 552 5262 quo
561 5190 767 5264 peperttme
779 5190 896 5251 uwter
948 5190 1055 5268 cipias
1068 5189 1220 5252 virtutes.
1237 5191 1387 5265 Exsurge
1406 5203 1427 5249 a
1445 5188 1551 5249 morte
1566 5185 1745 5264 spirituali,

101 5300 181 5358 rue,
197 5301 267 5348 ucri
276 5287 515 5348 utbeuedtcta
527 5283 733 5365 (teremxx,
747 5286 811 5367 14).
828 5289 894 5349 Se·
948 5305 1013 5365 qua
1039 5287 1215 5365 separatur
1240 5287 1391 5348 animae
1418 5286 1499 5348 Deo.
1520 5287 1671 5359 Exsurge
1686 5297 1746 5360 per

102 5383 200 5445 cunda
214 5383 438 5456 benedicitur,
450 5384 528 5460 quia
537 5399 604 5445 non
618 5384 774 5449 subvenit
783 5385 892 5447 morti.
948 5384 1176 5463 poenitentiam
1191 5384 1225 5446 et
1239 5383 1471 5445 contritionem
1487 5381 1607 5452 cordis,
1622 5381 1656 5441 et
1667 5378 1747 5440 illn-

101 5480 211 5559 Dequa
221 5483 521 5545 loanneszomuis
529 5485 589 5556 oui
600 5483 761 5569 natusest
771 5488 894 5545 culleo
948 5482 1088 5544 minabit
1108 5484 1141 5543 te
1156 5481 1317 5552 Christus,
1337 5481 1370 5542 et
1385 5476 1587 5542 condonabit
1609 5475 1681 5539 tihi.
1698 5480 1745 5539 Do

101 5592 162 5640 uon
171 5582 289 5656 peccat
306 5579 337 5659 (Ι
350 5581 451 5643 ioan.
469 5594 504 5648 v,
530 5577 596 5658 18).
618 5583 712 5642 Hanc
735 5579 895 5659 spiritua·
947 5583 1053 5644 morte
1064 5580 1215 5642 aeternali
1238 5578 1361 5654 legitur
1378 5578 1413 5638 in
1432 5574 1643 5653 Apocalypsi,
1657 5578 1746 5649 quod

101 5672 158 5739 bn
169 5678 380 5743 nativitatem
395 5675 543 5739 emnalis
558 5677 641 5755 legis
663 5679 784 5741 Ductor
796 5678 895 5756 igno·
948 5682 984 5741 tu
1004 5681 1122 5741 dtebrrs
1148 5666 1238 5750 vtitiis,
1255 5675 1350 5748 idest,
1368 5675 1402 5735 in
1423 5672 1563 5750 jndicio,
1587 5674 1745 5749 qurereut
