3928 6200
98 361 153 422 393
575 362 724 424 mill.
739 392 780 408 -
795 364 839 426 IN
862 364 991 426 FESTO
1012 366 1237 429 VIRGINUM.

1674 379 1735 439 394

93 522 286 598 miuron
300 533 416 592 suram,
429 522 671 585 misericordie
688 522 807 584 cutem
820 526 885 586 Dei
938 525 1080 587 assumit
1102 527 1232 588 animas
1252 515 1433 591 electorum
1452 530 1493 592 ad
1513 532 1647 597 coeleste
1668 551 1734 613 pa·

92 634 193 694 nuper
216 633 355 680 munem
381 633 526 679 earnem
550 616 666 697 (Eceli.
696 635 791 693 xrnr,
817 621 880 698 12).
939 621 1066 683 latium.

92 711 317 774 Misericordia
331 712 454 773 dicitur
464 728 484 773 a
496 710 618 774 misero
629 713 739 786 corde,
752 715 883 791 quando
978 720 1071 781 Unde
1083 720 1116 781 in
1127 722 1303 798 evangelio
1314 745 1321 783 ε
1333 726 1373 785 Ut
1382 740 1462 786 cum
1471 730 1609 790 venerit
1618 731 1652 791 et
1661 736 1735 805 pul·

91 809 207 887 aliquis
219 809 322 871 babet
337 810 509 871 tristitiam
523 812 556 872 et
570 811 718 872 dolorem
733 812 767 871 in
784 812 883 874 corde
937 819 1427 895 saperitcousestimuperioui
1437 827 1469 885 ei
1480 823 1573 901 (Luc.
1590 842 1650 899 xu,
1667 830 1732 905 36).

89 924 132 969 en
154 907 263 969 aliena
286 907 436 968 miseria.
458 907 551 978 Quod
577 907 721 970 habebat
741 912 884 985 Aposto-
938 914 1036 976 Venit
1051 916 1182 991 quando
1209 917 1281 979 uult
1296 918 1441 980 animam
1462 920 1581 983 tollere
1600 924 1640 985 de
1658 942 1734 986 cor-

89 1006 150 1077 lus,
166 1021 237 1066 cum
261 1004 418 1067 dicebat:
435 1008 518 1072 ouis
537 1007 752 1078 infimatur,
768 1008 801 1068 et
822 1022 883 1083 epo
938 1026 1028 1086 pore.
1046 1011 1162 1075 Pulsat
1176 1013 1306 1090 quando
1331 1030 1410 1076 caro
1425 1018 1732 1097 molestaturaegri-

1 1099 2 1132 ³
89 1117 156 1163 uorr
179 1104 376 1175 infirmor...
394 1102 439 1182 (II
454 1104 589 1174 Gor.x1,
607 1102 681 1182 29)t
703 1104 881 1182 Sequitur:
937 1107 1064 1168 tudine.
1081 1108 1263 1171 Confestim
1278 1111 1445 1188 illiaperit
1457 1115 1598 1191 quicum
1614 1119 1734 1192 gaudio

88 1204 223 1262 Morum
235 1200 356 1261 autem
369 1201 528 1273 faciente.
551 1201 699 1277 Sponsus
718 1200 798 1262 tacit
812 1218 885 1263 mo-
938 1203 977 1264 de
993 1219 1131 1281 corpore
1146 1206 1225 1279 exit,
1236 1209 1269 1269 et
1278 1208 1319 1269 ad
1332 1211 1436 1271 Deum
1445 1212 1548 1273 vadit.
1563 1214 1626 1274 Sed
1637 1216 1735 1291 pauci

1 1307 2 1318 ¹
88 1312 159 1358 tarn
181 1297 213 1358 in
238 1297 349 1370 horto,
372 1297 519 1359 thalamo
547 1298 580 1359 et
600 1298 737 1375 palatio.
760 1300 883 1361 Hortus
938 1300 1126 1364 sunthodie
1141 1303 1198 1380 qui
1222 1304 1297 1366 laeto
1321 1306 1432 1368 animo
1457 1311 1671 1385 egrediuntur
1694 1313 1735 1375 de

1 1465 2 1474 ἵ
90 1396 138 1456 esi
164 1409 306 1471 superna
334 1395 526 1471 amaenitas3
552 1394 731 1469 thalamus,
757 1396 883 1458 aeterna

1 1483 2 1554 j
88 1491 293 1571 jucunditas3
321 1492 493 1570 palatium,
515 1491 592 1554 coeli
621 1493 711 1555 tertii
744 1494 883 1571 specio-

1 1577 2 1582 *
93 1590 182 1651 sitas.

130 1686 280 1765 Sequitur
294 1707 302 1747 ε
318 1687 609 1750 Dormituoerurri
623 1704 742 1751 omues
751 1690 786 1751 et
796 1692 882 1750 dor-

91 1786 247 1846 mierunt.
275 1785 464 1846 Dormitare
482 1785 532 1846 est
549 1786 709 1863 quantum
731 1785 772 1847 ad
793 1786 884 1847 litte-

93 1897 160 1942 ram
181 1884 255 1943 ante
271 1881 505 1944 dormitionem
533 1884 664 1944 nutare.
696 1883 882 1944 Secundum

94 1979 291 2056 spiritualem
305 1995 441 2040 sensum
457 1980 636 2042 dormitare
660 1979 737 2041 ante
758 1979 884 2042 dormi-

94 2078 207 2138 tionem
232 2078 285 2138 est
308 2077 474 2138 infirmari
497 2077 574 2138 ante
600 2079 750 2139 mortem.
767 2076 883 2139 Media

92 2173 306 2235 auteuruocie
315 2174 636 2248 clamorsoctuseat
650 2172 760 2235 media
772 2175 879 2247 nocte,

92 2269 177 2331 nullo
190 2271 326 2331 sciente.
351 2270 487 2346 Triplex
515 2270 643 2331 clamor
671 2270 883 2333 annuntiabit

92 2367 261 2429 adrentum
288 2367 403 2445 sponsi
425 2369 589 2444 :clangor
607 2367 790 2441 turbarum,
815 2385 882 2430 vox

92 2464 290 2542 angelorum,
305 2466 415 2527 motus
429 2463 678 2527 elementorum.
695 2468 742 2527 De
754 2464 881 2527 duobus

94 2562 199 2638 primis
213 2563 248 2623 in
265 2562 440 2639 evangelio
455 2584 463 2623 :
478 2563 594 2625 Mittet
609 2566 719 2625 Filius
732 2566 881 2625 bominis

92 2665 221 2735 erepcioa
251 2674 334 2721 auos
371 2674 449 2720 uim
480 2660 560 2721 tubo
587 2660 621 2721 et
647 2673 728 2722 voce
750 2675 881 2736 mappa

95 2754 215 2833 iliadis
239 2773 334 2829 xxiv,
355 2754 421 2835 31).
443 2759 489 2817 De
505 2756 604 2818 tertio
624 2756 658 2817 in
670 2759 793 2833 Aggaeo
808 2773 882 2834 pro·

938 1414 1087 1476 corpore,
1108 1402 1142 1461 et
1163 1401 1269 1463 velint
1283 1406 1386 1464 Deum
1414 1405 1528 1468 videre
1554 1424 1650 1485 quem
1670 1410 1734 1471 sibi

938 1497 1063 1557 conscii
1082 1499 1160 1559 sunt
1182 1499 1218 1559 in
1238 1501 1350 1562 multis
1370 1502 1561 1566 offendisse.
1586 1508 1733 1582 Sponsus

938 1593 1048 1655 veniet
1057 1584 1093 1655 in
1107 1594 1230 1669 futuro,
1245 1598 1376 1674 quando
1387 1600 1499 1662 veniet
1501 1602 1655 1678 judicare
1666 1621 1732 1666 sae-

938 1690 1048 1752 culum
1061 1708 1121 1769 per
1134 1692 1253 1768 ignem.
1268 1695 1309 1756 Et
1318 1712 1439 1772 sponsa
1454 1699 1545 1760 venit
1559 1716 1633 1761 eum
1647 1702 1731 1778 ipso,

937 1788 1015 1864 quia
1030 1803 1145 1850 omnes
1160 1792 1265 1852 sancti
1278 1792 1525 1869 apparebuntin
1535 1797 1642 1871 gloria
1658 1814 1733 1859 cum

937 1884 1020 1961 ipso.
1034 1885 1127 1947 Unde
1136 1888 1330 1950 Zacharias:
1345 1892 1461 1952 Veniet
1468 1895 1733 1956 Domiuurlieus

936 1984 1731 2068 meus,etomueasouctiejuscumeoaach.xrr,

936 2077 982 2157 5),
995 2080 1111 2140 ettunc
1122 2095 1237 2141 omnes
1246 2083 1392 2158 virgines
1403 2084 1502 2147 iatuae
1513 2086 1545 2148 et
1556 2088 1732 2163 prudentes

936 2175 1075 2238 exibunt
1095 2177 1136 2237 de
1158 2180 1379 2241 monumentis
1401 2181 1533 2244 obviam
1553 2200 1675 2261 sponso
1700 2186 1734 2248 et

937 2289 1077 2351 sponsae.

976 2372 1051 2433 Non
1068 2371 1162 2434 ibunt
1176 2388 1315 2450 corpore
1330 2373 1387 2435 sed
1406 2376 1526 2438 mente.
1543 2378 1733 2456 Tripliciter

936 2466 1145 2529 ambulamus
1169 2472 1279 2532 mente
1295 2491 1302 2530 :
1317 2471 1528 2548 cogitatione,
1549 2474 1729 2548 voluntate,

936 2566 969 2628 et
987 2564 1169 2627 intellectu.
1183 2566 1243 2627 His
1263 2568 1400 2628 enimin
1415 2570 1580 2632 momento
1594 2572 1732 2633 univer·

936 2677 1048 2723 sorum
1063 2662 1221 2723 mundum
1240 2665 1476 2741 percurrimus.
1498 2666 1594 2729 Ibunt
1618 2685 1729 2730 emere

935 2757 1013 2834 quia
1050 2746 1243 2833 cogitabunt
1279 2757 1312 2819 et
1346 2759 1535 2837 intelligent
1567 2763 1730 2840 quomodo

934 2854 1076 2916 emerint
1088 2853 1129 2914 ab
1144 2854 1334 2916 hominibus
1348 2856 1401 2918 vel
1414 2856 1629 2919 daemonibus.
1642 2859 1730 2922 Emit

934 2950 976 3011 ab
987 2950 1177 3012 hominibus
1191 2952 1248 3028 qui
1264 2952 1320 3013 dat
1334 2968 1473 3014 munera
1485 2954 1726 3017 adulatoribus.

93 2851 181 2928 pheta
193 2870 200 2913 :
213 2857 300 2915 Ecce
312 2868 375 2937 epo
393 2856 533 2914 ruovebo
546 2857 668 2914 coeturu
682 2854 716 2914 et
732 2854 879 2926 terrum,

93 2950 227 3012 elmere
240 2950 275 3011 et
288 2953 428 3012 andum
448 2948 544 3028 (agg.
563 2947 681 3028 11,22).
700 2949 878 3027 Sequitur:

95 3047 176 3107 Turne
196 3047 436 3108 surrexerunt
473 3060 592 3107 murres
622 3048 777 3122 uirpiues
802 3048 877 3117 ilice,
935 3048 1050 3109 Emiia
1065 3047 1271 3109 daemonibus
1282 3049 1338 3127 qui
1354 3048 1410 3111 dat
1424 3050 1568 3127 seipsum
1582 3051 1726 3125 diabolo,

93 3142 268 3205 videliceta
284 3144 401 3218 morte,
417 3143 472 3205 hic
484 3144 573 3204 enim
588 3142 698 3219 agitur
712 3142 752 3204 de
771 3158 881 3203 resur·
934 3146 1162 3222 propeccatis
1179 3146 1279 3207 Venit
1293 3162 1444 3224 sponsus,
1460 3148 1537 3225 quia
1557 3149 1730 3226 apparebit

1 3317 2 3324 ἵ
93 3242 239 3303 tutione.
265 3242 312 3303 Et
340 3241 556 3303 orruuveruut
580 3244 756 3315 tarupudea
783 3256 876 3302 auus.
933 3242 1095 3305 cbristus.
1112 3245 1235 3321 litquae
1250 3246 1375 3322 paratae
1390 3248 1496 3319 erant,
1512 3246 1609 3319 idest,
1624 3248 1728 3310 ador·

1 3329 2 3412 ἦ
94 3338 263 3415 lampades
277 3353 399 3400 ornare
414 3338 464 3399 est
477 3338 564 3399 bona
580 3353 681 3414 opera
695 3338 737 3398 ad
749 3353 879 3399 memo·
933 3343 1020 3402 natae
1035 3340 1131 3403 bonis
1146 3341 1313 3419 operibus,
1324 3342 1535 3406 intraverunt
1547 3361 1622 3405 eum
1637 3361 1676 3407 eo
1686 3344 1728 3406 ad

1 3504 4 3513 Ι
93 3434 166 3495 dam
201 3451 373 3498 revocare.
409 3436 523 3497 Fatuae
555 3437 666 3501 autem
696 3435 876 3496 dixerunt:
933 3438 1729 3520 nuptias,idest,adcoelestesdelicias.Etclausa

92 3532 878 3611 Doicuobisdcoieouestro.l¹uncnonloquendo
933 3535 1108 3613 estjanua.

1 3639 2 3650 ¹
91 3627 198 3701 dicent,
215 3630 274 3691 sed
288 3629 519 3701 desiderando,
536 3630 624 3691 Date
636 3632 733 3691 uobis
747 3633 789 3690 de
807 3635 878 3693 oieo
972 3632 1108 3710 Triplex
1128 3634 1291 3712 estjanua
1317 3634 1424 3711 regni,
1452 3651 1526 3713 quae
1554 3636 1729 3698 claudetur

90 3728 204 3799 oestro,
221 3727 319 3800 idest,
341 3727 583 3789 communicate
607 3726 703 3788 nobis
724 3727 877 3788 charita·
932 3730 1129 3791 damnandis
1146 3750 1153 3789 :
1169 3728 1325 3807 baptismi
1338 3732 1456 3806 gratia,
1475 3732 1682 3810 poenitentia,
1697 3733 1730 3796 et

88 3826 145 3887 tem
158 3828 317 3898 vestram,
334 3824 404 3886 sive
422 3823 700 3886 misericordiam.
725 3827 879 3900 Respou-
932 3825 1045 3888 divina
1061 3826 1301 3888 misericordia.
1311 3830 1358 3888 De
1371 3828 1477 3903 prima
1490 3828 1524 3889 in
1535 3830 1727 3905 evangelio:

88 3924 202 3984 derum
214 3922 407 3998 prescientes
427 3922 597 3984 diceutes:
612 3923 664 3982 Ne
689 3922 781 3995 sbrie
807 3936 877 3982 pou
933 3923 1010 3983 Nisi
1024 3922 1083 3994 qui
1094 3920 1239 3981 renatus
1248 3922 1357 3994 suerii
1373 3935 1420 3982 eac
1433 3936 1524 3995 apuu
1541 3922 1577 3983 et
1594 3924 1729 3997 Spiritu

87 4021 226 4095 summat
250 4022 348 4081 uobis
374 4020 407 4080 ei
431 4022 536 4080 uobis.
566 4017 659 4079 Nihil
686 4018 775 4079 enim
798 4019 877 4079 tunc
930 4017 1068 4089 Sancto,
1084 4030 1154 4076 uou
1171 4016 1286 4091 potest
1298 4017 1436 4079 intrare
1449 4019 1487 4079 iu
1501 4032 1649 4096 repuum
1663 4023 1728 4081 Dei

0 4160 1 4175 .
88 4117 224 4192 proderit
248 4115 446 4177 damnandis
465 4115 597 4193 justitia
618 4115 796 4186 bonorum,
816 4130 877 4176 nee
932 4111 1043 4192 (ioan.
1061 4129 1114 4187 111,
1132 4110 1177 4193 5).
1207 4115 1254 4174 De
1276 4113 1420 4175 secunda
1446 4113 1569 4175 ibidem
1586 4136 1594 4176 r
1609 4120 1729 4179 Poeui-

88 4214 246 4274 salvandis
274 4212 408 4275 nocebit
444 4212 572 4274 malitia
606 4211 808 4289 iniquorum.
837 4212 878 4273 Et
932 4213 1077 4273 territum
1099 4211 1202 4287 cpite,
1232 4213 1522 4286 appropinquavit
1553 4215 1647 4274 euim
1671 4229 1731 4275 re-

2 4309 4 4320 '
88 4309 152 4373 ideo
166 4311 252 4372 bene
267 4310 426 4372 dixerunt
441 4331 449 4370 ε
463 4310 540 4370 «Ne
555 4308 715 4370 romanon
731 4308 877 4370 sufficiat
930 4324 1038 4384 prum
1058 4314 1222 4370 emiorum
1238 4306 1369 4387 (Matth.
1395 4316 1445 4381 111,
1460 4308 1507 4389 2).
1523 4310 1570 4371 De
1580 4312 1679 4373 tertia
1692 4312 1728 4373 in

87 4407 172 4470 nobis
195 4410 229 4471 et
243 4406 351 4480 vohis,
371 4407 418 4469 ite
437 4406 547 4484 potius
575 4405 617 4467 ad
644 4406 825 4469 rendentes
843 4406 877 4467 et
931 4406 1058 4484 psalmo
1075 4427 1082 4466 ι
1099 4409 1141 4467 Iu
1157 4405 1376 4467 multitudiue
1400 4409 1652 4470 misericordiae
1674 4412 1731 4470 iu-

2 4554 6 4563 .
87 4504 331 4568 emiteuobis.»
932 4503 1040 4565 troibo
1066 4506 1103 4565 iu
1129 4506 1269 4564 doraum
1298 4503 1396 4566 tuam
1424 4502 1494 4581 (Ρε.
1518 4505 1548 4577 5,
1577 4501 1624 4586 8).
1650 4508 1731 4567 Haec

2 4586 4 4595 ’
120 4604 233 4665 Oleum
252 4601 368 4663 mundi
389 4599 440 4662 est
464 4599 564 4663 favor
579 4600 799 4673 adulantium,
821 4600 877 4662 vel
927 4602 1031 4678 janua
1046 4599 1219 4661 claudetur
1243 4599 1420 4673 damnatis
1435 4600 1514 4677 quia
1527 4616 1588 4661 nec
1602 4600 1730 4677 baptis-

89 4700 203 4776 peceati
242 4697 529 4760 delectamentum.
569 4697 725 4760 Vendunt
766 4697 875 4759 oleum
931 4695 1416 4773 muspatebit,necpoenitentia
1431 4695 1726 4771 acceptabiliserit,

89 4796 268 4861 adulatores
283 4796 505 4858 etdaemones.
522 4796 597 4857 Non
614 4798 664 4857 est
681 4794 874 4872 putandum,
931 4809 992 4854 nec
1017 4791 1247 4853 misericordia
1279 4791 1339 4852 Dei
1369 4790 1469 4852 faciet
1495 4791 1728 4854 remissionem

1 4950 2 4959 ,
89 4896 161 4970 quod
175 4893 518 4973 prudentesvirgiues
533 4892 600 4955 tale
614 4892 792 4954 consilium
813 4892 876 4952 da·
931 4890 1152 4968 peccatorum.

0 5051 1 5074 ἦ
89 4995 159 5065 rent,
186 4992 244 5054 sed
268 4990 355 5069 quod
371 5005 428 5051 eas
444 4989 484 5051 de
500 4991 654 5066 pecccata
670 5004 730 5050 suo
755 5004 877 5066 expro-
969 4988 1166 5050 Nouissime
1180 4999 1264 5046 aero
1287 4985 1431 5045 oeuiuui
1446 4985 1481 5046 ei
1495 4989 1636 5059 retiquae
1650 4991 1729 5049 oir—
1771 5028 1780 5043 ,

88 5087 237 5162 barerint,
259 5105 300 5150 ac
327 5087 356 5148 si
380 5088 493 5164 aperte
514 5086 685 5148 dicerent:
703 5086 877 5148 Attendite
929 5087 1040 5159 piace.
1053 5082 1200 5144 Veniunt
1218 5096 1277 5158 per
1295 5081 1529 5161 cogitationem
1549 5084 1583 5146 et
1596 5084 1730 5146 deside-

90 5191 157 5260 puid
176 5191 273 5249 vobis
281 5184 459 5262 proficerit
478 5187 581 5258 soror
594 5185 809 5246 adumatium
824 5189 877 5246 uei
930 5182 1728 5260 rium2liminelimine,uperiuabiujanuam,

88 5285 203 5357 peccati
221 5276 520 5353 deiecturueuturu,
538 5284 627 5356 quoti
647 5280 877 5342 vendiderunt
930 5278 1095 5350 videlicet,
1106 5276 1309 5352 ponitentiae
1320 5278 1353 5338 et
1364 5277 1613 5339 misericordiae.
1623 5279 1730 5341 Atille

89 5383 246 5445 impones
260 5381 295 5442 et
310 5381 631 5456 maiipniiomiuea.
648 5380 740 5439 Dum
760 5378 878 5440 autem
931 5373 1152 5452 respondens,
1178 5374 1227 5435 ait
1254 5391 1262 5436 :
1290 5377 1414 5436 Nescio
1443 5391 1515 5447 vos,
1544 5375 1640 5446 idest,
1664 5392 1731 5438 nou

88 5482 165 5541 aaut
191 5477 438 5549 reseraverit
462 5489 620 5549 sponsus.
652 5476 799 5551 Sponsus
827 5476 878 5536 est
931 5472 1077 5550 approbo
1096 5487 1156 5533 uos
1170 5471 1224 5531 vel
1240 5471 1351 5533 laudo.
1376 5472 1627 5547 raptataque
1646 5489 1730 5535 ues-

88 5577 236 5640 Christus.
262 5576 392 5651 Sponsa
414 5573 465 5634 est
487 5572 636 5634 Ecclesia
664 5587 737 5649 quae
758 5571 879 5632 trium·
931 5573 1009 5632 eiiis
1027 5572 1128 5641 dictu,
1149 5583 1259 5641 uepue
1275 5573 1410 5630 iorum.
1426 5567 1517 5628 Nihil
1535 5569 1624 5628 enim
1647 5570 1730 5634 bora

84 5676 151 5755 pluat
165 5676 201 5738 in
217 5672 329 5736 coelis.
354 5672 503 5747 Sponsus
518 5670 611 5732 venit
627 5668 724 5731 modo
744 5669 877 5751 quando
931 5667 1048 5729 mortis
1063 5665 1238 5758 incertius,
1255 5680 1330 5726 cum
1345 5664 1392 5726 nil
1408 5666 1513 5726 morte
1532 5665 1576 5727 sit
1590 5669 1728 5732 certius.
