3982 6196
751 267 979 328 EPISTOLAE.
1003 266 1080 327 LIB.
1106 258 1146 327 11'.

120 264 179 326 633
1713 276 1771 336 634

120 425 271 501 paternae
284 440 374 488 curae
396 425 563 497 solatium,
580 424 614 488 in
638 441 703 504 quo
724 420 820 488 nobis
834 426 917 489 bene
973 424 1155 487 valeamus.
1172 428 1337 489 succensa
1363 430 1463 503 enim,
1480 431 1571 495 velut
1587 432 1685 510 ignis,
1708 434 1773 495 im-

119 522 323 600 complacuit
354 525 387 586 et
412 523 555 603 placebit
579 525 616 585 in
644 526 823 602 posterum,
850 528 917 587 Deo
973 522 1078 601 pietas
1093 525 1141 586 sic
1155 525 1326 588 succendit
1340 528 1531 605 cupiditatis
1543 530 1663 593 ardore
1687 549 1772 609 quo·

119 620 232 692 dante,
249 623 287 683 ut
300 621 347 683 ita
363 621 427 699 piis
447 621 650 699 operibusse
668 621 810 700 adaptet,
832 622 917 700 quod
972 621 1123 683 rumdam
1151 624 1280 685 animos
1309 625 1502 702 impiorum,
1527 629 1573 699 ut,
1596 629 1631 690 in
1657 646 1769 691 sacros

117 716 244 778 bonum
265 719 368 795 regiae
381 719 567 780 devotionis
583 719 725 793 initium,
743 736 816 797 quae
836 736 917 797 pro·
973 718 1031 779 Dei
1045 718 1185 781 famulos
1213 722 1245 783 et
1259 737 1314 782 res
1333 738 1446 784 sacras
1470 725 1683 802 sacrilegium
1704 744 1769 788 au-

118 831 273 891 gressum
317 816 433 879 babuit
470 817 662 890 meliorem,
699 816 919 894 subsequatur
973 815 1087 877 dentes
1109 819 1329 892 committere,
1345 821 1400 897 pia
1413 820 1486 883 loca
1498 823 1633 898 pariter,
1649 827 1681 885 et
1694 834 1777 903 per-'

117 913 197 974 finis
219 914 364 991 optimus
388 915 421 976 et
441 915 629 987 concludat,
644 917 681 977 ut
694 915 752 978 ilat
765 931 863 976 mane
886 917 919 977 et
974 928 1073 974 sonas
1085 915 1224 977 Domino
1236 917 1419 979 militantes
1432 919 1466 979 in
1478 920 1771 998 eis,impietatibus

117 1026 262 1087 vespere
276 1012 349 1072 dies
364 1028 461 1084 unus,
480 1015 513 1074 et
526 1028 668 1089 regnare
690 1029 765 1074 cum
786 1013 917 1074 Christo
973 1010 1043 1071 suis
1076 1011 1246 1075 offendere
1284 1030 1351 1075 non
1386 1014 1578 1088 formident,
1612 1020 1770 1096 tantoque

117 1108 231 1170 valeat
245 1108 281 1169 in
296 1110 477 1185 aeternum3
494 1110 572 1188 quia
586 1126 684 1171 nemo
699 1111 831 1173 mittens
846 1127 919 1172 ma·
973 1105 1116 1168 validius
1131 1111 1247 1171 contra
1262 1113 1366 1172 Deum
1388 1114 1422 1173 et
1442 1113 1611 1176 ministros
1631 1118 1703 1191 ejus
1716 1116 1770 1176 in·

118 1221 198 1265 uum
222 1206 264 1267 ad
283 1209 433 1268 aratrum
457 1209 491 1269 et
512 1209 695 1285 respiciens
715 1210 805 1271 retro
821 1209 917 1285 aptus
972 1208 1124 1281 surgunt,
1141 1209 1265 1284 quanto
1289 1208 1399 1269 minus
1414 1209 1513 1271 bodie
1528 1210 1697 1273 invenitur
1712 1204 1768 1289 qui

117 1305 169 1364 est
182 1318 288 1379 regno
299 1304 370 1377 Dei,
386 1307 483 1382 prout
496 1306 620 1369 veritas
632 1306 826 1383 evangelica
837 1321 917 1382 pro·

117 1403 273 1463 testatur.

158 1500 477 1579 Rogamusinsuper
489 1502 612 1564 dictum
624 1518 737 1580 regem
753 1504 799 1574 ut,
820 1502 919 1580 quid-

119 1597 198 1674 quid
209 1613 311 1673 super
321 1598 364 1659 iis
372 1598 500 1671 lecerit,
512 1600 628 1661 saltem
640 1616 700 1679 pro
711 1616 847 1661 munere
856 1616 918 1661 no-

117 1693 169 1755 bis
179 1694 291 1767 donet,
305 1696 391 1773 quod
401 1697 541 1773 praelato
551 1697 706 1775 episcopo
716 1713 756 1758 ac
766 1697 916 1759 ecclesiae

118 1807 188 1853 suae
199 1794 384 1866 canonicis,
396 1794 599 1872 presbyteris
612 1796 645 1857 et
659 1795 791 1856 clericis
806 1796 917 1857 suiset

116 1887 217 1950 rebus
231 1890 435 1964 eorumdem,
452 1892 649 1954 auctoritate
670 1892 764 1969 regia
787 1893 918 1954 securi-

115 1988 218 2047 tatem
232 1989 370 2063 praestet
383 1990 417 2050 et
427 1989 530 2052 iaciat
551 1989 790 2052 inviolabiliter
802 1990 918 2052 obser-

12 2074 21 2082 '
115 2083 209 2157 vari3
241 2084 407 2161 alioquin,
447 2088 749 2166 quantumcumque
769 2088 916 2164 regalem

115 2181 351 2243 excellentiam
370 2182 558 2260 diligamus,
582 2186 610 2246 si
625 2185 708 2247 sorte
729 2183 829 2264 (quod
849 2202 916 2247 non

115 2278 298 2358 credimus)
309 2281 428 2342 saltem
443 2298 486 2343 ex
498 2283 634 2360 speciali
649 2284 756 2360 gratia
772 2300 838 2346 non
850 2283 917 2346 lue·

115 2376 225 2437 rimus
247 2378 406 2450 exauditi,
429 2379 494 2440 sibi
505 2381 617 2441 tamen
630 2380 760 2442 deterre
775 2398 841 2442 non
856 2398 917 2459 po-

113 2473 256 2534 terimus
281 2477 396 2537 contra
413 2479 528 2548 Deum,
548 2477 605 2539 sed
620 2477 780 2555 eligemus
805 2479 915 2556 potius

114 2572 199 2647 Regi
207 2587 323 2649 regum
333 2590 431 2650 quam
439 2574 687 2651 regibominum
696 2577 913 2654 complacere.

115 2669 280 2741 Quocirca
301 2670 495 2733 discretioni
511 2674 633 2736 vestrae
652 2690 711 2752 per
725 2676 914 2752 Apostolica

115 2766 241 2843 scripta
257 2769 463 2842 mandamus,
488 2773 651 2848 quatenus
670 2772 845 2849 praefatum
859 2789 915 2834 re-

115 2878 189 2938 gem
210 2864 251 2925 ad
277 2864 340 2926 hoc
356 2867 519 2929 moneatis
544 2868 724 2945 prudenter
745 2871 777 2931 et
800 2869 915 2932 eiilca·

115 2960 199 3023 citer
208 2961 386 3025 inducatis.
401 2965 533 3037 Quodsi
546 2982 612 3027 non
625 2982 749 3039 omnes,
765 2967 830 3029 duo
841 2983 914 3029 ves·

114 3059 215 3130 trum,
231 3062 292 3121 etc.
312 3063 430 3123 Datum
440 3063 608 3135 Laterani,
626 3066 671 3124 ΙΙΙ
687 3065 761 3125 idus
778 3065 915 3127 februa-

115 3155 169 3227 rii,
182 3157 396 3232 pontificatus
409 3161 515 3222 nostri
526 3177 615 3223 anno
630 3162 786 3224 secundo.

153 3291 192 3350 In
218 3291 370 3354 eumdem
394 3294 527 3356 modum
551 3294 710 3373 scriptum
734 3296 784 3358 est
805 3297 912 3359 eidem

115 3386 197 3462 regi.
559 3455 561 3458 Α

113 3637 166 3696 Act
177 3640 474 3715 archiepiscopum
484 3643 726 3714 senonenses,
738 3624 913 3717 episcopos

150 3737 913 3811 Partstensem,Auttsstoctorensem,Trecen-

150 3846 239 3905 scm,
250 3835 461 3897 meldensem
479 3837 513 3897 et
526 3838 782 3899 Ntoernensem
801 3840 835 3900 et
847 3841 910 3900 de·

150 3943 279 3992 canum
291 3932 326 3994 st
339 3933 528 4007 capuanum
543 3934 801 3997 carnotensem.

412 4057 444 4113 u
461 4055 518 4114 ven.
534 4058 613 4116 lars.
699 4046 703 4051 “

111 4157 251 4224 [llouquet
262 4160 417 4212 llecusildes
428 4162 525 4222 bist.,t.
537 4165 603 4222 lilii,
610 4166 637 4229 pss
646 4164 703 4223 tte
712 4165 809 4229 llcgest.
822 4164 859 4215 lib
879 4165 909 4225 ll,

432 4243 507 4307 epist.
524 4243 592 4307 ⁹³⁰]

110 4336 203 4405 Quum
220 4337 297 4411 apud
313 4355 414 4414 regem
431 4340 577 4399 incassum
591 4340 801 4400 intercessisset
818 4345 911 4402 Hono

145 4426 217 4495 rius,
238 4429 332 4502 gratia
357 4429 529 4487 conciliandi
547 4430 765 4489 Aurelianensis
784 4433 910 4506 episcopi

144 4531 214 4573 cum
226 4516 349 4589 quodam
358 4520 479 4589 leenae,
488 4518 605 4577 taudem
616 4520 745 4593 ejusdem
753 4522 872 4580 loannis
883 4528 911 4579 et

144 4605 329 4678 complicium
344 4607 407 4680 ejus
422 4614 513 4666 terras
534 4604 684 4668 iriterdicto
703 4611 828 4684 graviori
842 4609 909 4668 sub·

142 4693 287 4767 jiciendss
299 4694 427 4768 pontifex
436 4695 574 4757 decernit.

149 4811 320 4873 Honorius
346 4813 557 4891 episcopus...
574 4814 822 4877 venerabilibus
842 4815 912 4877 ira-

107 4908 218 4970 tribus
252 4910 387 4983 nostris‚
419 4912 671 4991 archiepiscopo
708 4914 908 4988 senonensi,

109 5006 277 5084 episcopis
301 5008 479 5080 Parisien.,
506 5010 740 5083 autissiodor„
758 5013 908 5082 Trecen,

107 5103 254 5165 Melden.
268 5104 301 5167 et
321 5105 515 5179 Nivernen.,
537 5107 669 5171 dilectis
685 5107 763 5169 illlis
784 5109 910 5171 decano

109 5203 142 5262 et
157 5200 304 5277 capitulo
326 5203 533 5276 carnotensi,
557 5204 711 5276 salutem,
728 5205 791 5266 etc.

149 5298 363 5361 invalescens
377 5299 445 5362 diei
461 5300 588 5363 malitia
601 5302 660 5363 vix
681 5301 854 5379 permittit,
876 5305 912 5364 ut

109 5396 183 5459 sine
203 5396 327 5459 doloris
356 5398 473 5461 aculeo
497 5399 584 5461 diem
606 5416 708 5462 unum
725 5401 911 5479 transigere

144 5602 186 5674 (l)
208 5603 382 5660 Manussom.

972 1317 1008 1363 se
1020 1303 1155 1381 oinciat
1168 1304 1295 1366 obicem
1310 1322 1370 1383 pro
1386 1308 1521 1379 eisdem,
1532 1309 1585 1370 vel
1600 1325 1659 1385 pro
1672 1310 1769 1371 domo

972 1401 1104 1462 Domini
1113 1404 1767 1480 seopponatascendentibusexadverso.

974 1497 1067 1558 Unde
1091 1515 1162 1569 nos,
1178 1501 1234 1578 qui
1258 1517 1324 1562 non
1351 1518 1525 1580 possumus
1551 1503 1688 1567 cuilibet
1707 1521 1770 1582 pa-

972 1594 1068 1657 tienti
1081 1611 1147 1658 non
1160 1600 1314 1676 compati,
1331 1602 1364 1662 et
1377 1617 1452 1662 cum
1466 1601 1615 1679 quolibet
1627 1603 1770 1664 scanda-

971 1692 1166 1756 lizantenon
1177 1696 1241 1768 uri,
1249 1697 1438 1774 perurimur
1447 1699 1768 1777 acriorissartagine

972 1790 1160 1853 caritatiset
1170 1793 1399 1856 vehementius
1408 1797 1653 1869 contristamur,
1666 1812 1767 1875 quum

972 1886 1006 1946 in
1024 1886 1144 1949 iratres
1167 1890 1201 1950 et
1224 1890 1437 1968 coepiscopos
1452 1892 1596 1960 nostros,
1608 1893 1664 1969 qui
1678 1893 1768 1954 tam-

971 2000 1070 2060 quam
1083 1984 1235 2061 digniora
1253 1987 1411 2050 Ecclesiae
1426 1990 1486 2050 Dei
1501 1988 1648 2051 membra
1668 1990 1770 2053 debe-

971 2083 1197 2160 rentamplius
1209 2083 1380 2158 honorari,
1395 2087 1523 2149 malitia
1534 2103 1767 2164 perversorum

971 2179 1082 2240 acrius
1097 2179 1312 2253 incandescit,
1330 2183 1416 2244 sicut
1436 2198 1516 2259 erga
1540 2184 1766 2245 venerabilem

970 2276 1107 2338 tratrem
1140 2279 1289 2340 nostrum
1321 2280 1595 2342 aurelianensem
1633 2281 1766 2357 episco-

971 2391 1048 2451 pum
1060 2373 1107 2454 (1)
1120 2372 1219 2455 [quod
1233 2376 1411 2438 reierimus
1425 2393 1499 2439 cum
1514 2376 1641 2459 dolore]
1658 2394 1766 2455 nuper

970 2473 1158 2550 accepimus
1171 2490 1244 2536 esse
1256 2474 1378 2538 iactum
1391 2496 1398 2536 ε
1411 2474 1521 2537 oblata
1535 2476 1696 2553 siquidem
1709 2493 1766 2538 no·
1860 2474 1864 2481 “

968 2570 1020 2631 bis
1034 2573 1107 2649 ejus
1122 2573 1330 2649 querimonia
1353 2574 1535 2635 declaravit
1551 2573 1649 2651 quod,
1664 2591 1765 2651 quum

968 2670 1115 2730 loannes
1138 2669 1177 2730 de
1198 2669 1388 2731 Aurelianis
1410 2669 1517 2744 miles,
1534 2669 1590 2748 qui
1615 2688 1676 2747 pro
1695 2671 1765 2732 suis

969 2767 1162 2828 excessibus
1185 2767 1226 2829 ab
1247 2766 1363 2828 eodem
1384 2766 1503 2828 luisset
1529 2768 1766 2830 excomunica-

968 2864 1069 2925 tionis
1087 2880 1245 2927 mucrone
1265 2881 1453 2943 percussus,
1471 2866 1568 2926 miles
1583 2866 1655 2944 ipse
1677 2869 1765 2929 tam-

968 2977 1067 3039 quam
1077 2962 1223 3023 vesaniae
1237 2962 1356 3040 spiritu
1368 2963 1543 3035 excitatus,
1556 2964 1590 3025 in
1604 2964 1763 3026 ecclesias

968 3060 1001 3120 et
1014 3060 1184 3122 ministros
1195 3076 1310 3123 earum
1330 3061 1430 3138 coepit
1445 3061 1624 3123 crudeliter
1639 3061 1763 3124 debac-

968 3156 1073 3227 chari,
1089 3141 1299 3236 presbyteros
1311 3158 1367 3236 qui
1380 3158 1482 3220 latam
1497 3159 1532 3219 in
1547 3174 1622 3220 eum
1634 3159 1765 3220 denun-

968 3253 1100 3317 ciabant
1114 3256 1323 3326 sententiam,
1339 3255 1560 3334 dejiciendos
1575 3257 1644 3317 suis
1656 3256 1766 3334 turpi-

966 3353 1018 3414 ter
1043 3353 1218 3425 evecturis,
1244 3356 1279 3416 et
1305 3355 1373 3415 tam
1399 3371 1502 3432 equos
1526 3370 1627 3431 quam
1652 3355 1763 3416 omnia

966 3448 1053 3511 bona
1077 3466 1149 3519 sua,
1179 3451 1359 3513 contractis
1381 3450 1533 3512 domibus
1556 3452 1761 3525 eorumdem,

967 3546 1048 3623 ipsis
1062 3546 1214 3622 nequiter
1228 3546 1429 3622 auterend03
1455 3562 1639 3625 manusque
1655 3547 1763 3609 sacri-

967 3644 1059 3720 legas
1069 3642 1286 3705 nihilominus
1301 3644 1408 3706 adres
1423 3644 1629 3721 episcopales
1643 3645 1762 3707 exten-

967 3741 1059 3814 dens,
1076 3740 1181 3818 ipsius
1196 3741 1344 3819 episcopi
1370 3741 1503 3803 domum
1524 3742 1565 3804 de
1578 3743 1762 3817 Astrepeto

966 3840 998 3900 et
1023 3838 1185 3915 capellam
1215 3853 1275 3915 per
1302 3854 1381 3900 suos
1394 3861 1396 3864 ⁴
1410 3838 1570 3900 satellites
1598 3838 1763 3901 violenter

966 3935 1111 4013 infregit,
1126 3935 1170 4008 et,
1183 3951 1251 3996 non
1266 3935 1396 3997 modica
1409 3936 1502 4013 parte
1512 3935 1675 3998 honorum
1688 3952 1762 4014 quae

966 4032 1763 4111 inventatueruntibidemlrostiliterdissipata,in
1781 4080 1788 4089 .

966 4132 1098 4193 domum
1111 4148 1206 4193 suam
1221 4135 1263 4194 de
1274 4134 1428 4194 clariaco
1439 4132 1566 4209 partem
1583 4131 1661 4193 lecit
1675 4131 1762 4192 resi-

965 4230 1065 4291 duam
1079 4228 1255 4306 asportari,
1265 4230 1436 4307 ruptisque
1448 4227 1581 4291 fossatis
1594 4229 1761 4308 praedictae

965 4326 1082 4388 domus
1097 4326 1245 4403 ejusdem
1267 4327 1425 4405 episcopi,
1440 4327 1545 4405 captis
1564 4326 1711 4405 piscibus
1730 4327 1764 4387 et

965 4423 1179 4501 consumptis,
1197 4440 1331 4486 cursum
1357 4424 1457 4486 tontis
1481 4425 1537 4503 qui
1554 4440 1685 4501 semper
1704 4423 1763 4484 de-

965 4521 1120 4594 fluxerat,
1144 4522 1180 4582 in
1201 4521 1326 4584 fosseta
1341 4521 1510 4599 praedicta,
1528 4537 1570 4582 ne
1587 4521 1762 4582 decaetero

965 4619 1176 4681 derivaretur
1201 4618 1335 4690 ibidem,
1359 4618 1400 4678 ab
1426 4618 1522 4680 alveo
1538 4634 1607 4679 -suo
1626 4618 1762 4694 propria

964 4717 1152 4778 temeritate
1167 4715 1323 4777 divertit:
1341 4715 1408 4791 qui,
1428 4715 1468 4775 ad
1485 4730 1554 4776 suae
1575 4710 1761 4792 iniquitatis

966 4815 1189 4892 augmentum,
1207 4813 1362 4890 episcopo
1375 4812 1439 4889 ipsi
1454 4811 1494 4872 ad
1509 4812 1653 4873 castrum
1664 4828 1761 4873 suum

965 4912 1051 4990 quod
1072 4912 1253 4974 Pttbuerts
1277 4911 1486 4985 nuncupatur
1511 4908 1598 4971 ituro
1622 4909 1762 4970 insidias

965 5007 1277 5071 armatoruminvia
1285 5007 1406 5084 posuit,
1416 5008 1473 5084 qui
1481 5006 1764 5085 saevireinperso·

966 5124 1043 5168 nam
1056 5109 1139 5185 ejuS,
1149 5105 1186 5167 ut
1197 5105 1354 5177 creditur,
1372 5104 1539 5177 sitiebant,
1555 5121 1637 5183 quos
1649 5106 1760 5166 tamen

965 5206 1140 5282 episcopus
1161 5204 1245 5281 ipse,
1264 5218 1345 5265 casu
1370 5201 1507 5264 fortuito
1526 5201 1568 5264 ad
1589 5201 1762 5280 quusdam

966 5303 1081 5365 militis
1108 5301 1309 5365 infirmantis
1332 5301 1557 5363 visitationem
1579 5299 1760 5372 divertens,

966 5401 1081 5462 divina
1099 5399 1294 5479 providente
1307 5398 1494 5472 clementia,
1509 5397 1699 5459 declinavit.
