3982 6196
114 3591 121 3602 ·
224 3581 349 3641 sanctae
380 3582 539 3641 Romanae
565 3577 723 3639 Ecclesiae
754 3575 1022 3639 vicecancellarii

230 298 287 357 ull
847 295 1022 357 HONORII
1045 296 1089 357 ΙΙΙ
1111 298 1260 359 OPERA·
1816 302 1878 361 612

266 459 313 521 Ad
331 459 402 519 llaec
416 457 509 520 vobis
525 458 721 519 auctoritate
734 458 948 533 praesentium
967 456 1023 517 in·
1118 460 1157 521 Et
1164 458 1395 535 licctdignum,
1408 474 1447 521 ac
1456 462 1682 523 necessarium
1692 437 1877 537 videretur,

227 558 417 634 dulgemus,
446 558 481 617 ut
513 572 587 616 cum
616 554 724 617 Graeci
749 572 853 633 usque
881 554 935 616 ad.
951 554 1040 616 haec·
1078 556 1260 633 utprcpter
1278 557 1341 619 boc
1356 557 1397 618 ad
1418 573 1478 619 vos
1493 558 1661 620 destinare
1675 559 1823 637 legatum
1838 563 1881 624 de

225 658 374 733 tempora
399 654 544 714 decimas
568 653 697 715 solvere
723 653 860 715 minime
881 668 1025 716 consue-
1078 656 1192 716 nostro
1211 655 1316 716 latere
1340 654 1548 730 deberemus3
1569 658 1648 735 quia
1673 658 1786 720 tamen
1810 658 1879 720 du-

226 755 294 816 rint
308 752 458 814 laborum
469 754 668 825 vestrorum,
686 768 767 829 quos
787 751 931 829 propriis
947 766 1022 812 ma·
1077 752 1167 813 bium
1192 753 1288 814 nobis
1311 753 1393 825 erat,
1421 756 1532 815 utrum
1555 754 1591 815 in
1616 757 1781 818 movenda
1809 758 1880 819 illis

226 852 336 923 uibus,
363 850 420 911 aut
443 849 628 927 sumptibus
648 850 757 912 colitis
776 850 817 911 de
838 849 1025 927 possessio-
1077 864 1199 926 guerra
1221 866 1337 926 regum
1364 852 1504 912 consilia
1528 853 1791 925 concordarent,
1817 872 1880 916 nos

226 950 324 1009 uibus
345 948 468 1010 habitis
486 950 563 1010 ante
577 949 760 1010 Concilium
783 947 949 1024 generale,
970 946 1023 1008 vol
1076 948 1188 1008 tamen
1214 950 1391 1024 pensantes
1428 948 1637 1027 prudentiam
1673 951 1880 1014 venerabilis

226 1048 266 1109 de
276 1049 462 1109 vestrorum
473 1046 668 1107 animalium
680 1045 900 1118 nutrimentis,
913 1044 1023 1105 nullus
1077 1044 1192 1127 tratris
1215 1046 1321 1109 nostri
1341 1047 1583 1125 archiepiscopi
1606 1047 1771 1121 Toletani,
1797 1051 1880 1112 odo-

226 1161 244 1206 a
271 1144 365 1206 vobis
390 1144 535 1205 decimas
561 1144 713 1220 exigere,
740 1143 794 1204 vel
825 1146 1024 1220 extorquere
1077 1158 1148 1205 rem
1171 1144 1327 1217 nominis,
1366 1148 1461 1222 cujus
1485 1145 1547 1207 etsi
1576 1144 1666 1209 tama
1690 1146 1815 1209 dudum
1835 1149 1878 1210 ad

224 1244 415 1321 praesumat.
450 1242 564 1304 Liceat
589 1258 719 1320 quoque
748 1241 842 1302 vobis
869 1239 1021 1311 clericos,
1078 1257 1139 1303 nos
1165 1243 1333 1319 praeconio
1355 1244 1447 1304 tanto
1473 1242 1658 1319 pertulerit,
1684 1245 1721 1306 ut
1740 1245 1878 1323 profusa

225 1341 278 1403 vel
298 1341 418 1413 laicos,
444 1340 520 1412 etc,
545 1354 652 1414 usqne
668 1357 679 1400 :
693 1339 848 1401 retinere.
872 1338 1024 1399 Chrisma
1078 1340 1113 1399 in
1124 1342 1197 1416 ejus
1208 1340 1362 1402 laudibus
1372 1340 1552 1414 videretur,
1564 1342 1773 1404 nunctamen
1784 1344 1878 1404 illam

224 1456 316 1511 vero,
329 1439 439 1500 oleum
452 1438 613 1509 sanctum,
626 1438 701 1509 etc,
717 1452 824 1511 usqne
839 1454 850 1496 .·
865 1437 937 1497 sine
952 1450 1024 1512 pra·
1078 1453 1214 1499 avaram
1240 1438 1275 1498 in
1304 1439 1429 1500 eisdem
1462 1439 1683 1515 comperimus
1710 1440 1876 1513 extitisse,

223 1537 327 1598 vitate
338 1536 450 1613 aliqua
464 1534 634 1596 exhibere.
648 1535 730 1595 Cum
743 1536 852 1596 autem
867 1533 1024 1610 generale
1079 1552 1178 1613 quum
1189 1534 1348 1608 scientiae,
1361 1536 1678 1613 circumspectionis,
1691 1538 1877 1607 modestiae,

224 1634 452 1704 interdictum,
483 1633 558 1700 etc,
591 1646 700 1706 iisque
728 1650 739 1691 .·
771 1631 884 1691 divina
915 1630 1023 1692 officia
1079 1632 1273 1707 honestatis,
1296 1650 1336 1695 ac
1354 1634 1462 1695 omnis
1481 1632 1655 1695 industriae
1679 1635 1779 1710 longa
1803 1636 1878 1712 plus

226 1730 406 1792 celebrare.
417 1730 497 1790 Paci
507 1745 637 1807 quoque
646 1730 678 1790 et
687 1727 933 1805 tranquillitati,
945 1729 1022 1799 etc,
1078 1748 1176 1810 quam
1191 1731 1253 1793 illa
1268 1732 1429 1803 retulerit,
1446 1731 1672 1792 invenerimus
1690 1732 1726 1792 in
1742 1733 1879 1807 eodem;

223 1843 331 1902 amnne
359 1847 370 1889 .·
403 1827 524 1889 audeat
555 1842 725 1888 exercere.
760 1825 908 1887 Obeunte
943 1841 1023 1887 vero
1078 1830 1111 1891 ei
1134 1844 1218 1890 onus
1244 1829 1434 1907 hujusmodi
1460 1826 1616 1889 duximus
1639 1829 1879 1905 imponendum

224 1928 269 1990 te.
290 1928 365 1997 etc,
393 1940 500 1998 usqne
519 1942 531 1983 .·
550 1925 731 1985 secundum
753 1926 856 1985 Deum
878 1924 911 1984 et
936 1922 1024 1985 beati
1079 1928 1255 2004 legationis
1271 1927 1425 1999 cilicium,
1443 1926 1550 1987 eidem
1564 1925 1607 1986 ad
1622 1925 1728 2002 idper
1746 1928 1880 1989 vestras

224 2023 341 2084 Basilii
378 2023 527 2098 regulam
561 2021 782 2098 providerint,
821 2020 1021 2098 eligendum.
1078 2025 1268 2102 provincias
1278 2024 1500 2096 concedendo,
1513 2026 1550 2084 ut
1559 2023 1709 2102 quumad
1719 2040 1880 2101 guerram

224 2122 356 2182 Electus
370 2122 480 2182 autem
502 2135 562 2196 pro
577 2119 808 2181 benedictione
823 2118 865 2180 ad
889 2119 1023 2195 episco-
1079 2123 1146 2184 illis
1180 2121 1376 2184 movendam
1407 2123 1556 2200 ipsorum
1584 2137 1699 2198 regum
1733 2123 1881 2185 consilia
1981 2164 1982 2167 κ

224 2235 303 2296 pum
316 2218 540 2280 dioecesanum
556 2218 712 2279 accedat:
731 2217 787 2293 qui
802 2216 831 2277 si
845 2216 877 2277 ei
892 2216 1025 2277 duxerit
1078 2220 1368 2295 concordaverint3
1389 2221 1461 2296 ipse
1481 2219 1575 2297 quasi
1596 2220 1680 2281 alter
1693 2222 1796 2281 Josua
1817 2237 1882 2281 vos

225 2316 474 2391 denegandum,
508 2314 614 2389 eidam
647 2314 752 2375 electo
780 2329 840 2390 pro
868 2312 1025 2374 benedic-
1078 2318 1253 2397 praecedat
1274 2318 1307 2379 et
1319 2317 1360 2378 ad
1375 2317 1554 2379 eruendam
1567 2318 1608 2378 de
1618 2317 1753 2378 illorum
1768 2318 1883 2378 mani·

223 2413 326 2475 tionis
363 2427 501 2473 munere
543 2411 742 2483 obtinend0,
784 2426 1023 2488 quemcumque
1078 2417 1140 2478 bus
1161 2418 1300 2488 terram,
1328 2431 1427 2493 quarn
1455 2414 1672 2492 prophanatis
1693 2416 1755 2476 Dei
1779 2432 1883 2476 sanc-

224 2510 395 2579 maiuerib
425 2508 626 2571 caihblicum
650 2509 744 2570 adire
770 2508 952 2570 antistiicm
977 2507 1023 2567 li·
1077 2514 1197 2577 tuariis
1212 2514 1361 2575 detinent
1373 2514 1577 2589 occupatam,
1601 2513 1732 2574 animos
1747 2515 1883 2574 vestros

226 2610 369 2670 centiam
399 2607 435 2667 in
465 2608 671 2684 perpetuum·
710 2610 876 2668 Praeierea
909 2621 1023 2667 omnes
1078 2613 1228 2683 aeternis,
1246 2615 1280 2674 et
1301 2610 1538 2688 temporalibus
1555 2610 1702 2687 praemiis
1722 2609 1882 2671 incitatos

225 2705 394 2768 libertates
409 2706 443 2766 θῒ
459 2705 696 2776 immunitates,
714 2707 789 2776 etc,
809 2719 939 2777 vidue!
953 2702 1024 2781 pri·
1078 2710 1258 2772 secundum
1285 2709 1394 2770 datam
1420 2707 1484 2768 sibi
1514 2723 1534 2769 a
1565 2709 1634 2768 Deo
1665 2706 1881 2782 prudentiam

223 2800 1021 2879 vilegiocommunimns.Decernimusergnatc,
1077 2808 1220 2879 moneat,
1252 2806 1457 2877 exhortetur,
1491 2806 1524 2866 et
1549 2804 1668 2881 erigat,
1693 2820 1821 2881 vosque
1845 2805 1880 2865 in

226 2914 335 2974 vidue
358 2917 370 2959 ··
392 2899 589 2961 omnimodis
608 2897 793 2975 profutura,
814 2898 907 2958 salva
929 2896 1022 2957 Sedis
1078 2922 1162 2977 eam,
1180 2904 1294 2982 ejectis
1309 2902 1542 2975 ancillaribus,
1564 2902 1621 2979 qui
1633 2902 1786 2963 haeredes
1804 2918 1880 2962 esse

224 2996 424 3074 Apostolicaa
439 2995 636 3071 auctoritate
651 2995 728 3056 etin
741 2993 909 3071 praedictis
921 2994 1024 3055 eccle·
1078 3020 1152 3065 cum
1190 3002 1269 3063 filiis
1295 3000 1409 3063 lihepae
1444 3016 1511 3061 non
1543 3002 1727 3072 merentur,
1765 2999 1880 3060 divino

225 3094 285 3153 siis
312 3093 577 3153 dioecsssanfflllm
602 3092 832 3167 elii⁸⁰0li⁰i11ffl
863 3091 1022 3151 canonica
1078 3100 1253 3163 comitatus
1284 3099 1411 3159 auxilio
1434 3096 1634 3170 introducat,
1661 3098 1725 3158 etc.
1758 3098 1881 3158 Datum

220 3189 364 3267 justitia.
402 3189 436 3250 Si
470 3203 535 3266 (lua
563 3188 665 3263 iiiiii?
689 3189 725 3248 in
759 3185 917 3258 futurum,
945 3187 1020 3259 eit,
1077 3197 1254 3269 Laterani,
1293 3199 1339 3258 ΙΙΙ
1374 3195 1507 3258 kalend.
1541 3194 1637 3267 febr,
1665 3194 1881 3272 pontificatus

223 3301 330 3361 risone
341 3304 352 3346 .·
365 3285 514 3364 subjacet
523 3285 655 3347 ultioni.
666 3283 799 3347 Cunctis
810 3285 931 3358 autem,
944 3284 1020 3356 etc,
1078 3295 1183 3358 nostri
1201 3310 1290 3356 anno
1312 3293 1469 3355 secundo,

221 3400 331 3460 nsque
345 3383 551 3446 :inveniant
565 3386 680 3444 Amen.

263 3484 382 3544 Datum
421 3481 579 3543 Laterani
613 3496 672 3558 per
710 3495 844 3541 manum
885 3478 1022 3541 Ranerii
1427 3471 1527 3558 CXX

222 3680 266 3741 1v
290 3678 453 3739 kalendas
477 3676 650 3747 februarii,
675 3674 791 3737 indict.
816 3675 1024 3745 v11‚1ncar-
1077 3624 1650 3697 Adssmmmamwfflwimm
1665 3624 1880 3684 memmim-

222 3776 368 3838 nationis
387 3775 568 3837 Dominicae
583 3789 671 3835 anno
687 3774 889 3845 MCGXVlll,
913 3772 1024 3848 ponti·
1384 3750 1469 3809 lleb.
1489 3752 1568 3809 ¹²¹8·

221 3874 340 3935 fucatus
361 3889 441 3935 vero
462 3871 588 3934 domini
603 3871 744 3933 Honorii
759 3874 858 3949 Papae
874 3872 920 3931 llI
935 3885 1023 3931 anno
1171 3867 1275 3934 [labbe
1286 3866 1503 3925 Colloctiodonc,
1516 3872 1536 3916 t.
1547 3865 1591 3926 xl,
1605 3880 1633 3930 p.
1643 3866 1702 3926 aab,
1714 3877 1743 3916 n·
1754 3867 1794 3931 a]

222 3971 379 4033 secundo.
1078 3977 1219 4035 Primatus
1234 3977 1263 4033 in
1283 3974 1482 4046 Hispalensem
1499 3972 1681 4045 metropolim
1701 3972 1882 4030 conceditur.

564 4118 685 4204 orn
1078 4096 1886 4264 „itinninsinltattnnnnnni

241 4273 293 4333 Aa
311 4273 514 4331 Abuw'iiem
530 4269 563 4329 ei
577 4273 794 4345 BWWWW
814 4271 999 4343 episcopos.
1077 4289 1217 4349 salutem
1233 4287 1265 4348 ct
1277 4286 1492 4363 apostolicam
1505 4284 1786 4345 benedictionem.

517 4408 553 4466 30
564 4408 625 4482 jan,
644 4408 722 4466 1213,
1117 4383 1315 4462 Apostolicae
1326 4382 1420 4444 Sedis
1437 4382 1625 4457 benignitas
1640 4381 1783 4457 provide
1798 4396 1889 4458 pen-

1077 4499 1156 4544 sans
1174 4483 1290 4543 merita
1314 4480 1532 4556 singulorum,
1548 4478 1602 4550 iis,
1617 4494 1701 4555 quos
1717 4478 1793 4554 plus
1807 4476 1888 4538 ler-

221 4653 377 4727 Prcpcsitis
390 4651 553 4726 insignibus
565 4649 705 4724 Alphonsi
716 4650 843 4708 victoriis
853 4648 888 4707 ad
899 4658 1023 4707 conster·
1077 4576 1889 4750 Ξὲξίἐᾷἰῗῃέωᾚιὲἓζῶἒῗὲοῑΐιξοῐέῗὲῑὲἓ
1904 4647 1908 4653 ’

222 4536 360 4602 [Raynald
373 4534 487 4586 Annales
499 4532 672 4596 ecclesiastici,
685 4533 718 4583 ad
730 4546 791 4583 ann.
803 4532 872 4591 1218,
885 4533 909 4597 §i
918 4533 960 4592 69,
970 4533 1021 4598 70.]

284 4751 384 4800 natum
395 4741 595 4799 ffi⁰²⁰h⁰⁸¹⁰¹¹¹
611 4738 957 4813 ⁰Pififfl²⁰d⁰¹¹¹⁹¹⁰i¹³²·
1076 4774 1153 4835 illos
1181 4789 1200 4835 e
1223 4773 1352 4833 devotis
1378 4769 1565 4832 devotiores
1599 4767 1736 4836 efficiat,
1765 4784 1891 4831 varum

262 4881 346 4938 Ecce
368 4877 496 4954 tempus
519 4877 752 4953 opportunum,
778 4875 815 4935 ut
843 4873 1019 4946 credimus,
1077 4872 1179 4933 etiam
1194 4871 1326 4932 illorum
1340 4867 1491 4945 exemplo
1507 4865 1681 4927 indevotos
1693 4866 1736 4927 ad
1753 4866 1806 4927 sui
1822 4865 1891 4927 de-

223 4976 264 5037 ad
284 4974 523 5049 insurgendum
549 4974 663 5034 contra
693 4988 766 5044 eos,
797 4971 916 5050 quibus
942 4973 1022 5033 estis
1077 4971 1245 5032 votionam
1259 4968 1406 5028 inducat.
1423 4966 1508 5027 Hinc
1528 4965 1589 5036 est,
1605 4963 1694 5040 quod
1709 4963 1891 5025 attenden-

223 5071 429 5142 circumdati,
452 5074 633 5146 agarenos,
653 5087 727 5131 cum
749 5069 910 5131 miraculo
932 5068 1021 5130 illius
1077 5069 1126 5129 tes
1147 5067 1350 5129 nobilitatem
1373 5063 1522 5125 ecclesiae
1550 5062 1733 5131 Toletanae,
1763 5062 1894 5123 iutuitu

221 5170 382 5241 victoriae,
408 5184 505 5245 quiam
528 5169 689 5228 Dominus
705 5168 912 5229 exercituum
934 5182 1022 5228 anno
1079 5164 1262 5242 spiritualis
1274 5161 1471 5232 devotionis,
1489 5175 1586 5236 quam
1601 5158 1642 5219 ad
1653 5158 1893 5235 Apostolicam

222 5285 309 5329 nunc
321 5267 436 5345 quinto
453 5264 582 5326 coalitus
596 5264 808 5335 ministravit,
826 5262 934 5324 adhuc
949 5279 1023 5324 esse
1079 5262 1196 5324 sedam
1217 5260 1340 5323 habere
1355 5258 1580 5334 dignoscitur;
1597 5255 1750 5317 volentes
1772 5254 1897 5318 facere
1981 5336 1982 5339 Ἴ

222 5367 402 5427 credantur
416 5363 560 5435 attoniti,
585 5363 618 5423 et
639 5362 943 5437 crucesignatorum
965 5361 1022 5421 in·
1079 5360 1220 5436 gratiam
1235 5359 1413 5437 specialem
1429 5357 1464 5417 in
1484 5353 1676 5430 Hispalensi
1692 5354 1895 5429 metropoli,
1981 5364 1982 5411 3

223 5478 333 5534 cursu,
352 5462 408 5538 qui
423 5462 567 5535 stragem
579 5461 776 5520 asseruntur
789 5459 907 5519 lecIsse
919 5458 1023 5519 maxi·
1079 5474 1118 5519 ac
1130 5460 1203 5534 ejus
1215 5457 1387 5535 provincia
1400 5477 1407 5515 :
1421 5455 1528 5515 eidem
1539 5451 1691 5514 ecclesiae
1705 5454 1899 5528 praesentis
1981 5460 1982 5495 ³

223 5573 312 5616 mam
337 5557 506 5616 infinibus
526 5556 1023 5635 eorumdem,dicanturpluri-
1080 5555 1196 5631 scripti
1209 5554 1384 5631 privilegio
1394 5555 1451 5631 jus
1462 5550 1677 5614 concedimus
1693 5549 1896 5626 primatiae:
1981 5542 1982 5547 ’

225 5666 313 5709 mum
329 5652 448 5711 animis
462 5653 677 5713 consternati.
1081 5654 1273 5725 statuentes,
1291 5654 1327 5713 ut
1339 5650 1474 5728 praelata
1488 5647 1684 5724 metropolis
1706 5646 1747 5706 ad
1762 5644 1899 5707 Chris-
