3946 6196
209 205 269 266 475
827 198 1004 259 HONORII
1028 198 1244 259 1113111111.
1803 200 1861 262 lid

208 363 330 426 terales
357 360 514 432 existunt,
547 374 607 420 suo
640 354 818 434 specialius
849 355 1005 434 obsequio
1101 360 1168 434 Ego
1184 354 1288 419 Guido
1306 358 1340 419 S.
1355 357 1484 418 Nicolai
1504 356 1539 418 in
1554 368 1689 421 carcere
1704 360 1861 423 1111113113

209 460 390 540 deputavit,
412 457 532 537 quibus
549 472 609 517 sua
626 455 748 533 saepius
765 456 893 518 secreta
910 470 1005 518 cem-
1061 455 1221 518 diaconus
1231 455 1321 517 card.
1337 453 1516 533 subscrips.

208 560 385 623 municans
402 574 477 619 cum
491 555 574 633 ipsis
594 552 772 625 interdum,
793 555 827 616 et
840 553 1005 615 interdum
1101 556 1169 631 Ego
1201 554 1413 616 Octavianus
1437 556 1494 615 SS.
1527 555 1653 631 Sergii,
1678 557 1713 618 31
1735 557 1861 618 Bacchi

208 674 269 739 per
291 657 381 735 ipsos
405 655 441 715 in
465 650 694 730 spiritualibus
715 654 748 712 et
768 646 1006 728 temporalibus
1060 651 1221 712 diaconus
1235 651 1326 712 card.
1343 650 1522 728 subscrips.

208 752 507 833 exsequeturvices
517 765 606 824 suas3
620 766 720 827 quum
731 748 833 826 igitur
843 748 1006 810 111131133-
1100 753 1168 826 Ego
1205 750 1397 826 Gregorius,
1433 753 1466 813 S.
1495 750 1660 812 Theodori
1697 750 1861 814 diaconus

208 854 254 914 sis
267 850 413 913 civitatis
426 850 564 911 antistes
573 862 730 924 magnum
741 848 847 909 locum
859 847 1005 909 obtineat
1060 848 1187 909 cardin.
1201 847 1381 925 subscrips.

207 950 294 1013 inter
311 965 369 1010 eos
388 950 422 1011 et
440 962 483 1011 ex
499 946 708 1008 institutione
724 944 1003 1023 praedecessorum
1101 947 1168 1021 Ego
1207 946 1405 1023 Stephanus,
1444 946 1477 1007 S.
1515 944 1654 1007 Adriani
1695 944 1860 1009 diaconus

206 1049 409 1117 nostrorum,
426 1047 460 1108 et
474 1042 712 1107 consuetudine
728 1042 920 1121 approbata,
937 1044 1005 1105 Ro-
1059 1044 1185 1105 cardiu.
1201 1043 1382 1121 subscrips.

206 1161 304 1207 mano
317 1144 470 1206 Pontifici
485 1140 662 1205 familiaris
676 1156 808 1218 semper
819 1141 851 1202 et
866 1141 1005 1203 collate·
1099 1142 1167 1218 ugo
1186 1142 1441 1214 alebrandinus,
1459 1144 1493 1203 S.
1509 1138 1680 1205 Eustachii
1695 1142 1860 1207 diaconus

206 1243 289 1305 ralis
305 1241 437 1312 existat,
453 1242 484 1303 te
502 1240 616 1317 quiex
629 1240 803 1301 roratione
825 1238 937 1299 divina
954 1239 1005 1299 ci·
1059 1240 1149 1301 card.
1167 1239 1347 1317 subscrips.

205 1341 318 1403 vitatis
328 1340 433 1417 ipsius
444 1336 868 1401 cathedramconscendisti
879 1337 1004 1414 specia-
1100 1340 1217 1400 Datum
1254 1337 1424 1400 Ferentini
1448 1354 1508 1415 per
1536 1352 1672 1400 manum
1695 1338 1861 1417 Rayneril

205 1440 270 1500 lius
298 1438 465 1500 honorare
494 1436 709 1514 proponimus
742 1435 775 1497 et
806 1435 842 1495 in
875 1435 942 1497 tuis
970 1436 1003 1496 te
1059 1436 1216 1497 nomana
1232 1435 1726 1498 Ecclesiaeslcecancellariilx
1736 1438 1860 1499 Kalen·

205 1535 419 1616 petitionibus
434 1534 605 1596 exaudire.
618 1535 810 1611 1133133131,
822 1528 1001 1594 1311313111-
1058 1532 1117 1593 das
1125 1533 1274 1609 Augusti,
1285 1534 1412 1605 indii„
1424 1536 1657 1596 incarnbom.
1667 1537 1855 1607 annoi217,

205 1630 999 1708 lisiraterinChristo,tuisprecibusannueutes,
1057 1630 1266 1708 pontificatus
1287 1647 1367 1693 vero
1384 1632 1524 1693 Honorii
1549 1634 1618 1710 Pap
1642 1633 1689 1694 ill
1711 1649 1804 1695 anno
1818 1650 1856 1694 u.
1896 1694 1901 1701 ,

204 1734 245 1795 ad
260 1732 432 1808 exemplar
444 1730 550 1791 ielicis
566 1726 806 1790 recordationis
817 1728 1001 1790 innocentii

203 1834 303 1907 Papae
318 1827 575 1907 praedecessoris
591 1826 696 1887 nostri
714 1825 881 1887 civitatem
896 1825 1000 1889 Alba·

202 1944 351 1995 nensem,
382 1942 456 1987 cum
482 1924 586 2000 burgo
613 1923 777 1991 Thermis,
804 1924 915 1984 monte
944 1923 1000 2000 qui

203 2027 326 2088 dicitur
337 2024 392 2086 Sol
403 2025 435 2085 et
446 2025 550 2094 Luna,
570 2021 710 2090 Palatio,
727 2023 759 2083 et
775 2021 999 2099 omnibusap-

202 2123 364 2203 pendiciis
378 2122 457 2192 suis,
475 2120 516 2181 ad
527 2123 594 2197 juS,
609 2120 642 2181 31
658 2118 892 2197 proprietatem
906 2119 999 2180 Sedis

200 2221 399 2299 apostolica
415 2217 667 2295 pertinentibus
688 2216 788 2278 immo
804 2217 904 2279 etiam
924 2232 998 2278 cum

201 2319 291 2382 omni
299 2322 376 2396 jure
390 2318 514 2387 nostro,
532 2317 599 2377 tum
616 2315 650 2375 in
666 2314 825 2375 comitatu
843 2315 1000 2376 113313113-

200 2418 268 2488 nia,
287 2415 476 2485 simoneta,
494 2429 593 2491 quam
608 2412 823 2473 fidelitatibus
838 2415 872 2473 et
887 2412 997 2474 domi·

201 2516 256 2576 nio
287 2513 406 2576 tuturis
438 2508 578 2580 bannis,
613 2509 773 2587 placidis,
808 2510 995 2587 plateatico,

200 2628 332 2691 guerra,
347 2625 439 2688 pace,
456 2608 562 2680 hoste,
584 2606 773 2679 cavaloada,
795 2606 995 2683 glandatico,

199 2710 381 2781 herbatico,
398 2707 577 2785 ruspatioo,
602 2702 719 2783 pratis,
739 2705 859 2777 vineis,
881 2721 998 2767 13113·

199 2808 302 2879 ribus,
317 2805 417 2870 terris
428 2803 525 2866 cultis
537 2803 722 2875 etincultis,
737 2800 998 2865 etaliismanua·

199 2904 286 2968 libus
308 2904 442 2975 nostris,
466 2902 537 2963 sive
556 2901 591 2961 in
610 2900 720 2972 terris,
742 2900 864 2962 sivein
885 2901 994 2978 aquis,

199 3007 233 3067 et
245 3007 322 3082 jure
337 3000 422 3079 quod
443 2998 603 3060 habemus
622 2995 658 3058 iu
674 2998 825 3059 ecclesiis
847 2997 994 3075 ejusdem

198 3099 342 3164 civitatis
357 3112 417 3175 pro
434 3095 557 3158 caratis
576 3095 656 3167 vini,
674 3095 752 3157 etsi
770 3112 843 3172 quae
862 3093 930 3156 3113
952 3094 992 3157 tui

198 3198 325 3275 regalia
335 3196 460 3265 nostra,
477 3193 645 3271 pertinere
661 3192 854 3265 noscantur,
871 3191 942 3265 tibi,
960 3197 995 3255 et

198 3290 445 3358 successoribus
471 3291 538 3352 tuis
565 3289 606 3351 de
636 3288 776 3351 fratrum
804 3292 993 3352 nostrorum

198 3391 338 3456 consilio
359 3387 580 3459 concedimus,
600 3386 834 3449 confirmamus
853 3390 886 3450 et
907 3404 995 3466 3133-

197 3491 300 3554 331113
321 3485 435 3565 3311311
453 3485 629 3563 privilegio
649 3487 903 3548 communimus.
924 3489 992 3547 De-

197 3589 365 3654 cernimus
390 3600 480 3661 ergo,
507 3586 543 3646 ut
564 3583 648 3644 nulli
672 3584 807 3645 omnino
821 3584 992 3645 hominum

197 3686 295 3749 liceat
310 3682 480 3763 praeiatam
502 3680 723 3743 Albanensem
743 3681 918 3744 ecclesiam
937 3684 992 3744 te·

196 3802 286 3849 mere
303 3780 508 3862 perturbare,
521 3780 582 3841 etc.
599 3775 635 3840 si
652 3794 717 3856 qua
732 3780 835 3855 igitur
848 3779 882 3840 in
898 3777 991 3841 iutu-

196 3900 281 3954 1313,
299 3882 360 3943 313.
376 3894 484 3953 ascite
497 3877 634 3954 praemia
649 3878 782 3938 aeternae
797 3873 888 3954 pacis
903 3876 994 3938 inve·

196 3981 300 4042 niani.
317 3983 432 4049 Amen,
448 3991 557 4046 amen,
575 3990 683 4035 amen.

235 4082 303 4154 Ego
323 4075 500 4144 Honorius,
518 4071 697 4133 Catholicae
718 4072 876 4133 Ecclesia
897 4072 990 4149 epis·

195 4193 297 4255 copus
308 4171 500 4248 subscripsi.

234 4277 302 4349 Ego
317 4269 434 4339 Guido,
457 4267 683 4332 Praenestinus
698 4265 872 4342 episcopus
899 4265 989 4328 subs.

234 4376 302 4447 Ego
326 4364 497 4445 Cynthius,
526 4363 720 4425 Portuensis
748 4365 781 4425 31
805 4366 838 4424 S.
862 4364 990 4426 Ruiiuae

193 4471 295 4549 episc.
312 4464 490 4541 subscrips.

232 4572 300 4645 Ego
327 4567 457 4634 Petrus,
482 4557 676 4622 sabinensis
697 4559 872 4637 episcopus
898 4559 988 4621 subs.

232 4657 988 4745 EgoLeo,tit.S.Grucisiullierusalempresb.

193 4766 283 4830 card.
300 4763 395 4849 subs.»

232 4868 300 4940 Ego
322 4859 497 4928 Robertus,
523 4855 574 4917 tit.
597 4857 630 4916 S.
655 4853 811 4932 Stephani
836 4852 871 4915 in
886 4854 989 4915 crelio

192 4958 304 5020 monte
318 4953 427 5032 presb.
443 4950 540 5025 card,
548 4948 728 5025 subscrips.

232 5057 301 5132 ligo
323 5050 516 5127 Gregorius,
541 5048 592 5108 tit.
616 5049 649 5108 s.
670 5045 857 5108 anastasiae
878 5044 987 5123 presb.

192 5153 283 5217 card.
297 5148 477 5224 subscrips.

1422 1800 1485 1889 ΙΙΙ

1169 1944 1221 2006 Ad
1234 1960 1353 2022 recem
1370 1942 1739 2020 nterororpmteanum.

1352 2057 1452 2133 11111
1471 2058 1549 2117 1311.

1056 2165 1184 2230 [Theium.
1196 2165 1263 2215 11311.
1275 2166 1418 2229 1131133113,
1429 2167 1448 2223 1,
1461 2166 1486 2224 8,
1498 2181 1524 2216 n.
1541 2165 1584 2225 is,
1604 2167 1733 2231 ltuynald,
1747 2165 1783 2216 sd
1794 2182 1856 2217 anu.

1153 2244 1213 2297 trit
1224 2266 1231 2304 ;
1243 2238 1406 2305 1133111113,
1421 2240 1487 2298 11131.
1498 2244 1647 2311 chbypre,
1660 2247 1692 2305 ll,
1705 2246 1760 2312 bd]

1054 2352 1171 2411 lluudat
1189 2356 1332 2412 Honorius
1344 2352 1405 2427 regi
1423 2354 1680 2427 Hierosolymitano
1697 2354 1856 2412 mittendos

1088 2457 1153 2500 esse
1165 2444 1281 2501 nuntios
1293 2441 1407 2499 obviam
1422 2441 1585 2500 christianis
1598 2442 1779 2516 principibus
1791 2458 1855 2501 cru·

1088 2531 1253 2604 cesignutis
1270 2530 1346 2607 upud
1360 2531 1483 2605 Cyprum
1495 2531 1744 2589 convenientibus.

1092 2645 1260 2710 Honorius
1273 2647 1459 2726 episcopus,
1468 2665 1585 2710 servus
1596 2665 1771 2711 servorum
1779 2652 1853 2723 Dei,

1053 2746 1226 2807 carissimo
1255 2746 1290 2807 in
1318 2746 1448 2808 Christo
1475 2746 1595 2807 tilio...
1627 2746 1752 2809 illustri
1779 2750 1855 2825 regi

1051 2838 1329 2920 ierosolymitano
1345 2842 1484 2905 salutem
1501 2844 1533 2905 et
1550 2843 1769 2921 apostolicam
1788 2845 1853 2906 be-

1051 2940 1284 3003 nedictionem.

1091 3041 1197 3111 Quum
1212 3037 1405 3100 carissimus
1427 3038 1463 3099 in
1485 3038 1615 3102 Christo
1633 3039 1763 3102 filius...
1779 3043 1853 3104 Un-

1050 3137 1153 3213 guriae
1182 3153 1243 3198 rex
1266 3136 1443 3197 illustris...
1467 3136 1536 3199 dux
1558 3138 1702 3200 Austriae
1724 3155 1766 3201 ac
1791 3140 1852 3201 alii

1050 3234 1144 3296 11111111
1155 3236 1368 3311 magnateset
1379 3235 1608 3311 magnanimes
1619 3236 1652 3298 et
1664 3238 1849 3313 magnifici,

1049 3332 1090 3393 ad
1129 3327 1312 3393 subsidium
1344 3335 1455 3394 Terrae
1492 3335 1633 3404 Sanctae,
1661 3334 1851 3412 inspirante

1050 3430 1199 3503 Domino,
1230 3430 1428 3507 aspirantes,
1457 3431 1492 3491 in
1518 3420 1701 3493 Natiuitate
1737 3435 1851 3496 Beata

1048 3529 1176 3600 Mariae,
1199 3530 1267 3590 Deo
1285 3528 1440 3606 31331113,
1457 3530 1544 3606 apud
1560 3531 1704 3607 Cyprum
1729 3530 1849 3609 dispo-

1048 3625 1176 3687 suerint
1190 3626 1379 3698 convenire,
1396 3627 1432 3688 ut
1447 3627 1627 3688 secundum
1639 3629 1706 3689 tuae
1720 3628 1852 3691 discre-

1048 3720 1148 3785 tionis
1163 3723 1339 3785 consilium
1354 3723 1388 3784 in
1402 3724 1534 3801 negotio
1552 3725 1674 3787 Christi
1693 3728 1849 3789 ordinale

1048 3821 1237 3899 procedant,
1264 3821 1350 3882 sicut
1371 3821 1457 3883 idem
1478 3838 1539 3883 rex
1562 3825 1628 3884 tuae
1654 3824 1850 3886 celsitudini

1048 3935 1107 3995 per
1128 3935 1205 3980 suas
1224 3919 1354 3980 litteras
1376 3919 1498 3981 dicitur
1520 3920 1676 3982 intimare
1696 3924 1849 3999 :regiam

1047 4016 1259 4078 serenitatem
1283 4032 1439 4091 rogamus
1459 4020 1491 4079 31
1513 4033 1684 4079 monemus
1709 4022 1848 4093 attente,
1967 4014 1968 4027 .

1047 4116 1208 4192 quatenus
1231 4114 1317 4175 sicut
1337 4130 1472 4175 causam
1492 4114 1615 4177 Christi
1640 4116 1776 4190 zelaris,
1800 4120 1849 4181 eis

1045 4211 1126 4273 illuc
1138 4212 1244 4289 perte
1258 4211 1311 4273 131
1329 4212 1493 4273 solemnes
1511 4213 1646 4275 nuntios
1668 4231 1849 4279 occurrere

1046 4326 1112 4371 non
1127 4309 1271 4381 omittas,
1288 4310 1499 4388 impensurus
1521 4310 1647 4372 eisdem
1666 4316 1769 4390 prout
1790 4318 1848 4377 tua

1047 4408 1194 4470 noscitur
1218 4406 1408 4484 specialiter
1432 4408 1592 4471 interesse
1614 4411 1794 4473 consilium
1817 4417 1850 4476 et

1046 4506 1208 4567 auxilium
1233 4508 1464 4583 opportunum.
1479 4508 1598 4570 Datum
1612 4509 1787 4572 Ferentini
1804 4514 1848 4573 ix
1965 4498 1966 4539 ³

1046 4604 1114 4665 kal.
1127 4603 1204 4682 julii
1220 4604 1431 4681 pontificatus
1447 4605 1551 4667 nostri
1572 4622 1660 4666 anno
1685 4610 1847 4672 secundo.

1414 4766 1470 4853 IV

1108 4911 1160 4970 Ad
1177 4910 1386 4986 inopistrum
1402 4910 1435 4970 et
1448 4910 1780 4988 [1311331333113113

1281 5008 1599 5083 Η1313331331113111.

1340 5119 1376 5177 25
1387 5119 1438 5192 jul.
1453 5118 1531 5177 1217.

1182 5224 1277 5290 [Pauli
1288 5223 1349 5275 God.
1361 5224 1506 5289 diplomat,
1517 5225 1535 5283 l,
1546 5225 1604 5284 320,
1615 5241 1642 5276 n.
1653 5225 1695 5279 to.

1962 4704 1965 4825 1
