<?xml version="1.0" encoding="UTF-8"?>
<!DOCTYPE html PUBLIC "-//W3C//DTD XHTML 1.0 Transitional//EN"
    "http://www.w3.org/TR/xhtml1/DTD/xhtml1-transitional.dtd">
<html xmlns="http://www.w3.org/1999/xhtml" xml:lang="en" lang="en">
 <head>
  <title>
</title>
<meta http-equiv="Content-Type" content="text/html;charset=utf-8" />
  <meta name='ocr-system' content='tesseract 3.04.00' />
  <meta name='ocr-capabilities' content='ocr_page ocr_carea ocr_par ocr_line ocrx_word'/>
</head>
<body>
  <div class='ocr_page' id='page_1' title='image "./mediiaevibiblio00bottgoog_0356.png"; bbox 0 0 3900 6202; ppageno 0'>
   <div class='ocr_carea' id='block_1_1' title="bbox 127 280 184 344">
    <p class='ocr_par' dir='ltr' id='par_1_1' title="bbox 127 280 184 344">
     <span class='ocr_line' id='line_1_1' title="bbox 127 280 184 344; baseline 0 0"><span class='ocrx_word' id='word_1_1' title='bbox 127 280 184 344; x_wconf 76' lang='lat'><strong>229</strong></span> 
     </span>
    </p>
   </div>
   <div class='ocr_carea' id='block_1_2' title="bbox 120 433 918 710">
    <p class='ocr_par' dir='ltr' id='par_1_2' title="bbox 120 433 918 710">
     <span class='ocr_line' id='line_1_2' title="bbox 121 433 916 521; baseline -0.006 -18"><span class='ocrx_word' id='word_1_2' title='bbox 121 439 156 503; x_wconf 85' lang='lat' dir='ltr'><strong>et</strong></span> <span class='ocrx_word' id='word_1_3' title='bbox 172 434 347 517; x_wconf 78' lang='lat' dir='ltr'><strong>prasentia</strong></span> <span class='ocrx_word' id='word_1_4' title='bbox 374 433 491 514; x_wconf 82' lang='lat' dir='ltr'><strong>scripti</strong></span> <span class='ocrx_word' id='word_1_5' title='bbox 519 434 706 512; x_wconf 89' lang='lat' dir='ltr'><strong>patrocinio</strong></span> <span class='ocrx_word' id='word_1_6' title='bbox 727 437 916 521; x_wconf 86' lang='lat' dir='ltr'><strong>communi-</strong></span> 
     </span>
     <span class='ocr_line' id='line_1_3' title="bbox 121 531 918 609; baseline -0.001 -11"><span class='ocrx_word' id='word_1_7' title='bbox 121 550 204 598; x_wconf 88' lang='lat' dir='ltr'><strong>mus.</strong></span> <span class='ocrx_word' id='word_1_8' title='bbox 232 532 323 594; x_wconf 85' lang='lat' dir='ltr'>Nulli</span> <span class='ocrx_word' id='word_1_9' title='bbox 350 545 431 609; x_wconf 80' lang='lat' dir='ltr'><strong>ergo</strong></span> <span class='ocrx_word' id='word_1_10' title='bbox 455 531 590 595; x_wconf 90' lang='lat' dir='ltr'><strong>omnino</strong></span> <span class='ocrx_word' id='word_1_11' title='bbox 615 531 787 594; x_wconf 90' lang='lat' dir='ltr'><strong>bominum</strong></span> <span class='ocrx_word' id='word_1_12' title='bbox 817 534 918 597; x_wconf 88' lang='lat' dir='ltr'><strong>liceat</strong></span> 
     </span>
     <span class='ocr_line' id='line_1_4' title="bbox 120 628 918 710; baseline -0.001 -16"><span class='ocrx_word' id='word_1_13' title='bbox 120 634 207 694; x_wconf 88' lang='lat' dir='ltr'><strong>banc</strong></span> <span class='ocrx_word' id='word_1_14' title='bbox 219 630 376 710; x_wconf 82' lang='lat' dir='ltr'><strong>paginam</strong></span> <span class='ocrx_word' id='word_1_15' title='bbox 390 628 512 691; x_wconf 82' lang='lat' dir='ltr'><strong>nostrae</strong></span> <span class='ocrx_word' id='word_1_16' title='bbox 527 630 789 692; x_wconf 82' lang='lat' dir='ltr'><strong>confirmationis</strong></span> <span class='ocrx_word' id='word_1_17' title='bbox 801 631 918 693; x_wconf 83' lang='lat' dir='ltr'><strong>inirin-</strong></span> 
     </span>
    </p>
   </div>
   <div class='ocr_carea' id='block_1_3' title="bbox 3 726 918 1188">
    <p class='ocr_par' dir='ltr' id='par_1_3' title="bbox 3 726 918 1188">
     <span class='ocr_line' id='line_1_5' title="bbox 3 726 917 821; baseline 0 -30"><span class='ocrx_word' id='word_1_18' title='bbox 3 766 5 821; x_wconf 50' lang='lat' dir='ltr'><strong>p</strong></span> <span class='ocrx_word' id='word_1_19' title='bbox 118 744 205 807; x_wconf 72' lang='lat' dir='ltr'><strong>gere,</strong></span> <span class='ocrx_word' id='word_1_20' title='bbox 233 728 288 789; x_wconf 79' lang='lat' dir='ltr'><strong>uel</strong></span> <span class='ocrx_word' id='word_1_21' title='bbox 309 726 341 789; x_wconf 88' lang='lat' dir='ltr'><strong>ei</strong></span> <span class='ocrx_word' id='word_1_22' title='bbox 367 743 452 788; x_wconf 89' lang='lat' dir='ltr'><strong>ausu</strong></span> <span class='ocrx_word' id='word_1_23' title='bbox 477 727 656 789; x_wconf 90' lang='lat' dir='ltr'><strong>temerario</strong></span> <span class='ocrx_word' id='word_1_24' title='bbox 678 729 857 791; x_wconf 90' lang='lat' dir='ltr'><strong>contraire.</strong></span> <span class='ocrx_word' id='word_1_25' title='bbox 881 728 917 790; x_wconf 92' lang='lat' dir='ltr'><strong>Si</strong></span> 
     </span>
     <span class='ocr_line' id='line_1_6' title="bbox 3 825 918 909; baseline 0.002 -21"><span class='ocrx_word' id='word_1_26' title='bbox 3 856 4 909; x_wconf 69' lang='lat'><em>3</em></span> <span class='ocrx_word' id='word_1_27' title='bbox 119 828 191 906; x_wconf 81' lang='lat' dir='ltr'><strong>puis</strong></span> <span class='ocrx_word' id='word_1_28' title='bbox 205 826 319 889; x_wconf 91' lang='lat' dir='ltr'><strong>antem</strong></span> <span class='ocrx_word' id='word_1_29' title='bbox 329 825 393 887; x_wconf 93' lang='lat' dir='ltr'><strong>boc</strong></span> <span class='ocrx_word' id='word_1_30' title='bbox 411 826 576 887; x_wconf 88' lang='lat' dir='ltr'><strong>attentare</strong></span> <span class='ocrx_word' id='word_1_31' title='bbox 587 826 848 905; x_wconf 76' lang='lat' dir='ltr'><strong>praesumpserit,</strong></span> <span class='ocrx_word' id='word_1_32' title='bbox 863 827 918 889; x_wconf 90' lang='lat' dir='ltr'><strong>in-</strong></span> 
     </span>
     <span class='ocr_line' id='line_1_7' title="bbox 3 922 917 1002; baseline -0.005 -11"><span class='ocrx_word' id='word_1_33' title='bbox 3 922 5 991; x_wconf 79' lang='grc' dir='ltr'>ἷ</span> <span class='ocrx_word' id='word_1_34' title='bbox 118 924 344 1002; x_wconf 74' lang='lat' dir='ltr'><strong>dignationem</strong></span> <span class='ocrx_word' id='word_1_35' title='bbox 364 922 598 1001; x_wconf 84' lang='lat' dir='ltr'><strong>omnipotentis</strong></span> <span class='ocrx_word' id='word_1_36' title='bbox 620 924 680 986; x_wconf 87' lang='lat' dir='ltr'><strong>Dei</strong></span> <span class='ocrx_word' id='word_1_37' title='bbox 699 923 732 985; x_wconf 90' lang='lat' dir='ltr'><strong>et</strong></span> <span class='ocrx_word' id='word_1_38' title='bbox 745 924 917 987; x_wconf 89' lang='lat' dir='ltr'><strong>beatorum</strong></span> 
     </span>
     <span class='ocr_line' id='line_1_8' title="bbox 3 1020 918 1099; baseline 0 -14"><span class='ocrx_word' id='word_1_39' title='bbox 3 1020 5 1095; x_wconf 75' lang='grc' dir='ltr'>ζ</span> <span class='ocrx_word' id='word_1_40' title='bbox 119 1023 207 1085; x_wconf 88' lang='lat' dir='ltr'><strong>Petri</strong></span> <span class='ocrx_word' id='word_1_41' title='bbox 222 1023 257 1084; x_wconf 90' lang='lat' dir='ltr'><strong>et</strong></span> <span class='ocrx_word' id='word_1_42' title='bbox 271 1020 370 1084; x_wconf 88' lang='lat' dir='ltr'><strong>Pauli</strong></span> <span class='ocrx_word' id='word_1_43' title='bbox 388 1020 613 1099; x_wconf 87' lang='lat' dir='ltr'><strong>apostolorum</strong></span> <span class='ocrx_word' id='word_1_44' title='bbox 633 1023 706 1099; x_wconf 87' lang='lat' dir='ltr'><strong>ejus</strong></span> <span class='ocrx_word' id='word_1_45' title='bbox 727 1037 764 1084; x_wconf 90' lang='lat' dir='ltr'><strong>se</strong></span> <span class='ocrx_word' id='word_1_46' title='bbox 786 1022 918 1086; x_wconf 82' lang='lat' dir='ltr'><strong>noverit</strong></span> 
     </span>
     <span class='ocr_line' id='line_1_9' title="bbox 3 1118 917 1188; baseline -0.001 -5"><span class='ocrx_word' id='word_1_47' title='bbox 3 1120 5 1175; x_wconf 74' lang='lat' dir='ltr'><strong>l</strong></span> <span class='ocrx_word' id='word_1_48' title='bbox 118 1122 345 1183; x_wconf 83' lang='lat' dir='ltr'><strong>incursurum</strong></span> <span class='ocrx_word' id='word_1_49' title='bbox 365 1119 486 1182; x_wconf 88' lang='lat' dir='ltr'><strong>Datum</strong></span> <span class='ocrx_word' id='word_1_50' title='bbox 510 1119 680 1188; x_wconf 81' lang='lat' dir='ltr'><strong>Laterani,</strong></span> <span class='ocrx_word' id='word_1_51' title='bbox 702 1120 733 1182; x_wconf 91' lang='lat' dir='ltr'><strong>Il</strong></span> <span class='ocrx_word' id='word_1_52' title='bbox 755 1118 917 1182; x_wconf 77' lang='lat' dir='ltr'><strong>kalendas</strong></span> 
     </span>
    </p>
   </div>
   <div class='ocr_carea' id='block_1_4' title="bbox 118 1217 871 1297">
    <p class='ocr_par' dir='ltr' id='par_1_4' title="bbox 3 1194 871 1323">
     <span class='ocr_line' id='line_1_10' title="bbox 118 1217 871 1297; baseline 0.005 -20.47"><span class='ocrx_word' id='word_1_53' title='bbox 118 1217 291 1292; x_wconf 76' lang='lat' dir='ltr'><strong>februarii,</strong></span> <span class='ocrx_word' id='word_1_54' title='bbox 302 1217 515 1297; x_wconf 82' lang='lat' dir='ltr'><strong>pontificatus</strong></span> <span class='ocrx_word' id='word_1_55' title='bbox 526 1217 634 1279; x_wconf 81' lang='lat' dir='ltr'><strong>nostri</strong></span> <span class='ocrx_word' id='word_1_56' title='bbox 649 1232 738 1280; x_wconf 86' lang='lat' dir='ltr'><strong>anno</strong></span> <span class='ocrx_word' id='word_1_57' title='bbox 751 1218 871 1297; x_wconf 86' lang='lat' dir='ltr'><strong>primo.</strong></span> 
     </span>
    </p>
   </div>
   <div class='ocr_carea' id='block_1_5' title="bbox 396 1447 643 1537">
    <p class='ocr_par' dir='ltr' id='par_1_5' title="bbox 396 1447 643 1537">
     <span class='ocr_line' id='line_1_11' title="bbox 396 1447 643 1537; baseline 0.004 -1"><span class='ocrx_word' id='word_1_58' title='bbox 396 1447 643 1537; x_wconf 83' lang='lat' dir='ltr'>CLXXXVII</span> 
     </span>
    </p>
   </div>
   <div class='ocr_carea' id='block_1_6' title="bbox 179 1719 852 1798">
    <p class='ocr_par' dir='ltr' id='par_1_6' title="bbox 179 1719 852 1798">
     <span class='ocr_line' id='line_1_12' title="bbox 179 1719 852 1798; baseline -0.003 -15"><span class='ocrx_word' id='word_1_59' title='bbox 179 1719 235 1783; x_wconf 72' lang='lat' dir='ltr'><strong>Ad</strong></span> <span class='ocrx_word' id='word_1_60' title='bbox 257 1720 515 1782; x_wconf 81' lang='lat' dir='ltr'><strong>Weldemcrum</strong></span> <span class='ocrx_word' id='word_1_61' title='bbox 528 1734 648 1798; x_wconf 74' lang='lat' dir='ltr'><strong>recem</strong></span> <span class='ocrx_word' id='word_1_62' title='bbox 660 1722 852 1783; x_wconf 66' lang='lat' dir='ltr'><strong>unwani.</strong></span> 
     </span>
    </p>
   </div>
   <div class='ocr_carea' id='block_1_7' title="bbox 191 1865 840 2059">
    <p class='ocr_par' dir='ltr' id='par_1_7' title="bbox 191 1865 840 2059">
     <span class='ocr_line' id='line_1_13' title="bbox 411 1865 625 1941; baseline 0.005 -16"><span class='ocrx_word' id='word_1_63' title='bbox 411 1866 444 1926; x_wconf 79' lang='lat' dir='ltr'><strong>el</strong></span> <span class='ocrx_word' id='word_1_64' title='bbox 461 1865 524 1941; x_wconf 82' lang='lat' dir='ltr'><strong>jan.</strong></span> <span class='ocrx_word' id='word_1_65' title='bbox 545 1866 625 1926; x_wconf 76' lang='lat' dir='ltr'><strong>lali.</strong></span> 
     </span>
     <span class='ocr_line' id='line_1_14' title="bbox 191 1984 840 2059; baseline -0.006 -14"><span class='ocrx_word' id='word_1_66' title='bbox 191 1984 298 2056; x_wconf 68' lang='lat' dir='ltr'><strong>[Saba.</strong></span> <span class='ocrx_word' id='word_1_67' title='bbox 314 1988 426 2044; x_wconf 79' lang='lat' dir='ltr'><strong>Historia</strong></span> <span class='ocrx_word' id='word_1_68' title='bbox 439 1988 466 2042; x_wconf 77' lang='lat' dir='ltr'><strong>et</strong></span> <span class='ocrx_word' id='word_1_69' title='bbox 478 1989 633 2053; x_wconf 70' lang='lat' dir='ltr'><strong>benammi,</strong></span> <span class='ocrx_word' id='word_1_70' title='bbox 646 1995 665 2042; x_wconf 78' lang='lat' dir='ltr'><strong>t</strong></span> <span class='ocrx_word' id='word_1_71' title='bbox 678 1992 723 2053; x_wconf 82' lang='lat' dir='ltr'><strong>lx,</strong></span> <span class='ocrx_word' id='word_1_72' title='bbox 735 2005 761 2058; x_wconf 93' lang='lat' dir='ltr'><strong>p.</strong></span> <span class='ocrx_word' id='word_1_73' title='bbox 773 1990 840 2059; x_wconf 77' lang='grc' dir='ltr'><strong>71η.</strong></span> 
     </span>
    </p>
   </div>
   <div class='ocr_carea' id='block_1_8' title="bbox 119 2154 921 2587">
    <p class='ocr_par' dir='ltr' id='par_1_8' title="bbox 119 2154 921 2587">
     <span class='ocr_line' id='line_1_15' title="bbox 119 2154 920 2233; baseline 0.005 -20"><span class='ocrx_word' id='word_1_74' title='bbox 119 2154 217 2214; x_wconf 86' lang='lat' dir='ltr'><strong>Scribit</strong></span> <span class='ocrx_word' id='word_1_75' title='bbox 246 2171 284 2215; x_wconf 88' lang='lat' dir='ltr'><strong>ee</strong></span> <span class='ocrx_word' id='word_1_76' title='bbox 311 2157 484 2216; x_wconf 75' lang='lat' dir='ltr'><strong>confirmare</strong></span> <span class='ocrx_word' id='word_1_77' title='bbox 512 2158 650 2233; x_wconf 78' lang='lat' dir='ltr'><strong>quidquid</strong></span> <span class='ocrx_word' id='word_1_78' title='bbox 682 2158 843 2219; x_wconf 77' lang='lat' dir='ltr'><strong>Fridcricus</strong></span> <span class='ocrx_word' id='word_1_79' title='bbox 869 2173 920 2217; x_wconf 85' lang='lat' dir='ltr'><strong>rex</strong></span> 
     </span>
     <span class='ocr_line' id='line_1_16' title="bbox 152 2245 920 2321; baseline 0.004 -18"><span class='ocrx_word' id='word_1_80' title='bbox 152 2245 308 2314; x_wconf 78' lang='lat' dir='ltr'><strong>Siciliee,in</strong></span> <span class='ocrx_word' id='word_1_81' title='bbox 324 2247 517 2306; x_wconf 84' lang='lat' dir='ltr'><strong>Romanorum</strong></span> <span class='ocrx_word' id='word_1_82' title='bbox 531 2249 733 2321; x_wconf 77' lang='lat' dir='ltr'><strong>imperatorem</strong></span> <span class='ocrx_word' id='word_1_83' title='bbox 748 2250 869 2320; x_wconf 87' lang='lat' dir='ltr'><strong>electus,</strong></span> <span class='ocrx_word' id='word_1_84' title='bbox 883 2248 920 2306; x_wconf 90' lang='lat' dir='ltr'><strong>de</strong></span> 
     </span>
     <span class='ocr_line' id='line_1_17' title="bbox 150 2336 921 2410; baseline 0.005 -19"><span class='ocrx_word' id='word_1_85' title='bbox 150 2348 276 2392; x_wconf 74' lang='lat' dir='ltr'><strong>asmneu</strong></span> <span class='ocrx_word' id='word_1_86' title='bbox 297 2336 458 2410; x_wconf 80' lang='lat' dir='ltr'><strong>principum</strong></span> <span class='ocrx_word' id='word_1_87' title='bbox 478 2351 613 2410; x_wconf 87' lang='lat' dir='ltr'><strong>propace</strong></span> <span class='ocrx_word' id='word_1_88' title='bbox 625 2345 654 2395; x_wconf 90' lang='lat' dir='ltr'><strong>et</strong></span> <span class='ocrx_word' id='word_1_89' title='bbox 674 2337 826 2396; x_wconf 89' lang='lat' dir='ltr'><strong>concordia</strong></span> <span class='ocrx_word' id='word_1_90' title='bbox 846 2339 921 2396; x_wconf 83' lang='lat' dir='ltr'><strong>inter</strong></span> 
     </span>
     <span class='ocr_line' id='line_1_18' title="bbox 148 2423 917 2498; baseline 0.008 -19"><span class='ocrx_word' id='word_1_91' title='bbox 148 2423 308 2497; x_wconf 86' lang='lat' dir='ltr'><strong>imperium</strong></span> <span class='ocrx_word' id='word_1_92' title='bbox 323 2433 353 2482; x_wconf 87' lang='lat' dir='ltr'><strong>et</strong></span> <span class='ocrx_word' id='word_1_93' title='bbox 364 2440 486 2498; x_wconf 77' lang='lat' dir='ltr'><strong>regnum</strong></span> <span class='ocrx_word' id='word_1_94' title='bbox 501 2427 597 2484; x_wconf 81' lang='lat' dir='ltr'><strong>Dacia</strong></span> <span class='ocrx_word' id='word_1_95' title='bbox 609 2424 788 2485; x_wconf 80' lang='lat' dir='ltr'><strong>observanda</strong></span> <span class='ocrx_word' id='word_1_96' title='bbox 806 2436 836 2485; x_wconf 84' lang='lat' dir='ltr'><strong>et</strong></span> <span class='ocrx_word' id='word_1_97' title='bbox 850 2426 917 2485; x_wconf 82' lang='lat' dir='ltr'><strong>boe·</strong></span> 
     </span>
     <span class='ocr_line' id='line_1_19' title="bbox 151 2511 663 2587; baseline 0.006 -17"><span class='ocrx_word' id='word_1_98' title='bbox 151 2511 224 2571; x_wconf 83' lang='lat' dir='ltr'><strong>tibus</strong></span> <span class='ocrx_word' id='word_1_99' title='bbox 240 2514 359 2587; x_wconf 87' lang='lat' dir='ltr'><strong>imperii</strong></span> <span class='ocrx_word' id='word_1_100' title='bbox 371 2514 539 2572; x_wconf 82' lang='lat' dir='ltr'><strong>coercendis</strong></span> <span class='ocrx_word' id='word_1_101' title='bbox 554 2514 663 2575; x_wconf 86' lang='lat' dir='ltr'><strong>lecerit.</strong></span> 
     </span>
    </p>
   </div>
   <div class='ocr_carea' id='block_1_9' title="bbox 154 2689 922 2770">
    <p class='ocr_par' dir='ltr' id='par_1_9' title="bbox 154 2689 922 2770">
     <span class='ocr_line' id='line_1_20' title="bbox 154 2689 922 2770; baseline 0.004 -18"><span class='ocrx_word' id='word_1_102' title='bbox 154 2689 262 2754; x_wconf 83' lang='lat' dir='ltr'><strong>iustis</strong></span> <span class='ocrx_word' id='word_1_103' title='bbox 293 2691 477 2770; x_wconf 87' lang='lat' dir='ltr'><strong>petentium</strong></span> <span class='ocrx_word' id='word_1_104' title='bbox 500 2692 675 2755; x_wconf 79' lang='lat' dir='ltr'><strong>desideriis</strong></span> <span class='ocrx_word' id='word_1_105' title='bbox 705 2692 842 2770; x_wconf 78' lang='lat' dir='ltr'><strong>dignum</strong></span> <span class='ocrx_word' id='word_1_106' title='bbox 870 2693 922 2755; x_wconf 89' lang='lat' dir='ltr'><strong>est</strong></span> 
     </span>
    </p>
   </div>
   <div class='ocr_carea' id='block_1_10' title="bbox 7 2760 923 2969">
    <p class='ocr_par' dir='ltr' id='par_1_10' title="bbox 7 2760 923 2969">
     <span class='ocr_line' id='line_1_21' title="bbox 7 2760 918 2867; baseline 0.002 -16"><span class='ocrx_word' id='word_1_107' title='bbox 7 2760 8 2851; x_wconf 47' lang='lat' dir='ltr'>s</span> <span class='ocrx_word' id='word_1_108' title='bbox 120 2801 175 2848; x_wconf 88' lang='lat' dir='ltr'><strong>nos</strong></span> <span class='ocrx_word' id='word_1_109' title='bbox 198 2787 339 2851; x_wconf 88' lang='lat' dir='ltr'><strong>lacilem</strong></span> <span class='ocrx_word' id='word_1_110' title='bbox 358 2789 507 2867; x_wconf 81' lang='lat' dir='ltr'><strong>praehcre</strong></span> <span class='ocrx_word' id='word_1_111' title='bbox 535 2806 745 2864; x_wconf 86' lang='lat' dir='ltr'><strong>consensum,</strong></span> <span class='ocrx_word' id='word_1_112' title='bbox 770 2790 804 2853; x_wconf 91' lang='lat' dir='ltr'><strong>et</strong></span> <span class='ocrx_word' id='word_1_113' title='bbox 829 2790 918 2862; x_wconf 78' lang='lat' dir='ltr'><strong>rote,</strong></span> 
     </span>
     <span class='ocr_line' id='line_1_22' title="bbox 7 2886 923 2969; baseline 0.001 -20"><span class='ocrx_word' id='word_1_114' title='bbox 7 2938 9 2969; x_wconf 32' lang='lat'>1</span> <span class='ocrx_word' id='word_1_115' title='bbox 120 2901 188 2964; x_wconf 79' lang='lat' dir='ltr'><strong>‹pnae</strong></span> <span class='ocrx_word' id='word_1_116' title='bbox 201 2903 224 2950; x_wconf 87' lang='lat' dir='ltr'><strong>a</strong></span> <span class='ocrx_word' id='word_1_117' title='bbox 239 2886 386 2949; x_wconf 85' lang='lat' dir='ltr'><strong>rationis</strong></span> <span class='ocrx_word' id='word_1_118' title='bbox 400 2888 533 2952; x_wconf 84' lang='lat' dir='ltr'><strong>tramite</strong></span> <span class='ocrx_word' id='word_1_119' title='bbox 556 2905 625 2952; x_wconf 90' lang='lat' dir='ltr'><strong>non</strong></span> <span class='ocrx_word' id='word_1_120' title='bbox 648 2888 850 2962; x_wconf 87' lang='lat' dir='ltr'><strong>discordant,</strong></span> <span class='ocrx_word' id='word_1_121' title='bbox 871 2888 923 2951; x_wconf 89' lang='lat' dir='ltr'><strong>el·</strong></span> 
     </span>
    </p>
   </div>
   <div class='ocr_carea' id='block_1_11' title="bbox 120 2982 922 3065">
    <p class='ocr_par' dir='ltr' id='par_1_11' title="bbox 120 2982 922 3065">
     <span class='ocr_line' id='line_1_23' title="bbox 120 2982 922 3065; baseline 0.002 -19"><span class='ocrx_word' id='word_1_122' title='bbox 120 2982 202 3046; x_wconf 82' lang='lat' dir='ltr'><strong>lectu</strong></span> <span class='ocrx_word' id='word_1_123' title='bbox 220 2987 451 3064; x_wconf 81' lang='lat' dir='ltr'><strong>prosequente</strong></span> <span class='ocrx_word' id='word_1_124' title='bbox 462 2987 640 3065; x_wconf 85' lang='lat' dir='ltr'><strong>complere.</strong></span> <span class='ocrx_word' id='word_1_125' title='bbox 657 2990 737 3049; x_wconf 89' lang='lat' dir='ltr'><strong>Cum</strong></span> <span class='ocrx_word' id='word_1_126' title='bbox 753 2987 856 3065; x_wconf 82' lang='lat' dir='ltr'><strong>igitur</strong></span> <span class='ocrx_word' id='word_1_127' title='bbox 870 3002 922 3048; x_wconf 85' lang='lat' dir='ltr'><strong>ea·</strong></span> 
     </span>
    </p>
   </div>
   <div class='ocr_carea' id='block_1_12' title="bbox 8 3081 922 3360">
    <p class='ocr_par' dir='ltr' id='par_1_12' title="bbox 8 3081 922 3360">
     <span class='ocr_line' id='line_1_24' title="bbox 8 3081 919 3156; baseline 0.002 -12"><span class='ocrx_word' id='word_1_128' title='bbox 8 3124 9 3155; x_wconf 55' lang='lat'><em>3</em></span> <span class='ocrx_word' id='word_1_129' title='bbox 121 3081 276 3145; x_wconf 69' lang='lat' dir='ltr'><strong>muman</strong></span> <span class='ocrx_word' id='word_1_130' title='bbox 289 3083 328 3145; x_wconf 94' lang='lat' dir='ltr'><strong>in</strong></span> <span class='ocrx_word' id='word_1_131' title='bbox 340 3083 472 3147; x_wconf 81' lang='lat' dir='ltr'><strong>christo</strong></span> <span class='ocrx_word' id='word_1_132' title='bbox 487 3084 577 3147; x_wconf 87' lang='lat' dir='ltr'><strong>tilius</strong></span> <span class='ocrx_word' id='word_1_133' title='bbox 592 3086 707 3148; x_wconf 88' lang='lat' dir='ltr'><strong>noster</strong></span> <span class='ocrx_word' id='word_1_134' title='bbox 717 3085 919 3156; x_wconf 75' lang='lat' dir='ltr'><strong>l&#39;ridericus,</strong></span> 
     </span>
     <span class='ocr_line' id='line_1_25' title="bbox 9 3176 922 3261; baseline 0.005 -20"><span class='ocrx_word' id='word_1_135' title='bbox 9 3176 10 3241; x_wconf 73' lang='grc' dir='ltr'><strong>ἱ</strong></span> <span class='ocrx_word' id='word_1_136' title='bbox 122 3194 178 3242; x_wconf 82' lang='lat' dir='ltr'><strong>rex</strong></span> <span class='ocrx_word' id='word_1_137' title='bbox 205 3180 350 3255; x_wconf 78' lang='lat' dir='ltr'><strong>sicilia,</strong></span> <span class='ocrx_word' id='word_1_138' title='bbox 375 3182 412 3244; x_wconf 92' lang='lat' dir='ltr'><strong>in</strong></span> <span class='ocrx_word' id='word_1_139' title='bbox 436 3184 661 3246; x_wconf 86' lang='lat' dir='ltr'><strong>Romanorum</strong></span> <span class='ocrx_word' id='word_1_140' title='bbox 686 3182 922 3261; x_wconf 83' lang='lat' dir='ltr'><strong>imperatorem</strong></span> 
     </span>
     <span class='ocr_line' id='line_1_26' title="bbox 9 3276 922 3360; baseline 0.009 -23"><span class='ocrx_word' id='word_1_141' title='bbox 9 3296 10 3319; x_wconf 66' lang='lat'>2</span> <span class='ocrx_word' id='word_1_142' title='bbox 122 3276 259 3352; x_wconf 84' lang='lat' dir='ltr'><strong>electus,</strong></span> <span class='ocrx_word' id='word_1_143' title='bbox 278 3279 922 3360; x_wconf 86' lang='lat' dir='ltr'><strong>daasssaneuprincipumpropaoeac</strong></span> 
     </span>
    </p>
   </div>
   <div class='ocr_carea' id='block_1_13' title="bbox 121 3376 924 3554">
    <p class='ocr_par' dir='ltr' id='par_1_13' title="bbox 121 3376 924 3554">
     <span class='ocr_line' id='line_1_27' title="bbox 121 3376 922 3455; baseline 0.005 -18"><span class='ocrx_word' id='word_1_144' title='bbox 121 3376 303 3439; x_wconf 89' lang='lat' dir='ltr'><strong>concordia</strong></span> <span class='ocrx_word' id='word_1_145' title='bbox 317 3376 406 3439; x_wconf 86' lang='lat' dir='ltr'><strong>inter</strong></span> <span class='ocrx_word' id='word_1_146' title='bbox 416 3377 592 3455; x_wconf 89' lang='lat' dir='ltr'><strong>imperium</strong></span> <span class='ocrx_word' id='word_1_147' title='bbox 609 3378 644 3442; x_wconf 88' lang='lat' dir='ltr'><strong>et</strong></span> <span class='ocrx_word' id='word_1_148' title='bbox 656 3395 796 3455; x_wconf 76' lang='lat' dir='ltr'><strong>regnum</strong></span> <span class='ocrx_word' id='word_1_149' title='bbox 811 3379 922 3441; x_wconf 81' lang='lat' dir='ltr'><strong>Daciae</strong></span> 
     </span>
     <span class='ocr_line' id='line_1_28' title="bbox 124 3471 924 3554; baseline 0.008 -21"><span class='ocrx_word' id='word_1_150' title='bbox 124 3471 365 3536; x_wconf 79' lang='lat' dir='ltr'><strong>mriolabiliter</strong></span> <span class='ocrx_word' id='word_1_151' title='bbox 379 3474 595 3550; x_wconf 84' lang='lat' dir='ltr'><strong>observanda,</strong></span> <span class='ocrx_word' id='word_1_152' title='bbox 607 3476 640 3539; x_wconf 89' lang='lat' dir='ltr'><strong>et</strong></span> <span class='ocrx_word' id='word_1_153' title='bbox 651 3475 802 3539; x_wconf 86' lang='lat' dir='ltr'><strong>hostibus</strong></span> <span class='ocrx_word' id='word_1_154' title='bbox 816 3478 924 3554; x_wconf 91' lang='lat' dir='ltr'><strong>impe-</strong></span> 
     </span>
    </p>
   </div>
   <div class='ocr_carea' id='block_1_14' title="bbox 7 3570 921 3749">
    <p class='ocr_par' dir='ltr' id='par_1_14' title="bbox 7 3570 921 3749">
     <span class='ocr_line' id='line_1_29' title="bbox 8 3570 921 3646; baseline 0.002 -11"><span class='ocrx_word' id='word_1_155' title='bbox 8 3594 9 3635; x_wconf 72' lang='grc'><strong>1</strong></span> <span class='ocrx_word' id='word_1_156' title='bbox 123 3570 385 3646; x_wconf 85' lang='lat' dir='ltr'><strong>riicoarcendis‚</strong></span> <span class='ocrx_word' id='word_1_157' title='bbox 406 3589 521 3636; x_wconf 85' lang='lat' dir='ltr'><strong>omnes</strong></span> <span class='ocrx_word' id='word_1_158' title='bbox 537 3574 704 3637; x_wconf 88' lang='lat' dir='ltr'><strong>terminos</strong></span> <span class='ocrx_word' id='word_1_159' title='bbox 716 3575 921 3637; x_wconf 74' lang='grc'><strong>1111111111-</strong></span> 
     </span>
     <span class='ocr_line' id='line_1_30' title="bbox 7 3669 920 3749; baseline 0.007 -21"><span class='ocrx_word' id='word_1_160' title='bbox 7 3694 8 3739; x_wconf 78' lang='grc'><strong>;</strong></span> <span class='ocrx_word' id='word_1_161' title='bbox 123 3683 194 3730; x_wconf 87' lang='lat' dir='ltr'><strong>nam</strong></span> <span class='ocrx_word' id='word_1_162' title='bbox 225 3669 264 3732; x_wconf 89' lang='lat' dir='ltr'><strong>et</strong></span> <span class='ocrx_word' id='word_1_163' title='bbox 299 3669 431 3733; x_wconf 86' lang='lat' dir='ltr'><strong>Albiam</strong></span> <span class='ocrx_word' id='word_1_164' title='bbox 465 3671 642 3749; x_wconf 90' lang='lat' dir='ltr'><strong>imperium</strong></span> <span class='ocrx_word' id='word_1_165' title='bbox 675 3673 920 3749; x_wconf 76' lang='lat' dir='ltr'><strong>contingentes,</strong></span> 
     </span>
    </p>
   </div>
   <div class='ocr_carea' id='block_1_15' title="bbox 121 3766 924 3842">
    <p class='ocr_par' dir='ltr' id='par_1_15' title="bbox 121 3766 924 3842">
     <span class='ocr_line' id='line_1_31' title="bbox 121 3766 924 3842; baseline 0.005 -15"><span class='ocrx_word' id='word_1_166' title='bbox 121 3779 198 3842; x_wconf 73' lang='lat' dir='ltr'><strong>quos</strong></span> <span class='ocrx_word' id='word_1_167' title='bbox 213 3766 345 3830; x_wconf 74' lang='lat' dir='ltr'><strong>inclitae</strong></span> <span class='ocrx_word' id='word_1_168' title='bbox 357 3768 598 3831; x_wconf 87' lang='lat' dir='ltr'><strong>recordationis</strong></span> <span class='ocrx_word' id='word_1_169' title='bbox 614 3769 767 3831; x_wconf 89' lang='lat' dir='ltr'><strong>Kanutus</strong></span> <span class='ocrx_word' id='word_1_170' title='bbox 780 3786 841 3831; x_wconf 82' lang='lat' dir='ltr'><strong>rex</strong></span> <span class='ocrx_word' id='word_1_171' title='bbox 853 3769 924 3831; x_wconf 85' lang='lat' dir='ltr'><strong>ira·</strong></span> 
     </span>
    </p>
   </div>
   <div class='ocr_carea' id='block_1_16' title="bbox 4 3862 868 3944">
    <p class='ocr_par' dir='ltr' id='par_1_16' title="bbox 4 3862 868 3944">
     <span class='ocr_line' id='line_1_32' title="bbox 4 3862 868 3944; baseline 0.002 -17"><span class='ocrx_word' id='word_1_172' title='bbox 4 3894 8 3927; x_wconf 75' lang='grc'><strong>,·</strong></span> <span class='ocrx_word' id='word_1_173' title='bbox 123 3862 171 3923; x_wconf 90' lang='lat' dir='ltr'><strong>tor</strong></span> <span class='ocrx_word' id='word_1_174' title='bbox 183 3865 276 3938; x_wconf 88' lang='lat' dir='ltr'><strong>tuus,</strong></span> <span class='ocrx_word' id='word_1_175' title='bbox 299 3865 498 3944; x_wconf 84' lang='lat' dir='ltr'><strong>provocatus</strong></span> <span class='ocrx_word' id='word_1_176' title='bbox 523 3864 669 3944; x_wconf 85' lang='lat' dir='ltr'><strong>injuriis,</strong></span> <span class='ocrx_word' id='word_1_177' title='bbox 685 3867 719 3930; x_wconf 86' lang='lat' dir='ltr'><strong>et</strong></span> <span class='ocrx_word' id='word_1_178' title='bbox 736 3867 774 3930; x_wconf 86' lang='lat' dir='ltr'><strong>tu</strong></span> <span class='ocrx_word' id='word_1_179' title='bbox 792 3882 868 3929; x_wconf 92' lang='lat' dir='ltr'><strong>cum</strong></span> 
     </span>
    </p>
   </div>
   <div class='ocr_carea' id='block_1_17' title="bbox 124 3961 924 4433">
    <p class='ocr_par' dir='ltr' id='par_1_17' title="bbox 124 3961 924 4433">
     <span class='ocr_line' id='line_1_33' title="bbox 124 3961 923 4042; baseline 0.004 -19"><span class='ocrx_word' id='word_1_180' title='bbox 124 3961 249 4036; x_wconf 88' lang='lat' dir='ltr'><strong>pariter</strong></span> <span class='ocrx_word' id='word_1_181' title='bbox 266 3961 468 4041; x_wconf 75' lang='lat' dir='ltr'><strong>acquisistis,</strong></span> <span class='ocrx_word' id='word_1_182' title='bbox 478 3963 512 4026; x_wconf 89' lang='lat' dir='ltr'><strong>et</strong></span> <span class='ocrx_word' id='word_1_183' title='bbox 523 3964 682 4042; x_wconf 81' lang='lat' dir='ltr'><strong>quidquid</strong></span> <span class='ocrx_word' id='word_1_184' title='bbox 693 3964 818 4027; x_wconf 80' lang='lat' dir='ltr'><strong>slavia</strong></span> <span class='ocrx_word' id='word_1_185' title='bbox 834 3964 923 4027; x_wconf 90' lang='lat' dir='ltr'><strong>idem</strong></span> 
     </span>
     <span class='ocr_line' id='line_1_34' title="bbox 126 4054 921 4140; baseline 0.005 -20"><span class='ocrx_word' id='word_1_186' title='bbox 126 4054 225 4121; x_wconf 81' lang='lat' dir='ltr'><strong>trater</strong></span> <span class='ocrx_word' id='word_1_187' title='bbox 241 4062 321 4121; x_wconf 89' lang='lat' dir='ltr'><strong>tuus</strong></span> <span class='ocrx_word' id='word_1_188' title='bbox 331 4061 560 4139; x_wconf 73' lang='lat' dir='ltr'><strong>comparabam</strong></span> <span class='ocrx_word' id='word_1_189' title='bbox 573 4062 711 4138; x_wconf 87' lang='lat' dir='ltr'><strong>paterno</strong></span> <span class='ocrx_word' id='word_1_190' title='bbox 727 4078 852 4140; x_wconf 85' lang='lat' dir='ltr'><strong>auoque</strong></span> <span class='ocrx_word' id='word_1_191' title='bbox 867 4062 921 4124; x_wconf 91' lang='lat' dir='ltr'><strong>la-</strong></span> 
     </span>
     <span class='ocr_line' id='line_1_35' title="bbox 124 4152 924 4239; baseline 0.004 -22"><span class='ocrx_word' id='word_1_192' title='bbox 124 4152 199 4218; x_wconf 90' lang='lat' dir='ltr'><strong>bore</strong></span> <span class='ocrx_word' id='word_1_193' title='bbox 212 4157 336 4231; x_wconf 89' lang='lat' dir='ltr'><strong>tenuit,</strong></span> <span class='ocrx_word' id='word_1_194' title='bbox 360 4174 465 4235; x_wconf 80' lang='lat' dir='ltr'><strong>regno</strong></span> <span class='ocrx_word' id='word_1_195' title='bbox 490 4159 547 4222; x_wconf 92' lang='lat' dir='ltr'><strong>tuo</strong></span> <span class='ocrx_word' id='word_1_196' title='bbox 571 4158 747 4233; x_wconf 85' lang='lat' dir='ltr'><strong>addiderit,</strong></span> <span class='ocrx_word' id='word_1_197' title='bbox 764 4160 850 4222; x_wconf 91' lang='lat' dir='ltr'><strong>sicut</strong></span> <span class='ocrx_word' id='word_1_198' title='bbox 863 4175 924 4239; x_wconf 88' lang='lat' dir='ltr'><strong>per</strong></span> 
     </span>
     <span class='ocr_line' id='line_1_36' title="bbox 126 4254 922 4336; baseline 0.006 -22"><span class='ocrx_word' id='word_1_199' title='bbox 126 4254 354 4316; x_wconf 86' lang='lat' dir='ltr'><strong>authenticum</strong></span> <span class='ocrx_word' id='word_1_200' title='bbox 372 4255 451 4318; x_wconf 89' lang='lat' dir='ltr'><strong>inde</strong></span> <span class='ocrx_word' id='word_1_201' title='bbox 467 4256 653 4319; x_wconf 87' lang='lat' dir='ltr'><strong>conlectum</strong></span> <span class='ocrx_word' id='word_1_202' title='bbox 675 4257 847 4323; x_wconf 83' lang='lat' dir='ltr'><strong>evidenter</strong></span> <span class='ocrx_word' id='word_1_203' title='bbox 858 4274 922 4336; x_wconf 90' lang='lat' dir='ltr'><strong>ap·</strong></span> 
     </span>
     <span class='ocr_line' id='line_1_37' title="bbox 125 4352 923 4433; baseline 0.005 -21"><span class='ocrx_word' id='word_1_204' title='bbox 125 4352 226 4426; x_wconf 87' lang='lat' dir='ltr'><strong>paret,</strong></span> <span class='ocrx_word' id='word_1_205' title='bbox 252 4368 316 4414; x_wconf 86' lang='lat' dir='ltr'><strong>nos</strong></span> <span class='ocrx_word' id='word_1_206' title='bbox 331 4353 399 4415; x_wconf 90' lang='lat' dir='ltr'><strong>tuis</strong></span> <span class='ocrx_word' id='word_1_207' title='bbox 420 4353 575 4432; x_wconf 89' lang='lat' dir='ltr'><strong>precibus</strong></span> <span class='ocrx_word' id='word_1_208' title='bbox 598 4354 762 4428; x_wconf 87' lang='lat' dir='ltr'><strong>inclinati,</strong></span> <span class='ocrx_word' id='word_1_209' title='bbox 779 4356 866 4433; x_wconf 87' lang='lat' dir='ltr'><strong>quod</strong></span> <span class='ocrx_word' id='word_1_210' title='bbox 881 4354 923 4416; x_wconf 89' lang='lat' dir='ltr'><strong>ab</strong></span> 
     </span>
    </p>
   </div>
   <div class='ocr_carea' id='block_1_18' title="bbox 8 4449 925 4725">
    <p class='ocr_par' dir='ltr' id='par_1_18' title="bbox 8 4449 925 4725">
     <span class='ocr_line' id='line_1_38' title="bbox 9 4449 924 4530; baseline 0.008 -21"><span class='ocrx_word' id='word_1_211' title='bbox 9 4494 16 4521; x_wconf 89' lang='grc'><strong>,</strong></span> <span class='ocrx_word' id='word_1_212' title='bbox 124 4449 239 4511; x_wconf 86' lang='lat' dir='ltr'><strong>eodem</strong></span> <span class='ocrx_word' id='word_1_213' title='bbox 260 4465 341 4527; x_wconf 80' lang='lat' dir='ltr'><strong>rege</strong></span> <span class='ocrx_word' id='word_1_214' title='bbox 362 4451 403 4512; x_wconf 92' lang='lat' dir='ltr'><strong>de</strong></span> <span class='ocrx_word' id='word_1_215' title='bbox 422 4450 563 4514; x_wconf 90' lang='lat' dir='ltr'><strong>consilio</strong></span> <span class='ocrx_word' id='word_1_216' title='bbox 585 4452 783 4530; x_wconf 85' lang='lat' dir='ltr'><strong>principum,</strong></span> <span class='ocrx_word' id='word_1_217' title='bbox 809 4453 843 4515; x_wconf 91' lang='lat' dir='ltr'><strong>et</strong></span> <span class='ocrx_word' id='word_1_218' title='bbox 867 4469 924 4515; x_wconf 90' lang='lat' dir='ltr'><strong>as-</strong></span> 
     </span>
     <span class='ocr_line' id='line_1_39' title="bbox 8 4532 924 4627; baseline 0.009 -23"><span class='ocrx_word' id='word_1_219' title='bbox 8 4532 16 4587; x_wconf 87' lang='lat' dir='ltr'><strong>l</strong></span> <span class='ocrx_word' id='word_1_220' title='bbox 126 4559 225 4608; x_wconf 88' lang='lat' dir='ltr'><strong>sensu</strong></span> <span class='ocrx_word' id='word_1_221' title='bbox 240 4563 303 4625; x_wconf 93' lang='lat' dir='ltr'><strong>pro</strong></span> <span class='ocrx_word' id='word_1_222' title='bbox 316 4547 403 4610; x_wconf 93' lang='lat' dir='ltr'><strong>bono</strong></span> <span class='ocrx_word' id='word_1_223' title='bbox 417 4549 511 4626; x_wconf 83' lang='lat' dir='ltr'><strong>pacis</strong></span> <span class='ocrx_word' id='word_1_224' title='bbox 522 4564 623 4626; x_wconf 89' lang='lat' dir='ltr'><strong>super</strong></span> <span class='ocrx_word' id='word_1_225' title='bbox 635 4549 689 4610; x_wconf 91' lang='lat' dir='ltr'><strong>bis</strong></span> <span class='ocrx_word' id='word_1_226' title='bbox 700 4549 838 4627; x_wconf 84' lang='lat' dir='ltr'><strong>provide</strong></span> <span class='ocrx_word' id='word_1_227' title='bbox 853 4549 924 4612; x_wconf 86' lang='lat' dir='ltr'><strong>lac-</strong></span> 
     </span>
     <span class='ocr_line' id='line_1_40' title="bbox 9 4640 925 4725; baseline 0.01 -24"><span class='ocrx_word' id='word_1_228' title='bbox 9 4716 10 4719; x_wconf 9' lang='lat'><em>*</em></span> <span class='ocrx_word' id='word_1_229' title='bbox 128 4640 193 4703; x_wconf 87' lang='lat' dir='ltr'><strong>tum</strong></span> <span class='ocrx_word' id='word_1_230' title='bbox 203 4646 265 4717; x_wconf 88' lang='lat' dir='ltr'><strong>est,</strong></span> <span class='ocrx_word' id='word_1_231' title='bbox 280 4646 391 4708; x_wconf 90' lang='lat' dir='ltr'><strong>ratum</strong></span> <span class='ocrx_word' id='word_1_232' title='bbox 403 4646 564 4708; x_wconf 88' lang='lat' dir='ltr'><strong>babentes</strong></span> <span class='ocrx_word' id='word_1_233' title='bbox 579 4647 925 4725; x_wconf 71' lang='lat' dir='ltr'><strong>auctoritatedposto-</strong></span> 
     </span>
    </p>
   </div>
   <div class='ocr_carea' id='block_1_19' title="bbox 127 4736 924 5113">
    <p class='ocr_par' dir='ltr' id='par_1_19' title="bbox 127 4736 924 5113">
     <span class='ocr_line' id='line_1_41' title="bbox 127 4736 924 4824; baseline 0.011 -25"><span class='ocrx_word' id='word_1_234' title='bbox 127 4736 188 4801; x_wconf 92' lang='lat' dir='ltr'><strong>lica</strong></span> <span class='ocrx_word' id='word_1_235' title='bbox 227 4743 484 4817; x_wconf 84' lang='lat' dir='ltr'><strong>confirmamus,</strong></span> <span class='ocrx_word' id='word_1_236' title='bbox 523 4744 557 4806; x_wconf 92' lang='lat' dir='ltr'><strong>et</strong></span> <span class='ocrx_word' id='word_1_237' title='bbox 594 4745 769 4822; x_wconf 77' lang='lat' dir='ltr'><strong>praesentis</strong></span> <span class='ocrx_word' id='word_1_238' title='bbox 808 4745 924 4824; x_wconf 88' lang='lat' dir='ltr'><strong>scripti</strong></span> 
     </span>
     <span class='ocr_line' id='line_1_42' title="bbox 128 4838 923 4917; baseline 0.005 -16"><span class='ocrx_word' id='word_1_239' title='bbox 128 4838 310 4912; x_wconf 83' lang='lat' dir='ltr'><strong>patrocinio</strong></span> <span class='ocrx_word' id='word_1_240' title='bbox 325 4842 580 4903; x_wconf 75' lang='lat' dir='ltr'><strong>communimus</strong></span> <span class='ocrx_word' id='word_1_241' title='bbox 592 4841 686 4903; x_wconf 87' lang='lat' dir='ltr'><strong>Nulli</strong></span> <span class='ocrx_word' id='word_1_242' title='bbox 698 4857 778 4917; x_wconf 79' lang='lat' dir='ltr'><strong>ergo</strong></span> <span class='ocrx_word' id='word_1_243' title='bbox 788 4844 923 4905; x_wconf 91' lang='lat' dir='ltr'><strong>omnino</strong></span> 
     </span>
     <span class='ocr_line' id='line_1_43' title="bbox 128 4933 923 5017; baseline 0.008 -21"><span class='ocrx_word' id='word_1_244' title='bbox 128 4933 297 4999; x_wconf 88' lang='lat' dir='ltr'><strong>bominum</strong></span> <span class='ocrx_word' id='word_1_245' title='bbox 314 4938 416 5001; x_wconf 81' lang='lat' dir='ltr'><strong>beent</strong></span> <span class='ocrx_word' id='word_1_246' title='bbox 430 4939 517 5000; x_wconf 88' lang='lat' dir='ltr'><strong>banc</strong></span> <span class='ocrx_word' id='word_1_247' title='bbox 531 4939 687 5017; x_wconf 77' lang='lat' dir='ltr'><strong>paginam</strong></span> <span class='ocrx_word' id='word_1_248' title='bbox 701 4940 825 5001; x_wconf 80' lang='lat' dir='ltr'><strong>nostrae</strong></span> <span class='ocrx_word' id='word_1_249' title='bbox 838 4956 923 5002; x_wconf 91' lang='lat' dir='ltr'><strong>con-</strong></span> 
     </span>
     <span class='ocr_line' id='line_1_44' title="bbox 129 5032 923 5113; baseline 0.01 -19"><span class='ocrx_word' id='word_1_250' title='bbox 129 5032 325 5097; x_wconf 86' lang='lat' dir='ltr'><strong>firmationis</strong></span> <span class='ocrx_word' id='word_1_251' title='bbox 346 5036 542 5113; x_wconf 80' lang='lat' dir='ltr'><strong>intringere,</strong></span> <span class='ocrx_word' id='word_1_252' title='bbox 556 5038 609 5098; x_wconf 86' lang='lat' dir='ltr'><strong>vel</strong></span> <span class='ocrx_word' id='word_1_253' title='bbox 628 5037 661 5099; x_wconf 90' lang='lat' dir='ltr'><strong>ei</strong></span> <span class='ocrx_word' id='word_1_254' title='bbox 675 5053 760 5099; x_wconf 91' lang='lat' dir='ltr'><strong>ausu</strong></span> <span class='ocrx_word' id='word_1_255' title='bbox 774 5038 923 5102; x_wconf 89' lang='lat' dir='ltr'><strong>temera-</strong></span> 
     </span>
    </p>
   </div>
   <div class='ocr_carea' id='block_1_20' title="bbox 752 277 1133 343">
    <p class='ocr_par' dir='ltr' id='par_1_20' title="bbox 752 277 1133 343">
     <span class='ocr_line' id='line_1_45' title="bbox 752 277 1133 343; baseline 0.008 -5"><span class='ocrx_word' id='word_1_256' title='bbox 752 277 982 341; x_wconf 80' lang='lat' dir='ltr'>EPISTOLAEI.</span> <span class='ocrx_word' id='word_1_257' title='bbox 1004 281 1083 342; x_wconf 83' lang='lat' dir='ltr'>LIB.</span> <span class='ocrx_word' id='word_1_258' title='bbox 1107 282 1133 343; x_wconf 89' lang='lat'><strong>1.</strong></span> 
     </span>
    </p>
   </div>
   <div class='ocr_carea' id='block_1_21' title="bbox 1237 453 1502 548">
    <p class='ocr_par' dir='ltr' id='par_1_21' title="bbox 1237 453 1502 548">
     <span class='ocr_line' id='line_1_46' title="bbox 1237 453 1502 548; baseline 0.03 -8"><span class='ocrx_word' id='word_1_259' title='bbox 1237 453 1502 548; x_wconf 83' lang='lat' dir='ltr'>CLXXXVIII</span> 
     </span>
    </p>
   </div>
   <div class='ocr_carea' id='block_1_22' title="bbox 1107 658 1624 874">
    <p class='ocr_par' dir='ltr' id='par_1_22' title="bbox 1107 658 1624 874">
     <span class='ocr_line' id='line_1_47' title="bbox 1107 658 1624 731; baseline 0.025 -15"><span class='ocrx_word' id='word_1_260' title='bbox 1107 659 1160 717; x_wconf 80' lang='lat' dir='ltr'><strong>Ad</strong></span> <span class='ocrx_word' id='word_1_261' title='bbox 1180 658 1368 731; x_wconf 80' lang='lat' dir='ltr'><strong>capitulum</strong></span> <span class='ocrx_word' id='word_1_262' title='bbox 1387 666 1624 729; x_wconf 69' lang='lat' dir='ltr'><strong>arusiensem.</strong></span> 
     </span>
     <span class='ocr_line' id='line_1_48' title="bbox 1262 798 1474 874; baseline 0.028 -17"><span class='ocrx_word' id='word_1_263' title='bbox 1262 798 1295 857; x_wconf 78' lang='lat' dir='ltr'><strong>il</strong></span> <span class='ocrx_word' id='word_1_264' title='bbox 1313 801 1373 874; x_wconf 84' lang='lat' dir='ltr'><strong>jan.</strong></span> <span class='ocrx_word' id='word_1_265' title='bbox 1396 803 1474 863; x_wconf 81' lang='grc'><strong>1117.</strong></span> 
     </span>
    </p>
   </div>
   <div class='ocr_carea' id='block_1_23' title="bbox 938 887 1766 970">
    <p class='ocr_par' dir='ltr' id='par_1_23' title="bbox 938 887 1766 970">
     <span class='ocr_line' id='line_1_49' title="bbox 938 887 1766 970; baseline 0.031 -33"><span class='ocrx_word' id='word_1_266' title='bbox 938 904 939 909; x_wconf 51' lang='grc'><strong>“</strong></span> <span class='ocrx_word' id='word_1_267' title='bbox 971 887 1125 954; x_wconf 51' lang='lat' dir='ltr'><strong>[tangebam</strong></span> <span class='ocrx_word' id='word_1_268' title='bbox 1133 890 1272 959; x_wconf 79' lang='lat' dir='ltr'><strong>Scriptores</strong></span> <span class='ocrx_word' id='word_1_269' title='bbox 1281 910 1364 947; x_wconf 87' lang='lat' dir='ltr'><strong>rernm</strong></span> <span class='ocrx_word' id='word_1_270' title='bbox 1375 900 1529 952; x_wconf 83' lang='lat' dir='ltr'><strong>Danrcarnm</strong></span> <span class='ocrx_word' id='word_1_271' title='bbox 1541 904 1684 968; x_wconf 79' lang='lat' dir='ltr'><strong>meditari,</strong></span> <span class='ocrx_word' id='word_1_272' title='bbox 1694 915 1713 960; x_wconf 85' lang='lat' dir='ltr'><strong>t.</strong></span> <span class='ocrx_word' id='word_1_273' title='bbox 1722 912 1766 970; x_wconf 82' lang='lat' dir='ltr'><strong>Vl,</strong></span> 
     </span>
    </p>
   </div>
   <div class='ocr_carea' id='block_1_24' title="bbox 1317 976 1420 1045">
    <p class='ocr_par' dir='ltr' id='par_1_24' title="bbox 1317 976 1420 1045">
     <span class='ocr_line' id='line_1_50' title="bbox 1317 976 1420 1045; baseline 0 -15"><span class='ocrx_word' id='word_1_274' title='bbox 1317 992 1343 1043; x_wconf 85' lang='lat' dir='ltr'><strong>p.</strong></span> <span class='ocrx_word' id='word_1_275' title='bbox 1354 976 1420 1045; x_wconf 81' lang='lat' dir='ltr'><strong>auJ.</strong></span> 
     </span>
    </p>
   </div>
   <div class='ocr_carea' id='block_1_25' title="bbox 971 1111 1767 1271">
    <p class='ocr_par' dir='ltr' id='par_1_25' title="bbox 971 1111 1767 1271">
     <span class='ocr_line' id='line_1_51' title="bbox 971 1111 1767 1203; baseline 0.023 -31"><span class='ocrx_word' id='word_1_276' title='bbox 971 1111 1154 1173; x_wconf 81' lang='lat' dir='ltr'><strong>Contrmatio</strong></span> <span class='ocrx_word' id='word_1_277' title='bbox 1164 1114 1200 1175; x_wconf 89' lang='lat' dir='ltr'><strong>de</strong></span> <span class='ocrx_word' id='word_1_278' title='bbox 1212 1118 1293 1177; x_wconf 85' lang='lat' dir='ltr'><strong>tertia</strong></span> <span class='ocrx_word' id='word_1_279' title='bbox 1302 1129 1383 1192; x_wconf 88' lang='lat' dir='ltr'><strong>parte</strong></span> <span class='ocrx_word' id='word_1_280' title='bbox 1393 1120 1545 1184; x_wconf 89' lang='lat' dir='ltr'><strong>oblationis</strong></span> <span class='ocrx_word' id='word_1_281' title='bbox 1555 1118 1591 1185; x_wconf 90' lang='lat' dir='ltr'><strong>ad</strong></span> <span class='ocrx_word' id='word_1_282' title='bbox 1604 1130 1767 1203; x_wconf 80' lang='lat' dir='ltr'><strong>sepulcrum</strong></span> 
     </span>
     <span class='ocr_line' id='line_1_52' title="bbox 1264 1206 1476 1271; baseline 0.024 -6"><span class='ocrx_word' id='word_1_283' title='bbox 1264 1206 1341 1267; x_wconf 84' lang='lat' dir='ltr'><strong>beati</strong></span> <span class='ocrx_word' id='word_1_284' title='bbox 1355 1210 1476 1271; x_wconf 89' lang='lat' dir='ltr'><strong>Nicolai.</strong></span> 
     </span>
    </p>
   </div>
   <div class='ocr_carea' id='block_1_26' title="bbox 967 1382 1774 3611">
    <p class='ocr_par' dir='ltr' id='par_1_26' title="bbox 967 1382 1768 1658">
     <span class='ocr_line' id='line_1_53' title="bbox 1009 1382 1765 1472; baseline 0.021 -28"><span class='ocrx_word' id='word_1_285' title='bbox 1009 1382 1177 1447; x_wconf 81' lang='lat' dir='ltr'><strong>Honorius</strong></span> <span class='ocrx_word' id='word_1_286' title='bbox 1191 1388 1502 1468; x_wconf 73' lang='lat' dir='ltr'><strong>episcopusservus</strong></span> <span class='ocrx_word' id='word_1_287' title='bbox 1512 1408 1686 1459; x_wconf 86' lang='lat' dir='ltr'><strong>servorum</strong></span> <span class='ocrx_word' id='word_1_288' title='bbox 1694 1398 1765 1472; x_wconf 88' lang='lat' dir='ltr'><strong>Dei,</strong></span> 
     </span>
     <span class='ocr_line' id='line_1_54' title="bbox 967 1478 1768 1566; baseline 0.021 -25"><span class='ocrx_word' id='word_1_289' title='bbox 967 1478 1101 1544; x_wconf 87' lang='lat' dir='ltr'><strong>dilectis</strong></span> <span class='ocrx_word' id='word_1_290' title='bbox 1123 1482 1201 1546; x_wconf 89' lang='lat' dir='ltr'><strong>tiliis</strong></span> <span class='ocrx_word' id='word_1_291' title='bbox 1212 1486 1358 1564; x_wconf 89' lang='lat' dir='ltr'><strong>capitulo</strong></span> <span class='ocrx_word' id='word_1_292' title='bbox 1376 1491 1563 1566; x_wconf 81' lang='lat' dir='ltr'><strong>Arusicnsi,</strong></span> <span class='ocrx_word' id='word_1_293' title='bbox 1577 1493 1768 1558; x_wconf 88' lang='lat' dir='ltr'><strong>salutemet</strong></span> 
     </span>
     <span class='ocr_line' id='line_1_55' title="bbox 971 1580 1476 1658; baseline 0.02 -19"><span class='ocrx_word' id='word_1_294' title='bbox 971 1580 1187 1658; x_wconf 88' lang='lat' dir='ltr'><strong>apostolicam</strong></span> <span class='ocrx_word' id='word_1_295' title='bbox 1201 1581 1476 1650; x_wconf 84' lang='lat' dir='ltr'><strong>benedictionem.</strong></span> 
     </span>
    </p>

    <p class='ocr_par' dir='ltr' id='par_1_27' title="bbox 968 1676 1774 3611">
     <span class='ocr_line' id='line_1_56' title="bbox 1011 1676 1771 1765; baseline 0.022 -28"><span class='ocrx_word' id='word_1_296' title='bbox 1011 1676 1092 1739; x_wconf 83' lang='lat' dir='ltr'><strong>Gum</strong></span> <span class='ocrx_word' id='word_1_297' title='bbox 1114 1679 1251 1742; x_wconf 88' lang='lat' dir='ltr'><strong>anobis</strong></span> <span class='ocrx_word' id='word_1_298' title='bbox 1265 1683 1399 1759; x_wconf 89' lang='lat' dir='ltr'><strong>petitur,</strong></span> <span class='ocrx_word' id='word_1_299' title='bbox 1420 1687 1506 1763; x_wconf 86' lang='lat' dir='ltr'><strong>quod</strong></span> <span class='ocrx_word' id='word_1_300' title='bbox 1518 1689 1645 1765; x_wconf 84' lang='lat' dir='ltr'><strong>justum</strong></span> <span class='ocrx_word' id='word_1_301' title='bbox 1663 1691 1714 1753; x_wconf 91' lang='lat' dir='ltr'><strong>est</strong></span> <span class='ocrx_word' id='word_1_302' title='bbox 1737 1692 1771 1753; x_wconf 86' lang='lat' dir='ltr'><strong>et</strong></span> 
     </span>
     <span class='ocr_line' id='line_1_57' title="bbox 971 1773 1769 1864; baseline 0.019 -28"><span class='ocrx_word' id='word_1_303' title='bbox 971 1773 1159 1848; x_wconf 84' lang='lat' dir='ltr'><strong>honestum,</strong></span> <span class='ocrx_word' id='word_1_304' title='bbox 1181 1777 1249 1840; x_wconf 89' lang='lat' dir='ltr'><strong>tarn</strong></span> <span class='ocrx_word' id='word_1_305' title='bbox 1273 1780 1368 1857; x_wconf 80' lang='lat' dir='ltr'><strong>rigor</strong></span> <span class='ocrx_word' id='word_1_306' title='bbox 1382 1784 1548 1860; x_wconf 70' lang='lat' dir='ltr'><strong>equitatis</strong></span> <span class='ocrx_word' id='word_1_307' title='bbox 1568 1803 1666 1864; x_wconf 83' lang='lat' dir='ltr'><strong>quam</strong></span> <span class='ocrx_word' id='word_1_308' title='bbox 1688 1788 1769 1851; x_wconf 93' lang='lat' dir='ltr'><strong>ordo</strong></span> 
     </span>
     <span class='ocr_line' id='line_1_58' title="bbox 972 1873 1771 1957; baseline 0.016 -23"><span class='ocrx_word' id='word_1_309' title='bbox 972 1873 1078 1951; x_wconf 76' lang='lat' dir='ltr'><strong>exigit</strong></span> <span class='ocrx_word' id='word_1_310' title='bbox 1091 1874 1243 1949; x_wconf 88' lang='lat' dir='ltr'><strong>rationis,</strong></span> <span class='ocrx_word' id='word_1_311' title='bbox 1258 1877 1295 1939; x_wconf 90' lang='lat' dir='ltr'><strong>ut</strong></span> <span class='ocrx_word' id='word_1_312' title='bbox 1309 1878 1342 1939; x_wconf 91' lang='lat' dir='ltr'><strong>id</strong></span> <span class='ocrx_word' id='word_1_313' title='bbox 1350 1894 1411 1957; x_wconf 88' lang='lat' dir='ltr'><strong>per</strong></span> <span class='ocrx_word' id='word_1_314' title='bbox 1421 1881 1680 1946; x_wconf 89' lang='lat' dir='ltr'><strong>sollicitudinem</strong></span> <span class='ocrx_word' id='word_1_315' title='bbox 1695 1885 1771 1946; x_wconf 86' lang='lat' dir='ltr'><strong>olli-</strong></span> 
     </span>
     <span class='ocr_line' id='line_1_59' title="bbox 973 1969 1767 2056; baseline 0.016 -24"><span class='ocrx_word' id='word_1_316' title='bbox 973 1969 1018 2032; x_wconf 90' lang='lat' dir='ltr'><strong>cii</strong></span> <span class='ocrx_word' id='word_1_317' title='bbox 1032 1971 1138 2034; x_wconf 91' lang='lat' dir='ltr'><strong>nostri</strong></span> <span class='ocrx_word' id='word_1_318' title='bbox 1157 1972 1198 2034; x_wconf 89' lang='lat' dir='ltr'><strong>ad</strong></span> <span class='ocrx_word' id='word_1_319' title='bbox 1214 1973 1361 2036; x_wconf 87' lang='lat' dir='ltr'><strong>debitum</strong></span> <span class='ocrx_word' id='word_1_320' title='bbox 1381 1978 1583 2056; x_wconf 89' lang='lat' dir='ltr'><strong>perducatur</strong></span> <span class='ocrx_word' id='word_1_321' title='bbox 1602 1980 1767 2056; x_wconf 84' lang='lat' dir='ltr'><strong>ellectum,</strong></span> 
     </span>
     <span class='ocr_line' id='line_1_60' title="bbox 971 2070 1770 2152; baseline 0.018 -24"><span class='ocrx_word' id='word_1_322' title='bbox 971 2070 1166 2147; x_wconf 85' lang='lat' dir='ltr'><strong>eapropter,</strong></span> <span class='ocrx_word' id='word_1_323' title='bbox 1187 2070 1301 2134; x_wconf 87' lang='lat' dir='ltr'><strong>dilecti</strong></span> <span class='ocrx_word' id='word_1_324' title='bbox 1326 2072 1363 2134; x_wconf 91' lang='lat' dir='ltr'><strong>in</strong></span> <span class='ocrx_word' id='word_1_325' title='bbox 1388 2075 1528 2140; x_wconf 87' lang='lat' dir='ltr'><strong>Domino</strong></span> <span class='ocrx_word' id='word_1_326' title='bbox 1546 2076 1624 2152; x_wconf 84' lang='lat' dir='ltr'><strong>filii,</strong></span> <span class='ocrx_word' id='word_1_327' title='bbox 1649 2080 1770 2143; x_wconf 82' lang='lat' dir='ltr'><strong>restris</strong></span> 
     </span>
     <span class='ocr_line' id='line_1_61' title="bbox 968 2167 1770 2249; baseline 0.016 -23"><span class='ocrx_word' id='word_1_328' title='bbox 968 2167 1070 2244; x_wconf 81' lang='lat' dir='ltr'><strong>justis</strong></span> <span class='ocrx_word' id='word_1_329' title='bbox 1095 2168 1375 2245; x_wconf 84' lang='lat' dir='ltr'><strong>postulationibus</strong></span> <span class='ocrx_word' id='word_1_330' title='bbox 1405 2175 1501 2249; x_wconf 80' lang='lat' dir='ltr'><strong>grato</strong></span> <span class='ocrx_word' id='word_1_331' title='bbox 1531 2180 1770 2239; x_wconf 88' lang='lat' dir='ltr'><strong>concurrentes</strong></span> 
     </span>
     <span class='ocr_line' id='line_1_62' title="bbox 973 2264 1770 2353; baseline 0.016 -29"><span class='ocrx_word' id='word_1_332' title='bbox 973 2264 1106 2336; x_wconf 79' lang='lat' dir='ltr'><strong>affectu,</strong></span> <span class='ocrx_word' id='word_1_333' title='bbox 1136 2266 1269 2328; x_wconf 89' lang='lat' dir='ltr'><strong>tertiam</strong></span> <span class='ocrx_word' id='word_1_334' title='bbox 1292 2270 1421 2345; x_wconf 89' lang='lat' dir='ltr'><strong>partem</strong></span> <span class='ocrx_word' id='word_1_335' title='bbox 1442 2270 1663 2348; x_wconf 79' lang='lat' dir='ltr'><strong>oblatIonum‚</strong></span> <span class='ocrx_word' id='word_1_336' title='bbox 1696 2290 1770 2353; x_wconf 81' lang='lat' dir='ltr'><strong>quae</strong></span> 
     </span>
     <span class='ocr_line' id='line_1_63' title="bbox 973 2356 1771 2441; baseline 0.015 -19"><span class='ocrx_word' id='word_1_337' title='bbox 973 2361 1097 2424; x_wconf 92' lang='lat' dir='ltr'><strong>intuitu</strong></span> <span class='ocrx_word' id='word_1_338' title='bbox 1119 2356 1208 2426; x_wconf 89' lang='lat' dir='ltr'><strong>beati</strong></span> <span class='ocrx_word' id='word_1_339' title='bbox 1232 2365 1387 2441; x_wconf 82' lang='lat' dir='ltr'><strong>Nicbolai</strong></span> <span class='ocrx_word' id='word_1_340' title='bbox 1411 2368 1600 2431; x_wconf 77' lang='lat' dir='ltr'><strong>cathedrali</strong></span> <span class='ocrx_word' id='word_1_341' title='bbox 1620 2372 1771 2434; x_wconf 87' lang='lat' dir='ltr'><strong>ecclesiae</strong></span> 
     </span>
     <span class='ocr_line' id='line_1_64' title="bbox 974 2458 1769 2543; baseline 0.015 -23"><span class='ocrx_word' id='word_1_342' title='bbox 974 2458 1170 2535; x_wconf 81' lang='lat' dir='ltr'><strong>offeruntur,</strong></span> <span class='ocrx_word' id='word_1_343' title='bbox 1187 2467 1309 2540; x_wconf 84' lang='lat' dir='ltr'><strong>praeter</strong></span> <span class='ocrx_word' id='word_1_344' title='bbox 1328 2464 1486 2527; x_wconf 84' lang='lat' dir='ltr'><strong>victualia</strong></span> <span class='ocrx_word' id='word_1_345' title='bbox 1502 2466 1613 2530; x_wconf 87' lang='lat' dir='ltr'><strong>delata</strong></span> <span class='ocrx_word' id='word_1_346' title='bbox 1633 2467 1769 2543; x_wconf 87' lang='lat' dir='ltr'><strong>ibidem,</strong></span> 
     </span>
     <span class='ocr_line' id='line_1_65' title="bbox 975 2559 1772 2645; baseline 0.011 -26"><span class='ocrx_word' id='word_1_347' title='bbox 975 2559 1174 2636; x_wconf 78' lang='lat' dir='ltr'><strong>quaomnia</strong></span> <span class='ocrx_word' id='word_1_348' title='bbox 1189 2561 1426 2624; x_wconf 90' lang='lat' dir='ltr'><strong>canonicorum</strong></span> <span class='ocrx_word' id='word_1_349' title='bbox 1439 2564 1517 2626; x_wconf 92' lang='lat' dir='ltr'><strong>sunt</strong></span> <span class='ocrx_word' id='word_1_350' title='bbox 1533 2565 1648 2627; x_wconf 92' lang='lat' dir='ltr'><strong>usibus</strong></span> <span class='ocrx_word' id='word_1_351' title='bbox 1666 2567 1772 2645; x_wconf 89' lang='lat' dir='ltr'><strong>depu-</strong></span> 
     </span>
     <span class='ocr_line' id='line_1_66' title="bbox 974 2655 1769 2739; baseline 0.011 -23"><span class='ocrx_word' id='word_1_352' title='bbox 974 2655 1054 2727; x_wconf 90' lang='lat' dir='ltr'><strong>tata,</strong></span> <span class='ocrx_word' id='word_1_353' title='bbox 1078 2656 1164 2729; x_wconf 85' lang='lat' dir='ltr'><strong>sicut</strong></span> <span class='ocrx_word' id='word_1_354' title='bbox 1185 2673 1225 2718; x_wconf 91' lang='lat' dir='ltr'><strong>ea</strong></span> <span class='ocrx_word' id='word_1_355' title='bbox 1244 2658 1336 2736; x_wconf 79' lang='lat' dir='ltr'><strong>J‘uste</strong></span> <span class='ocrx_word' id='word_1_356' title='bbox 1357 2675 1397 2721; x_wconf 91' lang='lat' dir='ltr'><strong>ac</strong></span> <span class='ocrx_word' id='word_1_357' title='bbox 1418 2661 1556 2738; x_wconf 83' lang='lat' dir='ltr'><strong>pacifice</strong></span> <span class='ocrx_word' id='word_1_358' title='bbox 1577 2663 1769 2739; x_wconf 89' lang='lat' dir='ltr'><strong>possidetls,</strong></span> 
     </span>
     <span class='ocr_line' id='line_1_67' title="bbox 974 2752 1771 2832; baseline 0.011 -18"><span class='ocrx_word' id='word_1_359' title='bbox 974 2752 1067 2815; x_wconf 83' lang='lat' dir='ltr'><strong>robis</strong></span> <span class='ocrx_word' id='word_1_360' title='bbox 1083 2753 1116 2815; x_wconf 92' lang='lat' dir='ltr'><strong>et</strong></span> <span class='ocrx_word' id='word_1_361' title='bbox 1128 2770 1257 2832; x_wconf 78' lang='lat' dir='ltr'><strong>perros</strong></span> <span class='ocrx_word' id='word_1_362' title='bbox 1270 2756 1421 2819; x_wconf 88' lang='lat' dir='ltr'><strong>ecclesiae</strong></span> <span class='ocrx_word' id='word_1_363' title='bbox 1437 2757 1558 2821; x_wconf 83' lang='lat' dir='ltr'><strong>vestrae</strong></span> <span class='ocrx_word' id='word_1_364' title='bbox 1574 2760 1771 2823; x_wconf 86' lang='lat' dir='ltr'><strong>auctoritate</strong></span> 
     </span>
     <span class='ocr_line' id='line_1_68' title="bbox 974 2851 1773 2935; baseline 0.01 -23"><span class='ocrx_word' id='word_1_365' title='bbox 974 2851 1163 2929; x_wconf 83' lang='lat' dir='ltr'><strong>Apostolica</strong></span> <span class='ocrx_word' id='word_1_366' title='bbox 1174 2851 1454 2917; x_wconf 80' lang='lat' dir='ltr'><strong>confirmamus&#39;et</strong></span> <span class='ocrx_word' id='word_1_367' title='bbox 1467 2857 1641 2933; x_wconf 76' lang='lat' dir='ltr'><strong>praesentis</strong></span> <span class='ocrx_word' id='word_1_368' title='bbox 1656 2858 1773 2935; x_wconf 88' lang='lat' dir='ltr'><strong>scripti</strong></span> 
     </span>
     <span class='ocr_line' id='line_1_69' title="bbox 975 2948 1771 3030; baseline 0.01 -20"><span class='ocrx_word' id='word_1_369' title='bbox 975 2948 1161 3027; x_wconf 89' lang='lat' dir='ltr'><strong>patrocinio</strong></span> <span class='ocrx_word' id='word_1_370' title='bbox 1176 2951 1430 3013; x_wconf 87' lang='lat' dir='ltr'><strong>communimus.</strong></span> <span class='ocrx_word' id='word_1_371' title='bbox 1442 2953 1536 3015; x_wconf 91' lang='lat' dir='ltr'><strong>Nulli</strong></span> <span class='ocrx_word' id='word_1_372' title='bbox 1545 2969 1625 3030; x_wconf 80' lang='lat' dir='ltr'><strong>ergo</strong></span> <span class='ocrx_word' id='word_1_373' title='bbox 1636 2955 1771 3018; x_wconf 91' lang='lat' dir='ltr'><strong>omnino</strong></span> 
     </span>
     <span class='ocr_line' id='line_1_70' title="bbox 975 3045 1773 3128; baseline 0.005 -19"><span class='ocrx_word' id='word_1_374' title='bbox 975 3046 1147 3109; x_wconf 84' lang='lat' dir='ltr'><strong>bominum</strong></span> <span class='ocrx_word' id='word_1_375' title='bbox 1161 3046 1261 3111; x_wconf 88' lang='lat' dir='ltr'><strong>liceat</strong></span> <span class='ocrx_word' id='word_1_376' title='bbox 1275 3045 1362 3111; x_wconf 82' lang='lat' dir='ltr'><strong>banc</strong></span> <span class='ocrx_word' id='word_1_377' title='bbox 1376 3051 1533 3128; x_wconf 80' lang='lat' dir='ltr'><strong>paginam</strong></span> <span class='ocrx_word' id='word_1_378' title='bbox 1547 3052 1671 3114; x_wconf 84' lang='lat' dir='ltr'><strong>nostrae</strong></span> <span class='ocrx_word' id='word_1_379' title='bbox 1688 3068 1773 3115; x_wconf 89' lang='lat' dir='ltr'><strong>con-</strong></span> 
     </span>
     <span class='ocr_line' id='line_1_71' title="bbox 976 3143 1773 3223; baseline 0.009 -18"><span class='ocrx_word' id='word_1_380' title='bbox 976 3143 1173 3207; x_wconf 79' lang='lat' dir='ltr'><strong>firmationis</strong></span> <span class='ocrx_word' id='word_1_381' title='bbox 1185 3145 1369 3223; x_wconf 80' lang='lat' dir='ltr'><strong>infringere</strong></span> <span class='ocrx_word' id='word_1_382' title='bbox 1386 3148 1440 3210; x_wconf 88' lang='lat' dir='ltr'><strong>val</strong></span> <span class='ocrx_word' id='word_1_383' title='bbox 1454 3148 1485 3210; x_wconf 92' lang='lat' dir='ltr'><strong>ei</strong></span> <span class='ocrx_word' id='word_1_384' title='bbox 1500 3164 1585 3211; x_wconf 92' lang='lat' dir='ltr'><strong>ausu</strong></span> <span class='ocrx_word' id='word_1_385' title='bbox 1594 3148 1773 3213; x_wconf 88' lang='lat' dir='ltr'><strong>temerario</strong></span> 
     </span>
     <span class='ocr_line' id='line_1_72' title="bbox 975 3242 1774 3325; baseline 0.009 -22"><span class='ocrx_word' id='word_1_386' title='bbox 975 3242 1154 3304; x_wconf 88' lang='lat' dir='ltr'><strong>contraire.</strong></span> <span class='ocrx_word' id='word_1_387' title='bbox 1171 3243 1206 3305; x_wconf 89' lang='lat' dir='ltr'><strong>Si</strong></span> <span class='ocrx_word' id='word_1_388' title='bbox 1221 3243 1295 3321; x_wconf 88' lang='lat' dir='ltr'><strong>quis</strong></span> <span class='ocrx_word' id='word_1_389' title='bbox 1312 3246 1422 3307; x_wconf 89' lang='lat' dir='ltr'><strong>autam</strong></span> <span class='ocrx_word' id='word_1_390' title='bbox 1437 3245 1501 3308; x_wconf 91' lang='lat' dir='ltr'><strong>boc</strong></span> <span class='ocrx_word' id='word_1_391' title='bbox 1510 3246 1677 3309; x_wconf 85' lang='lat' dir='ltr'><strong>attentare</strong></span> <span class='ocrx_word' id='word_1_392' title='bbox 1690 3263 1774 3325; x_wconf 77' lang='lat' dir='ltr'><strong>prae·</strong></span> 
     </span>
     <span class='ocr_line' id='line_1_73' title="bbox 976 3340 1771 3422; baseline 0.008 -22"><span class='ocrx_word' id='word_1_393' title='bbox 976 3340 1165 3418; x_wconf 86' lang='lat' dir='ltr'><strong>sumpserit,</strong></span> <span class='ocrx_word' id='word_1_394' title='bbox 1179 3341 1443 3419; x_wconf 71' lang='lat' dir='ltr'><strong>indignaboncm</strong></span> <span class='ocrx_word' id='word_1_395' title='bbox 1457 3344 1692 3422; x_wconf 80' lang='lat' dir='ltr'><strong>omnipotentIs</strong></span> <span class='ocrx_word' id='word_1_396' title='bbox 1712 3345 1771 3406; x_wconf 86' lang='lat' dir='ltr'><strong>Dei</strong></span> 
     </span>
     <span class='ocr_line' id='line_1_74' title="bbox 976 3436 1774 3520; baseline 0.006 -23"><span class='ocrx_word' id='word_1_397' title='bbox 976 3436 1010 3497; x_wconf 88' lang='lat' dir='ltr'><strong>et</strong></span> <span class='ocrx_word' id='word_1_398' title='bbox 1020 3436 1192 3498; x_wconf 90' lang='lat' dir='ltr'><strong>beatorum</strong></span> <span class='ocrx_word' id='word_1_399' title='bbox 1205 3439 1296 3500; x_wconf 90' lang='lat' dir='ltr'><strong>Petri</strong></span> <span class='ocrx_word' id='word_1_400' title='bbox 1311 3440 1345 3502; x_wconf 90' lang='lat' dir='ltr'><strong>et</strong></span> <span class='ocrx_word' id='word_1_401' title='bbox 1354 3440 1453 3501; x_wconf 91' lang='lat' dir='ltr'><strong>Pauli</strong></span> <span class='ocrx_word' id='word_1_402' title='bbox 1465 3441 1691 3518; x_wconf 88' lang='lat' dir='ltr'><strong>apostolorum</strong></span> <span class='ocrx_word' id='word_1_403' title='bbox 1700 3444 1774 3520; x_wconf 84' lang='lat' dir='ltr'><strong>ejus</strong></span> 
     </span>
     <span class='ocr_line' id='line_1_75' title="bbox 976 3532 1771 3611; baseline 0.008 -18"><span class='ocrx_word' id='word_1_404' title='bbox 976 3549 1013 3594; x_wconf 90' lang='lat' dir='ltr'><strong>se</strong></span> <span class='ocrx_word' id='word_1_405' title='bbox 1041 3532 1172 3595; x_wconf 87' lang='lat' dir='ltr'><strong>noverit</strong></span> <span class='ocrx_word' id='word_1_406' title='bbox 1197 3533 1420 3611; x_wconf 83' lang='lat' dir='ltr'><strong>incursurum.</strong></span> <span class='ocrx_word' id='word_1_407' title='bbox 1451 3538 1570 3599; x_wconf 89' lang='lat' dir='ltr'><strong>Datum</strong></span> <span class='ocrx_word' id='word_1_408' title='bbox 1602 3538 1771 3611; x_wconf 85' lang='lat' dir='ltr'><strong>Laterani,</strong></span> 
     </span>
    </p>
   </div>
   <div class='ocr_carea' id='block_1_27' title="bbox 977 3630 1774 3806">
    <p class='ocr_par' dir='ltr' id='par_1_28' title="bbox 977 3630 1774 3806">
     <span class='ocr_line' id='line_1_76' title="bbox 977 3630 1774 3713; baseline 0.003 -19"><span class='ocrx_word' id='word_1_409' title='bbox 977 3631 1007 3694; x_wconf 88' lang='lat'><strong>11</strong></span> <span class='ocrx_word' id='word_1_410' title='bbox 1039 3630 1201 3693; x_wconf 85' lang='lat' dir='ltr'><strong>kalendas</strong></span> <span class='ocrx_word' id='word_1_411' title='bbox 1223 3630 1397 3709; x_wconf 76' lang='lat' dir='ltr'><strong>februarii,</strong></span> <span class='ocrx_word' id='word_1_412' title='bbox 1423 3635 1638 3713; x_wconf 79' lang='lat' dir='ltr'><strong>pontificatus</strong></span> <span class='ocrx_word' id='word_1_413' title='bbox 1665 3636 1774 3698; x_wconf 87' lang='lat' dir='ltr'><strong>nostri</strong></span> 
     </span>
     <span class='ocr_line' id='line_1_77' title="bbox 977 3743 1196 3806; baseline 0 -16"><span class='ocrx_word' id='word_1_414' title='bbox 977 3743 1065 3790; x_wconf 88' lang='lat' dir='ltr'><strong>anno</strong></span> <span class='ocrx_word' id='word_1_415' title='bbox 1076 3744 1196 3806; x_wconf 74' lang='lat' dir='ltr'><strong>primo,</strong></span> 
     </span>
    </p>
   </div>
   <div class='ocr_carea' id='block_1_28' title="bbox 1259 3923 1486 4013">
    <p class='ocr_par' dir='ltr' id='par_1_29' title="bbox 1259 3923 1486 4013">
     <span class='ocr_line' id='line_1_78' title="bbox 1259 3923 1486 4013; baseline -0.009 0"><span class='ocrx_word' id='word_1_416' title='bbox 1259 3923 1486 4013; x_wconf 76' lang='lat' dir='ltr'><strong>dlxxxix</strong></span> 
     </span>
    </p>
   </div>
   <div class='ocr_carea' id='block_1_29' title="bbox 1054 4113 1692 4188">
    <p class='ocr_par' dir='ltr' id='par_1_30' title="bbox 1054 4113 1692 4188">
     <span class='ocr_line' id='line_1_79' title="bbox 1054 4113 1692 4188; baseline -0.002 -14"><span class='ocrx_word' id='word_1_417' title='bbox 1054 4113 1108 4174; x_wconf 78' lang='lat' dir='ltr'><strong>Ad</strong></span> <span class='ocrx_word' id='word_1_418' title='bbox 1129 4114 1364 4175; x_wconf 66' lang='lat' dir='ltr'><strong>secoviensem</strong></span> <span class='ocrx_word' id='word_1_419' title='bbox 1387 4115 1692 4188; x_wconf 75' lang='lat' dir='ltr'><strong>archiepiscopum.</strong></span> 
     </span>
    </p>
   </div>
   <div class='ocr_carea' id='block_1_30' title="bbox 1021 4270 1728 4445">
    <p class='ocr_par' dir='ltr' id='par_1_31' title="bbox 1021 4270 1728 4445">
     <span class='ocr_line' id='line_1_80' title="bbox 1270 4270 1476 4330; baseline 0 -1"><span class='ocrx_word' id='word_1_420' title='bbox 1270 4272 1304 4330; x_wconf 82' lang='lat' dir='ltr'><strong>tl</strong></span> <span class='ocrx_word' id='word_1_421' title='bbox 1323 4270 1379 4329; x_wconf 72' lang='lat' dir='ltr'><strong>&#39;am</strong></span> <span class='ocrx_word' id='word_1_422' title='bbox 1397 4272 1476 4330; x_wconf 73' lang='lat' dir='ltr'><strong>lili.</strong></span> 
     </span>
     <span class='ocr_line' id='line_1_81' title="bbox 1021 4288 1728 4445; baseline 0.007 -17"><span class='ocrx_word' id='word_1_423' title='bbox 1021 4377 1222 4443; x_wconf 65' lang='lat' dir='ltr'><strong>respuerint,</strong></span> <span class='ocrx_word' id='word_1_424' title='bbox 1236 4288 1381 4444; x_wconf 49' lang='grc'><strong>1111111108.</strong></span> <span class='ocrx_word' id='word_1_425' title='bbox 1391 4379 1449 4429; x_wconf 83' lang='lat' dir='ltr'><strong>bles.</strong></span> <span class='ocrx_word' id='word_1_426' title='bbox 1461 4381 1498 4431; x_wconf 82' lang='lat' dir='ltr'><strong>ba</strong></span> <span class='ocrx_word' id='word_1_427' title='bbox 1506 4380 1582 4431; x_wconf 81' lang='lat' dir='ltr'><strong>Ponte</strong></span> <span class='ocrx_word' id='word_1_428' title='bbox 1591 4379 1728 4445; x_wconf 72' lang='grc'><strong>(11111111.)</strong></span> 
     </span>
    </p>
   </div>
   <div class='ocr_carea' id='block_1_31' title="bbox 976 4558 1774 5055">
    <p class='ocr_par' dir='ltr' id='par_1_32' title="bbox 976 4558 1774 5055">
     <span class='ocr_line' id='line_1_82' title="bbox 976 4558 1771 4633; baseline 0.001 -16"><span class='ocrx_word' id='word_1_429' title='bbox 976 4559 1173 4618; x_wconf 82' lang='lat' dir='ltr'><strong>senonensem</strong></span> <span class='ocrx_word' id='word_1_430' title='bbox 1188 4558 1435 4632; x_wconf 86' lang='lat' dir='ltr'><strong>archiepiscopum</strong></span> <span class='ocrx_word' id='word_1_431' title='bbox 1448 4558 1605 4633; x_wconf 78' lang='lat' dir='ltr'><strong>redarguit,</strong></span> <span class='ocrx_word' id='word_1_432' title='bbox 1622 4559 1698 4631; x_wconf 84' lang='lat' dir='ltr'><strong>quod</strong></span> <span class='ocrx_word' id='word_1_433' title='bbox 1718 4561 1771 4618; x_wconf 88' lang='lat' dir='ltr'><strong>ali·</strong></span> 
     </span>
     <span class='ocr_line' id='line_1_83' title="bbox 1012 4647 1774 4720; baseline 0 -15"><span class='ocrx_word' id='word_1_434' title='bbox 1012 4662 1085 4720; x_wconf 84' lang='lat' dir='ltr'><strong>quos</strong></span> <span class='ocrx_word' id='word_1_435' title='bbox 1097 4662 1152 4705; x_wconf 90' lang='lat' dir='ltr'><strong>nec</strong></span> <span class='ocrx_word' id='word_1_436' title='bbox 1158 4647 1260 4704; x_wconf 80' lang='lat' dir='ltr'><strong>citatm</strong></span> <span class='ocrx_word' id='word_1_437' title='bbox 1269 4661 1324 4704; x_wconf 89' lang='lat' dir='ltr'><strong>nec</strong></span> <span class='ocrx_word' id='word_1_438' title='bbox 1338 4647 1462 4704; x_wconf 88' lang='lat' dir='ltr'><strong>monitos</strong></span> <span class='ocrx_word' id='word_1_439' title='bbox 1470 4647 1774 4705; x_wconf 85' lang='lat' dir='ltr'><strong>excommunicationis</strong></span> 
     </span>
     <span class='ocr_line' id='line_1_84' title="bbox 1011 4734 1774 4807; baseline 0.003 -15"><span class='ocrx_word' id='word_1_440' title='bbox 1011 4736 1115 4807; x_wconf 86' lang='lat' dir='ltr'><strong>laqueo</strong></span> <span class='ocrx_word' id='word_1_441' title='bbox 1141 4734 1321 4791; x_wconf 85' lang='lat' dir='ltr'><strong>inundaverit</strong></span> <span class='ocrx_word' id='word_1_442' title='bbox 1343 4740 1372 4791; x_wconf 89' lang='lat' dir='ltr'><strong>et</strong></span> <span class='ocrx_word' id='word_1_443' title='bbox 1398 4740 1524 4791; x_wconf 85' lang='lat' dir='ltr'><strong>castrum</strong></span> <span class='ocrx_word' id='word_1_444' title='bbox 1555 4735 1709 4793; x_wconf 85' lang='lat' dir='ltr'><strong>Pravinum</strong></span> <span class='ocrx_word' id='word_1_445' title='bbox 1737 4735 1774 4794; x_wconf 90' lang='lat' dir='ltr'><strong>ad</strong></span> 
     </span>
     <span class='ocr_line' id='line_1_85' title="bbox 1013 4820 1774 4896; baseline 0 -14"><span class='ocrx_word' id='word_1_446' title='bbox 1013 4821 1169 4882; x_wconf 87' lang='lat' dir='ltr'><strong>Blancbam</strong></span> <span class='ocrx_word' id='word_1_447' title='bbox 1177 4822 1353 4878; x_wconf 85' lang='lat' dir='ltr'><strong>comitissam</strong></span> <span class='ocrx_word' id='word_1_448' title='bbox 1368 4822 1532 4894; x_wconf 84' lang='lat' dir='ltr'><strong>Campaniae</strong></span> <span class='ocrx_word' id='word_1_449' title='bbox 1545 4820 1692 4895; x_wconf 78' lang='lat' dir='ltr'><strong>liliumque</strong></span> <span class='ocrx_word' id='word_1_450' title='bbox 1711 4823 1774 4896; x_wconf 74' lang='lat' dir='ltr'><strong>eius</strong></span> 
     </span>
     <span class='ocr_line' id='line_1_86' title="bbox 1013 4908 1771 4984; baseline 0.004 -15"><span class='ocrx_word' id='word_1_451' title='bbox 1013 4912 1159 4984; x_wconf 84' lang='lat' dir='ltr'><strong>pertinens</strong></span> <span class='ocrx_word' id='word_1_452' title='bbox 1168 4910 1349 4983; x_wconf 84' lang='lat' dir='ltr'><strong>supposuerit</strong></span> <span class='ocrx_word' id='word_1_453' title='bbox 1361 4909 1423 4967; x_wconf 89' lang='lat' dir='ltr'><strong>sine</strong></span> <span class='ocrx_word' id='word_1_454' title='bbox 1435 4908 1511 4981; x_wconf 82' lang='lat' dir='ltr'><strong>jueta</strong></span> <span class='ocrx_word' id='word_1_455' title='bbox 1522 4925 1610 4969; x_wconf 88' lang='lat' dir='ltr'><strong>causa</strong></span> <span class='ocrx_word' id='word_1_456' title='bbox 1619 4913 1771 4972; x_wconf 89' lang='lat' dir='ltr'><strong>ecclesias·</strong></span> 
     </span>
     <span class='ocr_line' id='line_1_87' title="bbox 1012 4995 1244 5055; baseline -0.009 0"><span class='ocrx_word' id='word_1_457' title='bbox 1012 4998 1069 5055; x_wconf 79' lang='lat' dir='ltr'><strong>lico</strong></span> <span class='ocrx_word' id='word_1_458' title='bbox 1084 4995 1244 5054; x_wconf 87' lang='lat' dir='ltr'><strong>interdicto.</strong></span> 
     </span>
    </p>
   </div>
   <div class='ocr_carea' id='block_1_32' title="bbox 129 5130 1776 5320">
    <p class='ocr_par' dir='ltr' id='par_1_33' title="bbox 129 5130 1776 5320">
     <span class='ocr_line' id='line_1_88' title="bbox 129 5130 1776 5215; baseline 0.009 -24"><span class='ocrx_word' id='word_1_459' title='bbox 129 5130 178 5193; x_wconf 88' lang='lat' dir='ltr'><strong>rio</strong></span> <span class='ocrx_word' id='word_1_460' title='bbox 198 5134 377 5197; x_wconf 87' lang='lat' dir='ltr'><strong>contraire.</strong></span> <span class='ocrx_word' id='word_1_461' title='bbox 395 5134 431 5196; x_wconf 87' lang='lat' dir='ltr'><strong>si</strong></span> <span class='ocrx_word' id='word_1_462' title='bbox 450 5134 524 5213; x_wconf 82' lang='lat' dir='ltr'><strong>quis</strong></span> <span class='ocrx_word' id='word_1_463' title='bbox 547 5135 658 5197; x_wconf 86' lang='lat' dir='ltr'><strong>autam</strong></span> <span class='ocrx_word' id='word_1_464' title='bbox 677 5135 740 5198; x_wconf 87' lang='lat' dir='ltr'><strong>boc</strong></span> <span class='ocrx_word' id='word_1_465' title='bbox 761 5136 925 5198; x_wconf 89' lang='lat' dir='ltr'><strong>attentare</strong></span> <span class='ocrx_word' id='word_1_466' title='bbox 1018 5141 1196 5215; x_wconf 86' lang='lat' dir='ltr'><strong>Honorius,</strong></span> <span class='ocrx_word' id='word_1_467' title='bbox 1219 5141 1295 5214; x_wconf 86' lang='lat' dir='ltr'><strong>etc,</strong></span> <span class='ocrx_word' id='word_1_468' title='bbox 1318 5139 1503 5203; x_wconf 84' lang='lat' dir='ltr'><strong>venerabili</strong></span> <span class='ocrx_word' id='word_1_469' title='bbox 1524 5142 1621 5205; x_wconf 81' lang='lat' dir='ltr'><strong>tratri</strong></span> <span class='ocrx_word' id='word_1_470' title='bbox 1641 5143 1776 5206; x_wconf 86' lang='lat' dir='ltr'><strong>archic-</strong></span> 
     </span>
     <span class='ocr_line' id='line_1_89' title="bbox 130 5231 1295 5320; baseline 0.006 -28"><span class='ocrx_word' id='word_1_471' title='bbox 130 5231 386 5309; x_wconf 74' lang='lat' dir='ltr'><strong>presumpserit,</strong></span> <span class='ocrx_word' id='word_1_472' title='bbox 405 5231 669 5308; x_wconf 77' lang='lat' dir='ltr'><strong>indignationem</strong></span> <span class='ocrx_word' id='word_1_473' title='bbox 689 5232 925 5311; x_wconf 88' lang='lat' dir='ltr'><strong>omnipotentis</strong></span> <span class='ocrx_word' id='word_1_474' title='bbox 978 5241 1113 5320; x_wconf 89' lang='lat' dir='ltr'><strong>piscopo</strong></span> <span class='ocrx_word' id='word_1_475' title='bbox 1129 5241 1295 5301; x_wconf 87' lang='lat' dir='ltr'><strong>Senonen.</strong></span> 
     </span>
    </p>
   </div>
   <div class='ocr_carea' id='block_1_33' title="bbox 130 5325 1774 5413">
    <p class='ocr_par' dir='ltr' id='par_1_34' title="bbox 130 5325 1774 5413">
     <span class='ocr_line' id='line_1_90' title="bbox 130 5325 1774 5413; baseline 0.007 -27"><span class='ocrx_word' id='word_1_476' title='bbox 130 5325 188 5389; x_wconf 83' lang='lat' dir='ltr'><strong>Dei</strong></span> <span class='ocrx_word' id='word_1_477' title='bbox 201 5330 234 5391; x_wconf 89' lang='lat' dir='ltr'><strong>et</strong></span> <span class='ocrx_word' id='word_1_478' title='bbox 245 5329 421 5393; x_wconf 86' lang='lat' dir='ltr'><strong>beatorum</strong></span> <span class='ocrx_word' id='word_1_479' title='bbox 434 5330 526 5393; x_wconf 88' lang='lat' dir='ltr'><strong>Petri</strong></span> <span class='ocrx_word' id='word_1_480' title='bbox 538 5330 571 5391; x_wconf 91' lang='lat' dir='ltr'><strong>et</strong></span> <span class='ocrx_word' id='word_1_481' title='bbox 585 5330 683 5393; x_wconf 91' lang='lat' dir='ltr'><strong>Pauli</strong></span> <span class='ocrx_word' id='word_1_482' title='bbox 697 5330 925 5409; x_wconf 90' lang='lat' dir='ltr'><strong>apostolorum</strong></span> <span class='ocrx_word' id='word_1_483' title='bbox 1019 5337 1147 5410; x_wconf 87' lang='lat' dir='ltr'><strong>Quanto</strong></span> <span class='ocrx_word' id='word_1_484' title='bbox 1167 5334 1379 5413; x_wconf 88' lang='lat' dir='ltr'><strong>praesentiam</strong></span> <span class='ocrx_word' id='word_1_485' title='bbox 1397 5337 1489 5398; x_wconf 91' lang='lat' dir='ltr'><strong>tuam</strong></span> <span class='ocrx_word' id='word_1_486' title='bbox 1512 5335 1706 5398; x_wconf 78' lang='lat' dir='ltr'><strong>ferventiori</strong></span> <span class='ocrx_word' id='word_1_487' title='bbox 1718 5336 1774 5398; x_wconf 93' lang='lat' dir='ltr'><strong>di-</strong></span> 
     </span>
    </p>
   </div>
   <div class='ocr_carea' id='block_1_34' title="bbox 131 5425 1777 5604">
    <p class='ocr_par' dir='ltr' id='par_1_35' title="bbox 131 5425 1777 5604">
     <span class='ocr_line' id='line_1_91' title="bbox 131 5425 1777 5513; baseline 0.006 -27"><span class='ocrx_word' id='word_1_488' title='bbox 131 5425 256 5501; x_wconf 75' lang='lat' dir='ltr'><strong>eiusne</strong></span> <span class='ocrx_word' id='word_1_489' title='bbox 279 5427 410 5488; x_wconf 85' lang='lat' dir='ltr'><strong>noverit</strong></span> <span class='ocrx_word' id='word_1_490' title='bbox 428 5426 651 5489; x_wconf 89' lang='lat' dir='ltr'><strong>incursurum.</strong></span> <span class='ocrx_word' id='word_1_491' title='bbox 678 5429 797 5490; x_wconf 87' lang='lat' dir='ltr'><strong>Datum</strong></span> <span class='ocrx_word' id='word_1_492' title='bbox 822 5431 925 5492; x_wconf 88' lang='lat' dir='ltr'><strong>Late·</strong></span> <span class='ocrx_word' id='word_1_493' title='bbox 980 5435 1115 5513; x_wconf 81' lang='lat' dir='ltr'><strong>ligimus</strong></span> <span class='ocrx_word' id='word_1_494' title='bbox 1129 5434 1280 5506; x_wconf 86' lang='lat' dir='ltr'><strong>caritate,</strong></span> <span class='ocrx_word' id='word_1_495' title='bbox 1296 5435 1388 5496; x_wconf 86' lang='lat' dir='ltr'><strong>tanto</strong></span> <span class='ocrx_word' id='word_1_496' title='bbox 1398 5433 1518 5510; x_wconf 83' lang='lat' dir='ltr'><strong>majori</strong></span> <span class='ocrx_word' id='word_1_497' title='bbox 1533 5432 1647 5494; x_wconf 86' lang='lat' dir='ltr'><strong>dolore</strong></span> <span class='ocrx_word' id='word_1_498' title='bbox 1661 5433 1777 5496; x_wconf 91' lang='lat' dir='ltr'><strong>turba-</strong></span> 
     </span>
     <span class='ocr_line' id='line_1_92' title="bbox 132 5521 1774 5604; baseline 0.007 -23"><span class='ocrx_word' id='word_1_499' title='bbox 132 5521 246 5595; x_wconf 88' lang='lat' dir='ltr'><strong>rani,ll</strong></span> <span class='ocrx_word' id='word_1_500' title='bbox 258 5522 421 5585; x_wconf 81' lang='lat' dir='ltr'><strong>kalendas</strong></span> <span class='ocrx_word' id='word_1_501' title='bbox 433 5522 605 5595; x_wconf 76' lang='lat' dir='ltr'><strong>februarii,</strong></span> <span class='ocrx_word' id='word_1_502' title='bbox 621 5525 833 5604; x_wconf 82' lang='lat' dir='ltr'><strong>pontificatus</strong></span> <span class='ocrx_word' id='word_1_503' title='bbox 847 5542 928 5589; x_wconf 92' lang='lat' dir='ltr'><strong>nos-</strong></span> <span class='ocrx_word' id='word_1_504' title='bbox 980 5548 1055 5596; x_wconf 90' lang='lat' dir='ltr'><strong>mur</strong></span> <span class='ocrx_word' id='word_1_505' title='bbox 1069 5547 1145 5593; x_wconf 92' lang='lat' dir='ltr'><strong>cum</strong></span> <span class='ocrx_word' id='word_1_506' title='bbox 1165 5547 1205 5594; x_wconf 90' lang='lat' dir='ltr'><strong>aa</strong></span> <span class='ocrx_word' id='word_1_507' title='bbox 1224 5529 1319 5592; x_wconf 90' lang='lat' dir='ltr'><strong>nobis</strong></span> <span class='ocrx_word' id='word_1_508' title='bbox 1338 5530 1378 5591; x_wconf 89' lang='lat' dir='ltr'><strong>de</strong></span> <span class='ocrx_word' id='word_1_509' title='bbox 1394 5531 1460 5592; x_wconf 89' lang='lat' dir='ltr'><strong>tuis</strong></span> <span class='ocrx_word' id='word_1_510' title='bbox 1475 5528 1602 5591; x_wconf 90' lang='lat' dir='ltr'><strong>actibus</strong></span> <span class='ocrx_word' id='word_1_511' title='bbox 1617 5529 1774 5593; x_wconf 83' lang='lat' dir='ltr'><strong>referun-</strong></span> 
     </span>
    </p>
   </div>
   <div class='ocr_carea' id='block_1_35' title="bbox 133 5616 1775 5707">
    <p class='ocr_par' dir='ltr' id='par_1_36' title="bbox 133 5616 1775 5707">
     <span class='ocr_line' id='line_1_93' title="bbox 133 5616 1775 5707; baseline 0.006 -28"><span class='ocrx_word' id='word_1_512' title='bbox 133 5616 270 5683; x_wconf 89' lang='lat' dir='ltr'><strong>trianno</strong></span> <span class='ocrx_word' id='word_1_513' title='bbox 286 5619 406 5698; x_wconf 89' lang='lat' dir='ltr'><strong>primo.</strong></span> <span class='ocrx_word' id='word_1_514' title='bbox 981 5632 1045 5704; x_wconf 87' lang='lat' dir='ltr'><strong>tur,</strong></span> <span class='ocrx_word' id='word_1_515' title='bbox 1077 5642 1151 5707; x_wconf 84' lang='lat' dir='ltr'><strong>quae</strong></span> <span class='ocrx_word' id='word_1_516' title='bbox 1184 5627 1307 5693; x_wconf 84' lang='lat' dir='ltr'><strong>lamam</strong></span> <span class='ocrx_word' id='word_1_517' title='bbox 1341 5627 1432 5689; x_wconf 86' lang='lat' dir='ltr'><strong>tuam</strong></span> <span class='ocrx_word' id='word_1_518' title='bbox 1467 5625 1662 5689; x_wconf 80' lang='lat' dir='ltr'><strong>obnubilant</strong></span> <span class='ocrx_word' id='word_1_519' title='bbox 1688 5628 1775 5704; x_wconf 90' lang='lat' dir='ltr'><strong>apud</strong></span> 
     </span>
    </p>
   </div>
   <div class='ocr_carea' id='block_1_36' title="bbox 0 0 1969 6196">
    <p class='ocr_par' dir='ltr' id='par_1_37' title="bbox 0 0 1969 6196">
     <span class='ocr_line' id='line_1_94' title="bbox 0 0 1969 6196; baseline 0 0"><span class='ocrx_word' id='word_1_520' title='bbox 0 0 1969 6196; x_wconf 95' lang='lat' dir='ltr'><strong> </strong></span> 
     </span>
    </p>
   </div>
  </div>
 </body>
</html>
