3980 6206
264 331 325 392 sle
881 328 1061 391 HONORH
1080 328 1126 389 111
1147 328 1296 391 OPERA.
1830 330 1910 391 aad

305 492 515 553 lnctcmdcm
528 488 837 565 modrcmsmiptnm
851 486 1063 565 eat..abbaii
1116 486 1302 551 rescalcum
1310 485 1450 562 Augilas,
1461 502 1562 563 super
1571 486 1670 549 terris
1679 485 1824 551 etrebus
1834 487 1908 549 aliis

264 587 427 659 Tuteleu„
440 586 648 648 Lemovicen.
665 586 762 647 dioec.
776 587 810 647 et
819 586 979 663 magistro
991 588 1061 647 Du·
1116 584 1266 647 noscitur
1279 583 1413 660 agitari,
1430 584 1584 647 salutem.

263 685 368 747 raudo
383 685 416 747 et
429 683 575 745 Arualdo
592 683 837 745 archidiaconis
852 683 1060 745 Lemovicen.
1157 684 1237 743 Cum
1252 696 1366 752 causa,
1382 697 1455 757 quae
1477 682 1565 743 inter
1589 681 1817 745 reumabilem
1841 681 1910 744 im·

264 780 472 844 Veuerabilis
485 780 599 844 iratris
614 781 720 842 nostri
738 782 947 843 Lemoviceu.
970 781 1062 858 epis·
1116 781 1200 841 trem
1213 780 1361 842 nostrum
1377 779 1577 844 Feruensem
1592 780 1788 858 episcopum
1802 782 1838 842 et
1852 797 1910 842 uo-

263 878 337 956 copi
361 879 508 951 vicariis,
537 895 643 954 capace
659 879 893 957 impedimento
913 894 1063 955 compes-
1114 876 1216 939 bilem
1230 878 1338 938 virum
1351 877 1404 936 W.
1419 876 1659 939 marescalcum
1669 876 1801 954 angliae
1815 879 1910 940 verti·

263 975 836 1054 censideoquedisoretiouivestrm
853 977 1063 1053 perhposto-
1114 976 1181 1046 tur,
1195 974 1288 1037 vobis
1311 975 1357 1037 sit
1378 991 1399 1036 a
1425 975 1510 1036 Sede
1530 974 1721 1052 apostolica
1735 975 1906 1050 delegata:

263 1072 1061 1151 licascriptapraecipieudomandemusquateuus
1116 1072 1195 1149 quia
1221 1073 1255 1134 et
1277 1072 1372 1133 vobis
1395 1072 1599 1135 commodius
1621 1074 1655 1134 et
1678 1072 1833 1150 partibus
1851 1074 1908 1135 erit

262 1171 327 1247 ipsi
352 1171 506 1250 episcopo
530 1173 565 1233 iu
593 1172 635 1233 iis
659 1173 881 1250 exsequendis
895 1171 1061 1234 assistatis

261 1267 403 1332 fideliter
416 1270 450 1331 et
460 1269 650 1346 prudenter.

574 1430 746 1521 deditii

397 1567 449 1625 Ad
470 1567 667 1639 episcopum
695 1568 921 1627 Fcrnestsem.

554 1676 666 1751 niun.
684 1678 764 1735 iiis.

383 1782 513 1848 [ruam
524 1785 637 1837 nomm.
649 1782 823 1843 hibernien
842 1796 869 1835 n.
884 1782 937 1845 la}

260 1892 297 1950 m
310 1890 389 1948 litem
404 1890 556 1963 quamdam
573 1904 659 1963 super
673 1890 758 1947 terris
778 1904 844 1947 cum
868 1888 981 1961 inglim
996 1902 1056 1945 ma·

293 1980 420 2036 rescalco
431 1994 527 2036 coram
541 1978 757 2051 archiepiscopo
764 1978 929 2035 dublinensi
940 1977 1060 2051 ejusque

292 2066 491 2139 conjudicibus
504 2066 693 2124 amicabiliter
706 2074 869 2140 componat.

297 2174 465 2235 Honorius
502 2174 697 2252 episcopus,
724 2173 908 2235 venerabili
942 2170 1056 2245 tratri,

259 2270 416 2350 episcopo
431 2272 603 2341 Ferueusi,
621 2272 772 2333 salutem.

299 2371 406 2441 Quum
427 2370 671 2446 pactumpacls
695 2371 791 2430 actus
805 2368 945 2440 dicatur,
958 2382 1058 2445 quam

183 2518 187 2525 .
258 2466 356 2528 debet
386 2466 525 2544 quilibet
549 2466 746 2543 amplexari,
772 2466 875 2528 tutius
902 2467 953 2527 est
982 2464 1057 2527 lites

258 2563 363 2641 sopiri
397 2563 565 2626 amicabili
604 2564 769 2641 pactione,
804 2578 902 2641 quam
930 2562 1058 2640 jndicio

257 2660 408 2723 diiiluiri.
429 2661 512 2735 Quia
527 2661 693 2723 interdum
717 2660 819 2723 mirlta
835 2660 943 2721 solent
957 2660 1057 2723 etiam

259 2759 488 2821 executionem
513 2759 686 2821 sententiae
706 2758 901 2837 praepedire,
917 2757 1058 2834 ideoque

258 2854 499 2918 fraternitatem
517 2857 609 2918 tuam
630 2872 802 2917 monemus
825 2855 859 2919 et
886 2856 1059 2916 hortamur

258 2952 382 3014 attente
398 2968 459 3030 per
484 2952 675 3030 apostolica
700 2953 824 3033 scripta
847 2951 1057 3023 mandantes,

256 3050 420 3126 quatenus
433 3049 473 3110 ad
489 3050 751 3126 componendum
771 3065 845 3111 cum
868 3048 972 3111 nobili
985 3049 1058 3109 rire

175 3152 178 3159 “
256 3147 311 3207 W.
334 3146 538 3208 marescalco
565 3147 694 3222 Angliae
721 3160 821 3222 super
848 3162 962 3214 causa,
983 3161 1056 3221 quae

255 3241 345 3302 iuter
367 3243 400 3304 te
426 3258 465 3303 ac
484 3242 594 3318 ipsum
611 3257 723 3303 coram
751 3241 935 3302 venerabili
955 3240 1058 3302 tratre

256 3339 388 3410 nostro,
414 3338 665 3415 archiepiscopo
694 3336 890 3399 Dubliueusi
916 3338 949 3399 et
984 3340 1056 3414 ejus

256 3436 485 3514 conjudicibus
496 3436 695 3498 auctoritate
706 3435 1055 3513 apostoiioavertnur,

255 3532 289 3593 te
304 3531 435 3594 facilem
451 3532 584 3594 studeas
599 3533 770 3604 exhibere,
786 3549 860 3594 cum
874 3548 935 3593 uos
949 3531 1056 3593 eidem

257 3644 357 3706 super
369 3630 432 3692 hoc
454 3632 586 3693 uestras
606 3630 737 3692 litteras
756 3630 952 3707 dirigamus,
977 3629 1056 3705 quia

257 3725 424 3800 uolumus,
455 3728 490 3790 ut
518 3727 608 3789 inter
632 3744 693 3789 ros
721 3728 862 3789 materia
885 3728 1057 3789 remaneat

255 3823 429 3901 litigandi,
457 3841 531 3902 quae
561 3840 627 3887 uon
662 3825 769 3886 solum
797 3824 967 3902 partibus,
998 3824 1055 3885 sed

257 3921 357 3982 etiam
371 3921 447 3982 aliis
461 3922 573 3999 posset
587 3938 661 3983 esse
675 3922 845 3984 damnosa.

295 4020 414 4080 Datum
435 4019 602 4090 Laterani,
630 4021 689 4081 VII
714 4020 780 4082 kal.
806 4020 897 4097 julii,
922 4019 1057 4097 pontili-

255 4117 350 4179 oatus
362 4116 467 4178 uestri
481 4133 569 4179 auno
591 4117 746 4179 secundo.

558 4277 748 4364 cccviii

334 4409 386 4469 Ad
400 4411 695 4482 archiepiscopum
717 4412 970 4481 dublinensem,

407 4506 609 4581 apostoncae
625 4509 725 4567 deum
736 4508 897 4582 leuatum.

547 4619 584 4676 25
604 4618 666 4691 jun.
684 4618 762 4676 iiis.

380 4724 508 4787 [Theium.
522 4724 635 4775 honum.
648 4725 784 4784 ilibernim,
798 4725 823 4783 d,
835 4740 860 4775 n.
875 4726 926 4791 lh]

308 4825 349 4881 De
367 4838 454 4881 causa
470 4839 534 4896 quse
551 4824 625 4880 inter
640 4826 813 4882 Ferueusem
832 4825 1000 4897 episcopum

1115 1169 1278 1242 securius,
1295 1171 1332 1232 ut
1345 1170 1584 1248 compositione
1599 1186 1698 1247 quam
1707 1169 1839 1248 judicio
1852 1172 1909 1232 ter·

1115 1268 1271 1339 mineum,
1287 1267 1522 1330 discretionem
1545 1270 1690 1330 vennam
1713 1267 1908 1329 mouendam

1115 1365 1272 1426 duximus
1287 1368 1321 1427 et
1333 1365 1544 1437 hortandam,
1562 1381 1623 1442 per
1642 1365 1838 1442 apostolica
1854 1382 1910 1428 ro-

1115 1460 1166 1524 bis
1182 1462 1306 1539 scripta
1320 1463 1528 1535 mandantes,
1545 1465 1709 1540 quatenus
1726 1462 1771 1524 ad
1781 1478 1908 1539 compo-

1115 1560 1258 1621 nendum
1275 1560 1497 1622 amicabiliter
1507 1561 1597 1623 iuter
1617 1575 1675 1623 eos
1688 1560 1908 1636 interponatis

1113 1657 1257 1720 sollicite
1270 1660 1380 1735 partes
1394 1659 1534 1731 reah-as,
1549 1657 1744 1720 mandatum
1767 1660 1905 1735 Aposto-

1115 1756 1228 1827 licum,
1244 1756 1403 1834 quamdiu
1422 1756 1465 1817 ad
1481 1758 1658 1818 tractatum
1672 1757 1770 1832 pacis
1785 1755 1906 1816 ridebi-

1113 1854 1168 1914 tur
1177 1856 1408 1930 opportunum,
1421 1854 1557 1915 iuterim
1568 1853 1826 1930 suspendentes,
1836 1870 1907 1929 pro-

1113 1951 1242 2012 cessuri
1264 1967 1307 2013 ex
1329 1954 1422 2022 tuuc,
1436 1951 1465 2011 si
1491 1951 1686 2029 compositio
1701 1967 1772 2013 uou
1792 1950 1906 2027 poterit

1113 2048 1300 2124 provenire,
1313 2050 1410 2124 juxta
1426 2048 1576 2125 priorum
1594 2048 1838 2109 continentiam
1853 2047 1906 2108 lit-

1112 2147 1270 2207 terarum.
1288 2145 1407 2207 ilatum
1421 2146 1590 2218 Laterani,
1599 2148 1660 2207 vil
1675 2145 1813 2206 kalend.
1822 2144 1905 2222 julii,

1113 2242 1324 2320 pontificatus
1337 2243 1443 2306 nostri
1458 2259 1547 2304 euno
1560 2242 1718 2305 secunde.

1437 2440 1584 2527 dcciii

1112 2575 1348 2644 dedocendae,
1363 2576 1596 2635 itcroncnscm
1602 2576 1903 2649 archiepiscopium

1401 2686 1436 2744 st
1458 2687 1520 2760 jun.
1538 2686 1617 2744 iiis.

1112 2800 1247 2867 [munch
1260 2800 1363 2853 Reoueil
1373 2801 1417 2851 dos
1429 2800 1573 2859 historiens,
1586 2807 1605 2851 t
1616 2802 1685 2860 iiiii,
1693 2801 1785 2867 peon.
1798 2804 1902 2867 haren,

1371 2880 1415 2931 lib.
1429 2880 1460 2939 11,
1477 2880 1550 2944 epist.
1565 2880 1647 2945 lm]

1111 2954 1304 3046 Nauneteffsis
1324 2987 1453 3044 ecclesiae
1468 2988 1604 3061 episcopo
1625 2996 1653 3045 ei
1677 2988 1803 3057 clericis,
1819 2996 1847 3046 ut
1862 2996 1900 3063 ις-

1146 3076 1296 3133 renuidem
1309 3076 1384 3134 Petri
1400 3076 1554 3136 Britannica
1568 3076 1682 3134 coniitia
1697 3076 1822 3151 tugiunt,
1836 3093 1900 3135 eru·

1147 3163 1282 3233 lantibus,
1295 3163 1413 3221 mandat
1427 3166 1570 3222 lionorius
1577 3166 1737 3222 turonensi
1751 3167 1899 3239 archiepis·

1146 3267 1230 3328 copo,
1246 3259 1278 3311 ut
1287 3252 1395 3311 eisdem
1411 3253 1439 3309 ln
1452 3255 1628 3311 necessariis
1641 3254 1837 3313 subvenietur.

1151 3370 1318 3434 Honorius
1352 3371 1563 3448 episcopus...
1593 3371 1780 3435 venerabili
1811 3372 1900 3434 tratri

1111 3469 1296 3529 'i'urouensi
1312 3467 1563 3546 archiepiscopo
1580 3467 1643 3549 (a),
1655 3471 1721 3532 etc.

1151 3564 1214 3637 Qui
1239 3566 1498 3628 ecclesiasticam
1517 3566 1792 3644 impugnantibus
1806 3566 1902 3629 liber-

1111 3664 1210 3724 tatem
1227 3678 1263 3722 se
1278 3678 1408 3725 murum
1430 3662 1633 3725 defensionis
1652 3664 1833 3741 opponunt,
1849 3680 1900 3724 re-

1112 3775 1184 3820 rum
1206 3758 1378 3837 dispendia
1394 3761 1428 3822 et
1441 3776 1661 3836 personarum
1677 3762 1826 3839 pericula
1841 3777 1900 3822 nou

1109 3856 1274 3926 timentes,
1291 3872 1330 3918 en
1342 3855 1460 3919 lortius
1472 3858 1550 3920 suut
1567 3872 1587 3919 a
1606 3858 1690 3918 viris
1704 3858 1902 3920 ecclesiasti·

1110 3953 1158 4015 cis
1173 3952 1364 4031 adjmaudi
1379 3962 1454 4017 curh
1464 3970 1520 4016 res
1533 3955 1654 4031 agatur
1668 3955 1829 4034 ipsorum,
1843 3972 1901 4032 quo

1109 4050 1340 4113 malefectores
1359 4052 1502 4129 amplius
1525 4053 1773 4116 invalescerent
1793 4056 1825 4115 et
1848 4054 1902 4113 de·

1109 4150 1184 4210 rent
1196 4148 1237 4209 ad
1248 4147 1411 4210 maleficia
1422 4150 1610 4226 proniorem
1626 4151 1656 4211 si
1669 4153 1705 4213 et
1718 4151 1769 4212 illi
1788 4168 1833 4215 ex
1843 4167 1899 4211 ue-

1109 4246 1264 4307 cessitate
1278 4246 1487 4318 desisterent,
1512 4248 1545 4310 et
1563 4248 1632 4320 isti,
1654 4248 1759 4310 nullis
1774 4249 1898 4327 agenti-

1109 4342 1292 4406 buscoutra
1305 4359 1373 4414 eos,
1386 4343 1511 4405 nullam
1528 4360 1662 4421 pceuam
1676 4362 1721 4407 ex
1733 4344 1897 4409 maleficiis

1109 4440 1330 4517 reportarent.
1347 4443 1427 4501 Cum
1448 4441 1560 4518 itaque
1584 4442 1793 4504 venerabilis
1807 4442 1899 4504 irater

1109 4541 1224 4599 uosier
1247 4539 1471 4600 Nanueleusis
1492 4539 1669 4617 episcopus
1680 4538 1728 4619 (b)
1747 4540 1897 4602 adversus

1108 4634 1318 4712 tyrannidem
1338 4634 1459 4696 nobilis
1482 4635 1547 4696 viri
1565 4637 1697 4698 comitis
1713 4638 1896 4707 Britanniae,
1970 4656 1971 4671 ¹

1109 4734 1355 4794 Nanuetensem
1381 4733 1557 4796 ecclesiam
1584 4734 1769 4796 crudeliter
1789 4751 1897 4812 perse-

1108 4830 1250 4907 quentis,
1266 4830 1382 4908 clypeo
1395 4829 1601 4892 detensionis
1620 4834 1805 4910 assumpto,
1828 4848 1898 4893 eiu·

392 4919 421 4969 et
432 4913 545 4986 anglise
560 4914 766 4971 marescalcum
782 4914 915 4987 agitatur.

1107 4928 1178 4988 lare
1194 4927 1299 5004 magis
1322 4928 1508 4990 decreuerit
1530 4944 1628 5006 qrram
1649 4930 1722 5006 pali
1744 4929 1897 4991 libertatis
1969 4918 1970 4989 Ξ

296 5020 463 5080 Honorius
505 5022 697 5099 episcopus,
732 5022 917 5084 venerabili
957 5022 1051 5087 fratri
1107 5015 1344 5088 ecclesiasticae
1359 5025 1606 5097 detrimentum,
1626 5028 1662 5087 et
1682 5042 1726 5088 ex
1749 5025 1813 5090 hoc
1835 5027 1898 5103 ipse
1968 5050 1969 5101 1

256 5116 509 5194 archiepiscopo
533 5117 741 5190 dublinensi,
763 5120 961 5197 Apostolicae
988 5123 1051 5181 Se·
1108 5122 1269 5183 acclerici
1284 5123 1352 5183 tam
1365 5123 1510 5184 civitatis
1526 5139 1624 5200 quam
1640 5123 1797 5185 dioecesis
1809 5125 1897 5185 Nau-

256 5214 306 5274 dis
319 5214 439 5291 legato,
456 5215 489 5275 et
499 5214 629 5275 dilectis
639 5215 718 5276 liliis
733 5218 806 5293 eJus
822 5216 1051 5295 conjudicibus
1107 5220 1253 5281 uetensis
1266 5220 1370 5281 totam
1383 5220 1591 5283 Britanniam
1605 5221 1674 5283 siut
1684 5221 1825 5297 egressi,
1841 5220 1900 5280 ira·

256 5309 374 5371 asede
396 5311 587 5388 apostolica
613 5309 776 5388 delegatis
792 5314 827 5373 iu
850 5330 961 5386 causa,
980 5330 1052 5391 qum
1105 5317 1296 5380 tenuitatem
1324 5320 1415 5379 tuam
1445 5334 1639 5390 monemus,
1678 5333 1837 5395 rogamus
1869 5318 1897 5377 el

256 5407 344 5468 iuter
355 5407 581 5469 venerabilem
591 5407 727 5470 fratrem
738 5411 887 5471 nostrum
903 5412 1053 5472 serueu-
1106 5404 1322 5476 exhortamur
1336 5416 1371 5475 iu
1387 5415 1537 5483 Domino,
1554 5430 1615 5491 per
1637 5416 1828 5493 apostolica
1843 5413 1896 5476 iibi

257 5518 326 5563 sem
343 5505 545 5583 episcopum,
567 5508 600 5569 et
613 5504 758 5567 nobilem
779 5507 888 5569 virum
902 5510 957 5569 W.
974 5524 1050 5570 ma·
1107 5510 1230 5588 scripta
1258 5510 1475 5583 mandantes,
1501 5511 1666 5589 quatenus
1693 5513 1847 5591 episcopo
1868 5512 1897 5573 et

291 5646 334 5717 (a)
352 5651 455 5708 loanni
470 5651 506 5708 de
517 5655 602 5725 Faya.
641 5652 682 5728 (b)
697 5654 871 5727 Stephanus.

1962 6016 1966 6161 l
