<?xml version="1.0" encoding="UTF-8"?>
<!DOCTYPE html PUBLIC "-//W3C//DTD XHTML 1.0 Transitional//EN"
    "http://www.w3.org/TR/xhtml1/DTD/xhtml1-transitional.dtd">
<html xmlns="http://www.w3.org/1999/xhtml" xml:lang="en" lang="en">
 <head>
  <title>
</title>
<meta http-equiv="Content-Type" content="text/html;charset=utf-8" />
  <meta name='ocr-system' content='tesseract 3.04.00' />
  <meta name='ocr-capabilities' content='ocr_page ocr_carea ocr_par ocr_line ocrx_word'/>
</head>
<body>
  <div class='ocr_page' id='page_1' title='image "./mediiaevibiblio00bottgoog_0653.png"; bbox 0 0 3980 6206; ppageno 0'>
   <div class='ocr_carea' id='block_1_1' title="bbox 257 263 317 322">
    <p class='ocr_par' dir='ltr' id='par_1_1' title="bbox 257 263 317 322">
     <span class='ocr_line' id='line_1_1' title="bbox 257 263 317 322; baseline -0.017 0"><span class='ocrx_word' id='word_1_1' title='bbox 257 263 317 322; x_wconf 77' lang='lat'><strong>795</strong></span> 
     </span>
    </p>
   </div>
   <div class='ocr_carea' id='block_1_2' title="bbox 254 413 1055 1940">
    <p class='ocr_par' dir='ltr' id='par_1_2' title="bbox 254 413 1055 1663">
     <span class='ocr_line' id='line_1_2' title="bbox 257 413 1053 492; baseline -0.01 -11"><span class='ocrx_word' id='word_1_2' title='bbox 257 421 386 482; x_wconf 80' lang='lat' dir='ltr'><strong>uestras</strong></span> <span class='ocrx_word' id='word_1_3' title='bbox 411 419 443 480; x_wconf 90' lang='lat' dir='ltr'><strong>et</strong></span> <span class='ocrx_word' id='word_1_4' title='bbox 465 415 701 479; x_wconf 87' lang='lat' dir='ltr'><strong>monasterium</strong></span> <span class='ocrx_word' id='word_1_5' title='bbox 726 414 847 492; x_wconf 89' lang='lat' dir='ltr'><strong>ipsum,</strong></span> <span class='ocrx_word' id='word_1_6' title='bbox 864 413 899 475; x_wconf 93' lang='lat' dir='ltr'><strong>in</strong></span> <span class='ocrx_word' id='word_1_7' title='bbox 916 430 980 492; x_wconf 92' lang='lat' dir='ltr'><strong>quo</strong></span> <span class='ocrx_word' id='word_1_8' title='bbox 999 413 1053 474; x_wconf 91' lang='lat' dir='ltr'><strong>di-</strong></span> 
     </span>
     <span class='ocr_line' id='line_1_3' title="bbox 256 510 1051 593; baseline -0.01 -14"><span class='ocrx_word' id='word_1_9' title='bbox 256 517 423 579; x_wconf 73' lang='grc'><strong>11111111</strong></span> <span class='ocrx_word' id='word_1_10' title='bbox 433 514 590 593; x_wconf 90' lang='lat' dir='ltr'><strong>obsequio</strong></span> <span class='ocrx_word' id='word_1_11' title='bbox 604 510 796 590; x_wconf 87' lang='lat' dir='ltr'><strong>mancipati,</strong></span> <span class='ocrx_word' id='word_1_12' title='bbox 810 527 885 573; x_wconf 90' lang='lat' dir='ltr'><strong>cum</strong></span> <span class='ocrx_word' id='word_1_13' title='bbox 898 511 1051 573; x_wconf 90' lang='lat' dir='ltr'><strong>omnibus</strong></span> 
     </span>
     <span class='ocr_line' id='line_1_4' title="bbox 254 609 1052 691; baseline -0.009 -15"><span class='ocrx_word' id='word_1_14' title='bbox 254 614 352 677; x_wconf 91' lang='lat' dir='ltr'><strong>bonis</strong></span> <span class='ocrx_word' id='word_1_15' title='bbox 381 630 455 691; x_wconf 79' lang='lat' dir='ltr'><strong>quae</strong></span> <span class='ocrx_word' id='word_1_16' title='bbox 480 612 780 688; x_wconf 83' lang='lat' dir='ltr'><strong>impraesentiarum</strong></span> <span class='ocrx_word' id='word_1_17' title='bbox 807 609 1052 672; x_wconf 79' lang='lat' dir='ltr'><strong>rationabiliter</strong></span> 
     </span>
     <span class='ocr_line' id='line_1_5' title="bbox 256 707 1050 790; baseline -0.006 -17"><span class='ocrx_word' id='word_1_18' title='bbox 256 712 404 790; x_wconf 85' lang='lat' dir='ltr'><strong>possidet</strong></span> <span class='ocrx_word' id='word_1_19' title='bbox 417 712 475 772; x_wconf 92' lang='lat' dir='ltr'><strong>aut</strong></span> <span class='ocrx_word' id='word_1_20' title='bbox 489 710 523 770; x_wconf 93' lang='lat' dir='ltr'><strong>in</strong></span> <span class='ocrx_word' id='word_1_21' title='bbox 540 708 686 771; x_wconf 80' lang='lat' dir='ltr'><strong>futurum</strong></span> <span class='ocrx_word' id='word_1_22' title='bbox 697 708 798 785; x_wconf 90' lang='lat' dir='ltr'><strong>justis</strong></span> <span class='ocrx_word' id='word_1_23' title='bbox 823 707 930 770; x_wconf 90' lang='lat' dir='ltr'><strong>modis</strong></span> <span class='ocrx_word' id='word_1_24' title='bbox 943 723 1050 785; x_wconf 85' lang='lat' dir='ltr'><strong>praes-</strong></span> 
     </span>
     <span class='ocr_line' id='line_1_6' title="bbox 257 805 1051 885; baseline -0.009 -13"><span class='ocrx_word' id='word_1_25' title='bbox 257 812 348 872; x_wconf 89' lang='lat' dir='ltr'><strong>tante</strong></span> <span class='ocrx_word' id='word_1_26' title='bbox 363 812 430 869; x_wconf 86' lang='lat' dir='ltr'><strong>Deo</strong></span> <span class='ocrx_word' id='word_1_27' title='bbox 455 807 577 885; x_wconf 88' lang='lat' dir='ltr'><strong>poterit</strong></span> <span class='ocrx_word' id='word_1_28' title='bbox 600 806 751 883; x_wconf 77' lang='lat' dir='ltr'><strong>adipisci,</strong></span> <span class='ocrx_word' id='word_1_29' title='bbox 774 805 836 867; x_wconf 89' lang='lat' dir='ltr'><strong>sub</strong></span> <span class='ocrx_word' id='word_1_30' title='bbox 855 805 943 868; x_wconf 92' lang='lat' dir='ltr'><strong>beati</strong></span> <span class='ocrx_word' id='word_1_31' title='bbox 961 805 1051 866; x_wconf 90' lang='lat' dir='ltr'><strong>Petri</strong></span> 
     </span>
     <span class='ocr_line' id='line_1_7' title="bbox 258 903 1053 982; baseline -0.01 -13"><span class='ocrx_word' id='word_1_32' title='bbox 258 908 291 969; x_wconf 89' lang='lat' dir='ltr'><strong>et</strong></span> <span class='ocrx_word' id='word_1_33' title='bbox 305 907 418 967; x_wconf 87' lang='lat' dir='ltr'><strong>nostre</strong></span> <span class='ocrx_word' id='word_1_34' title='bbox 434 905 637 982; x_wconf 87' lang='lat' dir='ltr'><strong>protectione</strong></span> <span class='ocrx_word' id='word_1_35' title='bbox 646 904 845 980; x_wconf 78' lang='lat' dir='ltr'><strong>suscipimus</strong></span> <span class='ocrx_word' id='word_1_36' title='bbox 858 903 891 964; x_wconf 91' lang='lat' dir='ltr'><strong>et</strong></span> <span class='ocrx_word' id='word_1_37' title='bbox 906 918 1053 979; x_wconf 77' lang='lat' dir='ltr'><strong>prasen-</strong></span> 
     </span>
     <span class='ocr_line' id='line_1_8' title="bbox 258 1001 1051 1080; baseline -0.006 -14"><span class='ocrx_word' id='word_1_38' title='bbox 258 1005 301 1067; x_wconf 92' lang='lat' dir='ltr'><strong>tis</strong></span> <span class='ocrx_word' id='word_1_39' title='bbox 325 1003 439 1080; x_wconf 88' lang='lat' dir='ltr'><strong>scripti</strong></span> <span class='ocrx_word' id='word_1_40' title='bbox 469 1002 654 1078; x_wconf 86' lang='lat' dir='ltr'><strong>patrocinio</strong></span> <span class='ocrx_word' id='word_1_41' title='bbox 679 1002 932 1063; x_wconf 83' lang='lat' dir='ltr'><strong>communimus.</strong></span> <span class='ocrx_word' id='word_1_42' title='bbox 960 1001 1051 1062; x_wconf 89' lang='lat' dir='ltr'><strong>Nulli</strong></span> 
     </span>
     <span class='ocr_line' id='line_1_9' title="bbox 258 1099 1052 1176; baseline -0.005 -14"><span class='ocrx_word' id='word_1_43' title='bbox 258 1117 338 1176; x_wconf 90' lang='lat' dir='ltr'><strong>ergo</strong></span> <span class='ocrx_word' id='word_1_44' title='bbox 353 1101 487 1162; x_wconf 91' lang='lat' dir='ltr'><strong>omnino</strong></span> <span class='ocrx_word' id='word_1_45' title='bbox 503 1099 672 1160; x_wconf 90' lang='lat' dir='ltr'><strong>hominum</strong></span> <span class='ocrx_word' id='word_1_46' title='bbox 685 1100 784 1159; x_wconf 90' lang='lat' dir='ltr'><strong>liceat</strong></span> <span class='ocrx_word' id='word_1_47' title='bbox 797 1099 884 1160; x_wconf 86' lang='lat' dir='ltr'><strong>banc</strong></span> <span class='ocrx_word' id='word_1_48' title='bbox 896 1099 1052 1175; x_wconf 87' lang='lat' dir='ltr'><strong>pagiuam</strong></span> 
     </span>
     <span class='ocr_line' id='line_1_10' title="bbox 259 1196 1053 1274; baseline -0.005 -15"><span class='ocrx_word' id='word_1_49' title='bbox 259 1199 382 1260; x_wconf 81' lang='lat' dir='ltr'><strong>nostrae</strong></span> <span class='ocrx_word' id='word_1_50' title='bbox 406 1196 622 1274; x_wconf 89' lang='lat' dir='ltr'><strong>protectionis</strong></span> <span class='ocrx_word' id='word_1_51' title='bbox 649 1196 831 1273; x_wconf 81' lang='lat' dir='ltr'><strong>intringere</strong></span> <span class='ocrx_word' id='word_1_52' title='bbox 850 1196 903 1258; x_wconf 82' lang='lat' dir='ltr'><strong>rel</strong></span> <span class='ocrx_word' id='word_1_53' title='bbox 918 1197 949 1257; x_wconf 92' lang='lat' dir='ltr'><strong>ei</strong></span> <span class='ocrx_word' id='word_1_54' title='bbox 969 1211 1053 1256; x_wconf 87' lang='lat' dir='ltr'><strong>ausu</strong></span> 
     </span>
     <span class='ocr_line' id='line_1_11' title="bbox 258 1293 1053 1371; baseline -0.003 -14"><span class='ocrx_word' id='word_1_55' title='bbox 258 1295 437 1357; x_wconf 89' lang='lat' dir='ltr'><strong>temerario</strong></span> <span class='ocrx_word' id='word_1_56' title='bbox 453 1294 629 1355; x_wconf 89' lang='lat' dir='ltr'><strong>contraire.</strong></span> <span class='ocrx_word' id='word_1_57' title='bbox 651 1294 685 1354; x_wconf 90' lang='lat' dir='ltr'><strong>Si</strong></span> <span class='ocrx_word' id='word_1_58' title='bbox 702 1295 775 1371; x_wconf 90' lang='lat' dir='ltr'><strong>quis</strong></span> <span class='ocrx_word' id='word_1_59' title='bbox 795 1295 904 1355; x_wconf 90' lang='lat' dir='ltr'><strong>autem</strong></span> <span class='ocrx_word' id='word_1_60' title='bbox 920 1293 984 1355; x_wconf 88' lang='lat' dir='ltr'><strong>hoc</strong></span> <span class='ocrx_word' id='word_1_61' title='bbox 999 1296 1053 1355; x_wconf 88' lang='lat' dir='ltr'><strong>at-</strong></span> 
     </span>
     <span class='ocr_line' id='line_1_12' title="bbox 259 1389 1054 1468; baseline -0.005 -15"><span class='ocrx_word' id='word_1_62' title='bbox 259 1392 389 1454; x_wconf 90' lang='lat' dir='ltr'><strong>tentare</strong></span> <span class='ocrx_word' id='word_1_63' title='bbox 405 1390 664 1468; x_wconf 75' lang='lat' dir='ltr'><strong>praesumpserit,</strong></span> <span class='ocrx_word' id='word_1_64' title='bbox 681 1389 942 1467; x_wconf 81' lang='lat' dir='ltr'><strong>indignationem</strong></span> <span class='ocrx_word' id='word_1_65' title='bbox 952 1390 1054 1451; x_wconf 88' lang='lat' dir='ltr'><strong>omni·</strong></span> 
     </span>
     <span class='ocr_line' id='line_1_13' title="bbox 260 1487 1055 1565; baseline -0.001 -16"><span class='ocrx_word' id='word_1_66' title='bbox 260 1489 403 1565; x_wconf 89' lang='lat' dir='ltr'><strong>potentis</strong></span> <span class='ocrx_word' id='word_1_67' title='bbox 419 1488 478 1549; x_wconf 88' lang='lat' dir='ltr'><strong>Dei</strong></span> <span class='ocrx_word' id='word_1_68' title='bbox 491 1490 523 1550; x_wconf 93' lang='lat' dir='ltr'><strong>et</strong></span> <span class='ocrx_word' id='word_1_69' title='bbox 533 1487 705 1549; x_wconf 90' lang='lat' dir='ltr'><strong>beatorum</strong></span> <span class='ocrx_word' id='word_1_70' title='bbox 719 1488 809 1548; x_wconf 91' lang='lat' dir='ltr'><strong>Petri</strong></span> <span class='ocrx_word' id='word_1_71' title='bbox 823 1488 856 1551; x_wconf 92' lang='lat' dir='ltr'><strong>et</strong></span> <span class='ocrx_word' id='word_1_72' title='bbox 870 1487 966 1549; x_wconf 86' lang='lat' dir='ltr'><strong>Pauli</strong></span> <span class='ocrx_word' id='word_1_73' title='bbox 978 1502 1055 1564; x_wconf 90' lang='lat' dir='ltr'><strong>apo·</strong></span> 
     </span>
     <span class='ocr_line' id='line_1_14' title="bbox 260 1585 945 1663; baseline -0.001 -16"><span class='ocrx_word' id='word_1_74' title='bbox 260 1587 420 1649; x_wconf 89' lang='lat' dir='ltr'><strong>stolorum</strong></span> <span class='ocrx_word' id='word_1_75' title='bbox 436 1588 509 1663; x_wconf 74' lang='lat' dir='ltr'><strong>eJus</strong></span> <span class='ocrx_word' id='word_1_76' title='bbox 527 1601 563 1647; x_wconf 93' lang='lat' dir='ltr'><strong>se</strong></span> <span class='ocrx_word' id='word_1_77' title='bbox 578 1585 709 1647; x_wconf 78' lang='lat' dir='ltr'><strong>noverit</strong></span> <span class='ocrx_word' id='word_1_78' title='bbox 722 1586 945 1646; x_wconf 88' lang='lat' dir='ltr'><strong>incursurum.</strong></span> 
     </span>
    </p>

    <p class='ocr_par' dir='ltr' id='par_1_3' title="bbox 259 1681 1054 1940">
     <span class='ocr_line' id='line_1_15' title="bbox 300 1681 1053 1759; baseline -0.004 -14"><span class='ocrx_word' id='word_1_79' title='bbox 300 1686 418 1745; x_wconf 90' lang='lat' dir='ltr'><strong>Datum</strong></span> <span class='ocrx_word' id='word_1_80' title='bbox 455 1686 580 1756; x_wconf 87' lang='lat' dir='ltr'><strong>Romae,</strong></span> <span class='ocrx_word' id='word_1_81' title='bbox 608 1681 695 1759; x_wconf 92' lang='lat' dir='ltr'><strong>apud</strong></span> <span class='ocrx_word' id='word_1_82' title='bbox 725 1685 882 1744; x_wconf 88' lang='lat' dir='ltr'><strong>Sanctum</strong></span> <span class='ocrx_word' id='word_1_83' title='bbox 919 1683 1053 1745; x_wconf 84' lang='lat' dir='ltr'><strong>Petrum</strong></span> 
     </span>
     <span class='ocr_line' id='line_1_16' title="bbox 259 1770 1054 1858; baseline -0.001 -17"><span class='ocrx_word' id='word_1_84' title='bbox 259 1781 367 1858; x_wconf 87' lang='lat' dir='ltr'><strong>pridie</strong></span> <span class='ocrx_word' id='word_1_85' title='bbox 389 1780 463 1841; x_wconf 92' lang='lat' dir='ltr'><strong>idus</strong></span> <span class='ocrx_word' id='word_1_86' title='bbox 485 1780 586 1858; x_wconf 90' lang='lat' dir='ltr'><strong>junii,</strong></span> <span class='ocrx_word' id='word_1_87' title='bbox 607 1778 818 1857; x_wconf 82' lang='lat' dir='ltr'><strong>pontificatus</strong></span> <span class='ocrx_word' id='word_1_88' title='bbox 842 1770 1054 1843; x_wconf 75' lang='grc'><strong>1111111111</strong></span> 
     </span>
     <span class='ocr_line' id='line_1_17' title="bbox 261 1878 416 1940; baseline -0.013 -1"><span class='ocrx_word' id='word_1_89' title='bbox 261 1878 416 1940; x_wconf 89' lang='lat' dir='ltr'><strong>secundo.</strong></span> 
     </span>
    </p>
   </div>
   <div class='ocr_carea' id='block_1_3' title="bbox 585 2036 731 2123">
    <p class='ocr_par' dir='ltr' id='par_1_4' title="bbox 585 2036 731 2123">
     <span class='ocr_line' id='line_1_18' title="bbox 585 2036 731 2123; baseline -0.007 0"><span class='ocrx_word' id='word_1_90' title='bbox 585 2036 731 2123; x_wconf 79' lang='lat' dir='ltr'><strong>dcxci</strong></span> 
     </span>
    </p>
   </div>
   <div class='ocr_carea' id='block_1_4' title="bbox 259 2187 1056 2347">
    <p class='ocr_par' dir='ltr' id='par_1_5' title="bbox 259 2187 1056 2347">
     <span class='ocr_line' id='line_1_19' title="bbox 259 2187 1056 2261; baseline -0.005 -9"><span class='ocrx_word' id='word_1_91' title='bbox 259 2194 312 2252; x_wconf 80' lang='lat' dir='ltr'><strong>Ad</strong></span> <span class='ocrx_word' id='word_1_92' title='bbox 320 2191 611 2261; x_wconf 77' lang='lat' dir='ltr'><strong>archiepiscopum</strong></span> <span class='ocrx_word' id='word_1_93' title='bbox 622 2188 848 2248; x_wconf 82' lang='lat' dir='ltr'><strong>Viennensem</strong></span> <span class='ocrx_word' id='word_1_94' title='bbox 857 2187 891 2248; x_wconf 84' lang='lat' dir='ltr'><strong>et</strong></span> <span class='ocrx_word' id='word_1_95' title='bbox 901 2187 1056 2248; x_wconf 81' lang='lat' dir='ltr'><strong>abbatem</strong></span> 
     </span>
     <span class='ocr_line' id='line_1_20' title="bbox 389 2285 927 2347; baseline -0.006 0"><span class='ocrx_word' id='word_1_96' title='bbox 389 2285 507 2347; x_wconf 84' lang='lat' dir='ltr'><strong>Sancti</strong></span> <span class='ocrx_word' id='word_1_97' title='bbox 527 2285 672 2346; x_wconf 81' lang='lat' dir='ltr'><strong>Victoris</strong></span> <span class='ocrx_word' id='word_1_98' title='bbox 686 2287 927 2345; x_wconf 77' lang='lat' dir='ltr'><strong>Massiliensis.</strong></span> 
     </span>
    </p>
   </div>
   <div class='ocr_carea' id='block_1_5' title="bbox 291 2423 1022 2622">
    <p class='ocr_par' dir='ltr' id='par_1_6' title="bbox 291 2423 1022 2622">
     <span class='ocr_line' id='line_1_21' title="bbox 557 2423 766 2495; baseline 0 -15"><span class='ocrx_word' id='word_1_99' title='bbox 557 2424 591 2481; x_wconf 75' lang='lat' dir='ltr'><strong>ln</strong></span> <span class='ocrx_word' id='word_1_100' title='bbox 602 2423 676 2495; x_wconf 82' lang='lat' dir='ltr'><strong>junii</strong></span> <span class='ocrx_word' id='word_1_101' title='bbox 687 2424 766 2481; x_wconf 75' lang='lat' dir='ltr'><strong>lala.</strong></span> 
     </span>
     <span class='ocr_line' id='line_1_22' title="bbox 291 2554 1022 2622; baseline -0.003 -15"><span class='ocrx_word' id='word_1_102' title='bbox 291 2559 407 2622; x_wconf 73' lang='lat' dir='ltr'><strong>[depost.</strong></span> <span class='ocrx_word' id='word_1_103' title='bbox 418 2555 463 2606; x_wconf 89' lang='lat' dir='ltr'><strong>lib.</strong></span> <span class='ocrx_word' id='word_1_104' title='bbox 474 2555 505 2613; x_wconf 89' lang='lat' dir='ltr'><strong>ll,</strong></span> <span class='ocrx_word' id='word_1_105' title='bbox 517 2554 591 2619; x_wconf 84' lang='lat' dir='ltr'><strong>epist</strong></span> <span class='ocrx_word' id='word_1_106' title='bbox 605 2554 742 2605; x_wconf 75' lang='lat' dir='ltr'><strong>lisama</strong></span> <span class='ocrx_word' id='word_1_107' title='bbox 754 2555 871 2606; x_wconf 84' lang='lat' dir='ltr'><strong>LaPorta</strong></span> <span class='ocrx_word' id='word_1_108' title='bbox 885 2554 1022 2617; x_wconf 81' lang='grc'><strong>11111111]</strong></span> 
     </span>
    </p>
   </div>
   <div class='ocr_carea' id='block_1_6' title="bbox 327 2687 987 2850">
    <p class='ocr_par' dir='ltr' id='par_1_7' title="bbox 327 2687 987 2850">
     <span class='ocr_line' id='line_1_23' title="bbox 327 2687 987 2762; baseline -0.005 -13"><span class='ocrx_word' id='word_1_109' title='bbox 327 2688 443 2749; x_wconf 80' lang='lat' dir='ltr'><strong>Mandat</strong></span> <span class='ocrx_word' id='word_1_110' title='bbox 455 2696 486 2746; x_wconf 89' lang='lat' dir='ltr'><strong>ut</strong></span> <span class='ocrx_word' id='word_1_111' title='bbox 498 2687 647 2762; x_wconf 79' lang='lat' dir='ltr'><strong>perficiant</strong></span> <span class='ocrx_word' id='word_1_112' title='bbox 660 2687 874 2760; x_wconf 82' lang='lat' dir='ltr'><strong>inquisitionem</strong></span> <span class='ocrx_word' id='word_1_113' title='bbox 889 2695 987 2746; x_wconf 88' lang='lat' dir='ltr'><strong>contra</strong></span> 
     </span>
     <span class='ocr_line' id='line_1_24' title="bbox 379 2775 933 2850; baseline -0.002 -15"><span class='ocrx_word' id='word_1_114' title='bbox 379 2778 511 2836; x_wconf 86' lang='lat' dir='ltr'><strong>abbatem</strong></span> <span class='ocrx_word' id='word_1_115' title='bbox 526 2776 694 2834; x_wconf 89' lang='lat' dir='ltr'><strong>monasterii</strong></span> <span class='ocrx_word' id='word_1_116' title='bbox 707 2777 804 2834; x_wconf 86' lang='lat' dir='ltr'><strong>Sancti</strong></span> <span class='ocrx_word' id='word_1_117' title='bbox 817 2775 933 2850; x_wconf 82' lang='lat' dir='ltr'><strong>AEgidii.</strong></span> 
     </span>
    </p>
   </div>
   <div class='ocr_carea' id='block_1_7' title="bbox 212 2908 1057 5419">
    <p class='ocr_par' dir='ltr' id='par_1_8' title="bbox 261 2908 1056 3169">
     <span class='ocr_line' id='line_1_25' title="bbox 298 2908 1056 2984; baseline -0.004 -10"><span class='ocrx_word' id='word_1_118' title='bbox 298 2912 477 2984; x_wconf 90' lang='lat' dir='ltr'><strong>Honorius,</strong></span> <span class='ocrx_word' id='word_1_119' title='bbox 489 2914 564 2983; x_wconf 80' lang='grc'><strong>111,</strong></span> <span class='ocrx_word' id='word_1_120' title='bbox 578 2908 762 2972; x_wconf 83' lang='grc'><strong>1111111111</strong></span> <span class='ocrx_word' id='word_1_121' title='bbox 777 2909 910 2972; x_wconf 84' lang='lat' dir='ltr'><strong>fratri...</strong></span> <span class='ocrx_word' id='word_1_122' title='bbox 923 2911 1056 2972; x_wconf 89' lang='lat' dir='ltr'><strong>archie-</strong></span> 
     </span>
     <span class='ocr_line' id='line_1_26' title="bbox 261 3007 1055 3088; baseline -0.003 -18"><span class='ocrx_word' id='word_1_123' title='bbox 261 3010 397 3088; x_wconf 90' lang='lat' dir='ltr'><strong>piscopo</strong></span> <span class='ocrx_word' id='word_1_124' title='bbox 425 3011 587 3070; x_wconf 90' lang='lat' dir='ltr'><strong>Viennen.</strong></span> <span class='ocrx_word' id='word_1_125' title='bbox 610 3009 642 3069; x_wconf 91' lang='lat' dir='ltr'><strong>et</strong></span> <span class='ocrx_word' id='word_1_126' title='bbox 670 3007 790 3069; x_wconf 91' lang='lat' dir='ltr'><strong>dilecto</strong></span> <span class='ocrx_word' id='word_1_127' title='bbox 809 3008 916 3069; x_wconf 86' lang='lat' dir='ltr'><strong>tilio...</strong></span> <span class='ocrx_word' id='word_1_128' title='bbox 944 3008 1055 3070; x_wconf 91' lang='lat' dir='ltr'><strong>abbati</strong></span> 
     </span>
     <span class='ocr_line' id='line_1_27' title="bbox 262 3104 730 3169; baseline -0.015 0"><span class='ocrx_word' id='word_1_129' title='bbox 262 3108 375 3169; x_wconf 88' lang='lat' dir='ltr'><strong>Sancti</strong></span> <span class='ocrx_word' id='word_1_130' title='bbox 389 3106 533 3167; x_wconf 81' lang='lat' dir='ltr'><strong>Victoris</strong></span> <span class='ocrx_word' id='word_1_131' title='bbox 548 3104 730 3166; x_wconf 88' lang='lat' dir='ltr'><strong>Massilien.</strong></span> 
     </span>
    </p>

    <p class='ocr_par' dir='ltr' id='par_1_9' title="bbox 259 3198 1057 3361">
     <span class='ocr_line' id='line_1_28' title="bbox 299 3198 1057 3277; baseline -0.001 -15"><span class='ocrx_word' id='word_1_132' title='bbox 299 3204 388 3263; x_wconf 87' lang='lat' dir='ltr'><strong>Visis</strong></span> <span class='ocrx_word' id='word_1_133' title='bbox 414 3202 536 3265; x_wconf 91' lang='lat' dir='ltr'><strong>litteris</strong></span> <span class='ocrx_word' id='word_1_134' title='bbox 560 3217 642 3277; x_wconf 91' lang='lat' dir='ltr'><strong>quas</strong></span> <span class='ocrx_word' id='word_1_135' title='bbox 667 3198 806 3261; x_wconf 92' lang='lat' dir='ltr'><strong>dilectus</strong></span> <span class='ocrx_word' id='word_1_136' title='bbox 829 3198 917 3263; x_wconf 89' lang='lat' dir='ltr'><strong>iilius</strong></span> <span class='ocrx_word' id='word_1_137' title='bbox 941 3203 1057 3262; x_wconf 90' lang='lat' dir='ltr'><strong>noster</strong></span> 
     </span>
     <span class='ocr_line' id='line_1_29' title="bbox 259 3296 1056 3361; baseline -0.001 0"><span class='ocrx_word' id='word_1_138' title='bbox 259 3298 462 3361; x_wconf 87' lang='lat' dir='ltr'><strong>Bertrandus</strong></span> <span class='ocrx_word' id='word_1_139' title='bbox 489 3296 577 3359; x_wconf 91' lang='lat' dir='ltr'><strong>tituli</strong></span> <span class='ocrx_word' id='word_1_140' title='bbox 611 3297 800 3358; x_wconf 90' lang='lat' dir='ltr'><strong>sanctorum</strong></span> <span class='ocrx_word' id='word_1_141' title='bbox 828 3297 991 3358; x_wconf 78' lang='lat' dir='ltr'><strong>iohannis</strong></span> <span class='ocrx_word' id='word_1_142' title='bbox 1023 3300 1056 3360; x_wconf 91' lang='lat' dir='ltr'><strong>et</strong></span> 
     </span>
    </p>

    <p class='ocr_par' dir='ltr' id='par_1_10' title="bbox 242 3390 1057 4442">
     <span class='ocr_line' id='line_1_30' title="bbox 242 3390 1055 3473; baseline -0.006 -14"><span class='ocrx_word' id='word_1_143' title='bbox 242 3390 247 3397; x_wconf 80' lang='grc'><em>’</em></span> <span class='ocrx_word' id='word_1_144' title='bbox 260 3398 357 3461; x_wconf 90' lang='lat' dir='ltr'><strong>Pauli</strong></span> <span class='ocrx_word' id='word_1_145' title='bbox 370 3396 543 3473; x_wconf 79' lang='lat' dir='ltr'><strong>presbyter</strong></span> <span class='ocrx_word' id='word_1_146' title='bbox 552 3394 733 3456; x_wconf 89' lang='lat' dir='ltr'><strong>cardinalis</strong></span> <span class='ocrx_word' id='word_1_147' title='bbox 750 3394 1055 3471; x_wconf 77' lang='lat' dir='ltr'><strong>apostolicaesedis</strong></span> 
     </span>
     <span class='ocr_line' id='line_1_31' title="bbox 260 3491 1055 3572; baseline -0.004 -17"><span class='ocrx_word' id='word_1_148' title='bbox 260 3495 390 3572; x_wconf 88' lang='lat' dir='ltr'><strong>legatus</strong></span> <span class='ocrx_word' id='word_1_149' title='bbox 405 3494 558 3555; x_wconf 89' lang='lat' dir='ltr'><strong>contra...</strong></span> <span class='ocrx_word' id='word_1_150' title='bbox 571 3491 722 3553; x_wconf 90' lang='lat' dir='ltr'><strong>abbatem</strong></span> <span class='ocrx_word' id='word_1_151' title='bbox 736 3492 930 3553; x_wconf 88' lang='lat' dir='ltr'><strong>monasterii</strong></span> <span class='ocrx_word' id='word_1_152' title='bbox 943 3493 1055 3553; x_wconf 89' lang='lat' dir='ltr'><strong>Sancti</strong></span> 
     </span>
     <span class='ocr_line' id='line_1_32' title="bbox 260 3587 1055 3669; baseline -0.006 -14"><span class='ocrx_word' id='word_1_153' title='bbox 260 3592 386 3669; x_wconf 83' lang='lat' dir='ltr'><strong>AEgidii</strong></span> <span class='ocrx_word' id='word_1_154' title='bbox 398 3590 586 3662; x_wconf 80' lang='lat' dir='ltr'><strong>destinarit,</strong></span> <span class='ocrx_word' id='word_1_155' title='bbox 598 3591 630 3651; x_wconf 91' lang='lat' dir='ltr'><strong>et</strong></span> <span class='ocrx_word' id='word_1_156' title='bbox 640 3588 762 3651; x_wconf 89' lang='lat' dir='ltr'><strong>auditis</strong></span> <span class='ocrx_word' id='word_1_157' title='bbox 773 3604 846 3666; x_wconf 86' lang='lat' dir='ltr'><strong>quae</strong></span> <span class='ocrx_word' id='word_1_158' title='bbox 856 3587 944 3649; x_wconf 90' lang='lat' dir='ltr'><strong>idem</strong></span> <span class='ocrx_word' id='word_1_159' title='bbox 954 3588 1055 3651; x_wconf 88' lang='lat' dir='ltr'><strong>abbas</strong></span> 
     </span>
     <span class='ocr_line' id='line_1_33' title="bbox 261 3685 1054 3763; baseline -0.008 -11"><span class='ocrx_word' id='word_1_160' title='bbox 261 3690 302 3752; x_wconf 89' lang='lat' dir='ltr'><strong>ad</strong></span> <span class='ocrx_word' id='word_1_161' title='bbox 318 3690 370 3750; x_wconf 91' lang='lat' dir='ltr'><strong>sui</strong></span> <span class='ocrx_word' id='word_1_162' title='bbox 380 3688 629 3750; x_wconf 81' lang='lat' dir='ltr'><strong>excusationem</strong></span> <span class='ocrx_word' id='word_1_163' title='bbox 638 3686 810 3763; x_wconf 86' lang='lat' dir='ltr'><strong>proposuit</strong></span> <span class='ocrx_word' id='word_1_164' title='bbox 822 3700 934 3746; x_wconf 89' lang='lat' dir='ltr'><strong>coram</strong></span> <span class='ocrx_word' id='word_1_165' title='bbox 947 3685 1054 3759; x_wconf 82' lang='lat' dir='ltr'><strong>nobie,</strong></span> 
     </span>
     <span class='ocr_line' id='line_1_34' title="bbox 261 3782 1055 3865; baseline -0.004 -17"><span class='ocrx_word' id='word_1_166' title='bbox 261 3804 359 3865; x_wconf 92' lang='lat' dir='ltr'><strong>quum</strong></span> <span class='ocrx_word' id='word_1_167' title='bbox 375 3786 596 3863; x_wconf 85' lang='lat' dir='ltr'><strong>praesumatur</strong></span> <span class='ocrx_word' id='word_1_168' title='bbox 605 3784 645 3845; x_wconf 90' lang='lat' dir='ltr'><strong>de</strong></span> <span class='ocrx_word' id='word_1_169' title='bbox 660 3782 898 3860; x_wconf 89' lang='lat' dir='ltr'><strong>dilapidatione</strong></span> <span class='ocrx_word' id='word_1_170' title='bbox 915 3799 1055 3860; x_wconf 88' lang='lat' dir='ltr'><strong>suspec-</strong></span> 
     </span>
     <span class='ocr_line' id='line_1_35' title="bbox 260 3880 1056 3961; baseline -0.006 -14"><span class='ocrx_word' id='word_1_171' title='bbox 260 3886 324 3955; x_wconf 89' lang='lat' dir='ltr'><strong>tus,</strong></span> <span class='ocrx_word' id='word_1_172' title='bbox 341 3883 545 3961; x_wconf 86' lang='lat' dir='ltr'><strong>providimus</strong></span> <span class='ocrx_word' id='word_1_173' title='bbox 561 3883 598 3943; x_wconf 92' lang='lat' dir='ltr'><strong>ut</strong></span> <span class='ocrx_word' id='word_1_174' title='bbox 612 3881 830 3957; x_wconf 88' lang='lat' dir='ltr'><strong>suspensione</strong></span> <span class='ocrx_word' id='word_1_175' title='bbox 849 3881 954 3956; x_wconf 90' lang='lat' dir='ltr'><strong>ipsius</strong></span> <span class='ocrx_word' id='word_1_176' title='bbox 969 3880 1056 3943; x_wconf 90' lang='lat' dir='ltr'><strong>iacta</strong></span> 
     </span>
     <span class='ocr_line' id='line_1_36' title="bbox 260 3977 1057 4058; baseline -0.005 -17"><span class='ocrx_word' id='word_1_177' title='bbox 260 3996 320 4058; x_wconf 90' lang='lat' dir='ltr'><strong>per</strong></span> <span class='ocrx_word' id='word_1_178' title='bbox 343 3978 545 4041; x_wconf 87' lang='lat' dir='ltr'><strong>cardinalem</strong></span> <span class='ocrx_word' id='word_1_179' title='bbox 561 3977 667 4056; x_wconf 89' lang='lat' dir='ltr'><strong>quoad</strong></span> <span class='ocrx_word' id='word_1_180' title='bbox 689 3977 920 4053; x_wconf 89' lang='lat' dir='ltr'><strong>temporalium</strong></span> <span class='ocrx_word' id='word_1_181' title='bbox 949 3977 1057 4038; x_wconf 91' lang='lat' dir='ltr'><strong>admi-</strong></span> 
     </span>
     <span class='ocr_line' id='line_1_37' title="bbox 260 4074 1056 4152; baseline -0.003 -14"><span class='ocrx_word' id='word_1_182' title='bbox 260 4077 457 4138; x_wconf 89' lang='lat' dir='ltr'><strong>nistratione</strong></span> <span class='ocrx_word' id='word_1_183' title='bbox 468 4076 632 4146; x_wconf 89' lang='lat' dir='ltr'><strong>manente,</strong></span> <span class='ocrx_word' id='word_1_184' title='bbox 647 4074 735 4135; x_wconf 88' lang='lat' dir='ltr'><strong>circa</strong></span> <span class='ocrx_word' id='word_1_185' title='bbox 747 4074 1056 4152; x_wconf 90' lang='lat' dir='ltr'><strong>ipsuminquisitio-</strong></span> 
     </span>
     <span class='ocr_line' id='line_1_38' title="bbox 260 4171 1055 4248; baseline -0.001 -14"><span class='ocrx_word' id='word_1_186' title='bbox 260 4174 313 4234; x_wconf 88' lang='lat' dir='ltr'><strong>nis</strong></span> <span class='ocrx_word' id='word_1_187' title='bbox 325 4173 621 4234; x_wconf 84' lang='lat' dir='ltr'><strong>officienteremur.</strong></span> <span class='ocrx_word' id='word_1_188' title='bbox 630 4171 792 4243; x_wconf 89' lang='lat' dir='ltr'><strong>Quocirca</strong></span> <span class='ocrx_word' id='word_1_189' title='bbox 801 4171 1055 4248; x_wconf 81' lang='lat' dir='ltr'><strong>parapostolica</strong></span> 
     </span>
     <span class='ocr_line' id='line_1_39' title="bbox 260 4267 1055 4345; baseline -0.001 -14"><span class='ocrx_word' id='word_1_190' title='bbox 260 4270 355 4331; x_wconf 85' lang='lat' dir='ltr'><strong>vobis</strong></span> <span class='ocrx_word' id='word_1_191' title='bbox 369 4270 490 4345; x_wconf 90' lang='lat' dir='ltr'><strong>scripta</strong></span> <span class='ocrx_word' id='word_1_192' title='bbox 510 4269 716 4340; x_wconf 87' lang='lat' dir='ltr'><strong>mandamus,</strong></span> <span class='ocrx_word' id='word_1_193' title='bbox 741 4270 903 4345; x_wconf 90' lang='lat' dir='ltr'><strong>quatenus</strong></span> <span class='ocrx_word' id='word_1_194' title='bbox 923 4268 964 4329; x_wconf 91' lang='lat' dir='ltr'><strong>ad</strong></span> <span class='ocrx_word' id='word_1_195' title='bbox 981 4267 1055 4330; x_wconf 91' lang='lat' dir='ltr'><strong>dic-</strong></span> 
     </span>
     <span class='ocr_line' id='line_1_40' title="bbox 260 4365 1053 4442; baseline -0.006 -11"><span class='ocrx_word' id='word_1_196' title='bbox 260 4370 330 4431; x_wconf 92' lang='lat' dir='ltr'><strong>tum</strong></span> <span class='ocrx_word' id='word_1_197' title='bbox 346 4365 583 4431; x_wconf 87' lang='lat' dir='ltr'><strong>monasterium</strong></span> <span class='ocrx_word' id='word_1_198' title='bbox 606 4365 827 4442; x_wconf 89' lang='lat' dir='ltr'><strong>personaliter</strong></span> <span class='ocrx_word' id='word_1_199' title='bbox 846 4365 1053 4438; x_wconf 89' lang='lat' dir='ltr'><strong>accedentes,</strong></span> 
     </span>
    </p>

    <p class='ocr_par' dir='ltr' id='par_1_11' title="bbox 212 4462 1055 4542">
     <span class='ocr_line' id='line_1_41' title="bbox 212 4462 1055 4542; baseline -0.001 -17"><span class='ocrx_word' id='word_1_200' title='bbox 212 4508 220 4513; x_wconf 87' lang='lat'><em>-</em></span> <span class='ocrx_word' id='word_1_201' title='bbox 261 4480 360 4542; x_wconf 89' lang='lat' dir='ltr'><strong>super</strong></span> <span class='ocrx_word' id='word_1_202' title='bbox 379 4462 616 4541; x_wconf 88' lang='lat' dir='ltr'><strong>dilapidatione</strong></span> <span class='ocrx_word' id='word_1_203' title='bbox 636 4478 675 4523; x_wconf 90' lang='lat' dir='ltr'><strong>ac</strong></span> <span class='ocrx_word' id='word_1_204' title='bbox 699 4462 787 4532; x_wconf 90' lang='lat' dir='ltr'><strong>aliis,</strong></span> <span class='ocrx_word' id='word_1_205' title='bbox 811 4478 911 4538; x_wconf 90' lang='lat' dir='ltr'><strong>super</strong></span> <span class='ocrx_word' id='word_1_206' title='bbox 935 4462 1055 4539; x_wconf 90' lang='lat' dir='ltr'><strong>quibus</strong></span> 
     </span>
    </p>

    <p class='ocr_par' dir='ltr' id='par_1_12' title="bbox 259 4558 1057 4737">
     <span class='ocr_line' id='line_1_42' title="bbox 260 4558 1055 4637; baseline -0.005 -11"><span class='ocrx_word' id='word_1_207' title='bbox 260 4564 420 4626; x_wconf 75' lang='lat' dir='ltr'><strong>adversus</strong></span> <span class='ocrx_word' id='word_1_208' title='bbox 442 4561 551 4637; x_wconf 91' lang='lat' dir='ltr'><strong>ipsum</strong></span> <span class='ocrx_word' id='word_1_209' title='bbox 576 4560 727 4621; x_wconf 90' lang='lat' dir='ltr'><strong>abbatem</strong></span> <span class='ocrx_word' id='word_1_210' title='bbox 755 4559 877 4620; x_wconf 86' lang='lat' dir='ltr'><strong>lamam</strong></span> <span class='ocrx_word' id='word_1_211' title='bbox 902 4558 1055 4622; x_wconf 88' lang='lat' dir='ltr'><strong>laborare</strong></span> 
     </span>
     <span class='ocr_line' id='line_1_43' title="bbox 259 4657 1057 4737; baseline -0.005 -15"><span class='ocrx_word' id='word_1_212' title='bbox 259 4659 422 4729; x_wconf 87' lang='lat' dir='ltr'><strong>videritis,</strong></span> <span class='ocrx_word' id='word_1_213' title='bbox 437 4658 614 4737; x_wconf 90' lang='lat' dir='ltr'><strong>inquiratis</strong></span> <span class='ocrx_word' id='word_1_214' title='bbox 625 4657 774 4735; x_wconf 85' lang='lat' dir='ltr'><strong>plenarie</strong></span> <span class='ocrx_word' id='word_1_215' title='bbox 794 4657 978 4729; x_wconf 73' lang='lat' dir='ltr'><strong>veritatem,</strong></span> <span class='ocrx_word' id='word_1_216' title='bbox 995 4674 1057 4718; x_wconf 89' lang='lat' dir='ltr'><strong>no-</strong></span> 
     </span>
    </p>

    <p class='ocr_par' dir='ltr' id='par_1_13' title="bbox 259 4754 1055 4835">
     <span class='ocr_line' id='line_1_44' title="bbox 259 4754 1055 4835; baseline -0.006 -16"><span class='ocrx_word' id='word_1_217' title='bbox 259 4758 310 4819; x_wconf 90' lang='lat' dir='ltr'><strong>bis</strong></span> <span class='ocrx_word' id='word_1_218' title='bbox 339 4755 496 4835; x_wconf 89' lang='lat' dir='ltr'><strong>quidquid</strong></span> <span class='ocrx_word' id='word_1_219' title='bbox 528 4754 744 4826; x_wconf 77' lang='lat' dir='ltr'><strong>inveneritis,</strong></span> <span class='ocrx_word' id='word_1_220' title='bbox 773 4756 842 4816; x_wconf 92' lang='lat' dir='ltr'><strong>tam</strong></span> <span class='ocrx_word' id='word_1_221' title='bbox 875 4770 975 4832; x_wconf 88' lang='lat' dir='ltr'><strong>super</strong></span> <span class='ocrx_word' id='word_1_222' title='bbox 1002 4754 1055 4815; x_wconf 88' lang='grc'><strong>1111</strong></span> 
     </span>
    </p>

    <p class='ocr_par' dir='ltr' id='par_1_14' title="bbox 258 4852 1056 5419">
     <span class='ocr_line' id='line_1_45' title="bbox 260 4852 1054 4934; baseline -0.004 -18"><span class='ocrx_word' id='word_1_223' title='bbox 260 4872 359 4934; x_wconf 90' lang='lat' dir='ltr'><strong>quam</strong></span> <span class='ocrx_word' id='word_1_224' title='bbox 374 4854 441 4915; x_wconf 90' lang='lat' dir='ltr'><strong>illis</strong></span> <span class='ocrx_word' id='word_1_225' title='bbox 457 4868 530 4931; x_wconf 89' lang='lat' dir='ltr'><strong>quae</strong></span> <span class='ocrx_word' id='word_1_226' title='bbox 552 4854 593 4914; x_wconf 94' lang='lat' dir='ltr'><strong>ad</strong></span> <span class='ocrx_word' id='word_1_227' title='bbox 614 4853 666 4914; x_wconf 87' lang='lat' dir='ltr'><strong>sui</strong></span> <span class='ocrx_word' id='word_1_228' title='bbox 681 4853 930 4914; x_wconf 79' lang='lat' dir='ltr'><strong>excusationem</strong></span> <span class='ocrx_word' id='word_1_229' title='bbox 945 4852 1054 4914; x_wconf 80' lang='lat' dir='ltr'><strong>duxe-</strong></span> 
     </span>
     <span class='ocr_line' id='line_1_46' title="bbox 259 4950 1056 5029; baseline -0.005 -14"><span class='ocrx_word' id='word_1_230' title='bbox 259 4954 305 5015; x_wconf 87' lang='lat' dir='ltr'><strong>rit</strong></span> <span class='ocrx_word' id='word_1_231' title='bbox 319 4950 543 5029; x_wconf 89' lang='lat' dir='ltr'><strong>proponenda,</strong></span> <span class='ocrx_word' id='word_1_232' title='bbox 561 4950 703 5012; x_wconf 79' lang='lat' dir='ltr'><strong>fideliter</strong></span> <span class='ocrx_word' id='word_1_233' title='bbox 716 4950 923 5027; x_wconf 88' lang='lat' dir='ltr'><strong>rescripturi,</strong></span> <span class='ocrx_word' id='word_1_234' title='bbox 942 4951 976 5011; x_wconf 89' lang='lat' dir='ltr'><strong>ut</strong></span> <span class='ocrx_word' id='word_1_235' title='bbox 996 4966 1056 5028; x_wconf 93' lang='lat' dir='ltr'><strong>per</strong></span> 
     </span>
     <span class='ocr_line' id='line_1_47' title="bbox 259 5047 1056 5123; baseline -0.004 -11"><span class='ocrx_word' id='word_1_236' title='bbox 259 5066 319 5112; x_wconf 84' lang='lat' dir='ltr'><strong>vos</strong></span> <span class='ocrx_word' id='word_1_237' title='bbox 334 5048 537 5109; x_wconf 83' lang='lat' dir='ltr'><strong>sufficienter</strong></span> <span class='ocrx_word' id='word_1_238' title='bbox 550 5047 704 5109; x_wconf 88' lang='lat' dir='ltr'><strong>instructi</strong></span> <span class='ocrx_word' id='word_1_239' title='bbox 722 5047 810 5107; x_wconf 89' lang='lat' dir='ltr'><strong>circa</strong></span> <span class='ocrx_word' id='word_1_240' title='bbox 821 5048 941 5123; x_wconf 91' lang='lat' dir='ltr'><strong>ipsum,</strong></span> <span class='ocrx_word' id='word_1_241' title='bbox 958 5050 1056 5123; x_wconf 91' lang='lat' dir='ltr'><strong>prout</strong></span> 
     </span>
     <span class='ocr_line' id='line_1_48' title="bbox 260 5144 1055 5225; baseline -0.005 -17"><span class='ocrx_word' id='word_1_242' title='bbox 260 5145 418 5225; x_wconf 83' lang='lat' dir='ltr'><strong>expedire</strong></span> <span class='ocrx_word' id='word_1_243' title='bbox 444 5144 654 5217; x_wconf 84' lang='lat' dir='ltr'><strong>uideremus,</strong></span> <span class='ocrx_word' id='word_1_244' title='bbox 685 5144 912 5221; x_wconf 86' lang='lat' dir='ltr'><strong>procedamus.</strong></span> <span class='ocrx_word' id='word_1_245' title='bbox 936 5146 1055 5205; x_wconf 89' lang='lat' dir='ltr'><strong>Datum</strong></span> 
     </span>
     <span class='ocr_line' id='line_1_49' title="bbox 260 5241 1054 5319; baseline -0.005 -13"><span class='ocrx_word' id='word_1_246' title='bbox 260 5248 373 5306; x_wconf 79' lang='lat' dir='ltr'><strong>Romae</strong></span> <span class='ocrx_word' id='word_1_247' title='bbox 389 5242 475 5319; x_wconf 89' lang='lat' dir='ltr'><strong>apud</strong></span> <span class='ocrx_word' id='word_1_248' title='bbox 499 5243 656 5302; x_wconf 87' lang='lat' dir='ltr'><strong>Sanctum</strong></span> <span class='ocrx_word' id='word_1_249' title='bbox 672 5244 805 5303; x_wconf 89' lang='lat' dir='ltr'><strong>Petrum</strong></span> <span class='ocrx_word' id='word_1_250' title='bbox 821 5242 966 5303; x_wconf 89' lang='lat' dir='ltr'><strong>secundo</strong></span> <span class='ocrx_word' id='word_1_251' title='bbox 980 5241 1054 5302; x_wconf 91' lang='lat' dir='ltr'><strong>idus</strong></span> 
     </span>
     <span class='ocr_line' id='line_1_50' title="bbox 258 5339 972 5419; baseline -0.003 -18"><span class='ocrx_word' id='word_1_252' title='bbox 258 5341 356 5418; x_wconf 76' lang='lat' dir='ltr'><strong>iunii,</strong></span> <span class='ocrx_word' id='word_1_253' title='bbox 373 5339 972 5419; x_wconf 67' lang='grc'><strong>11111111111111111111111111</strong></span> 
     </span>
    </p>
   </div>
   <div class='ocr_carea' id='block_1_8' title="bbox 873 256 1287 316">
    <p class='ocr_par' dir='ltr' id='par_1_15' title="bbox 873 256 1287 316">
     <span class='ocr_line' id='line_1_51' title="bbox 873 256 1287 316; baseline 0 -2"><span class='ocrx_word' id='word_1_254' title='bbox 873 256 1048 316; x_wconf 79' lang='lat' dir='ltr'><strong>llthORll</strong></span> <span class='ocrx_word' id='word_1_255' title='bbox 1073 256 1116 315; x_wconf 89' lang='grc' dir='ltr'><strong>ΙΙΙ</strong></span> <span class='ocrx_word' id='word_1_256' title='bbox 1138 256 1287 316; x_wconf 72' lang='lat' dir='ltr'><strong>OPERA.</strong></span> 
     </span>
    </p>
   </div>
   <div class='ocr_carea' id='block_1_9' title="bbox 1420 374 1587 531">
    <p class='ocr_par' dir='ltr' id='par_1_16' title="bbox 1420 374 1587 531">
     <span class='ocr_line' id='line_1_52' title="bbox 1420 374 1587 531; baseline 0.012 -2"><span class='ocrx_word' id='word_1_257' title='bbox 1420 374 1587 531; x_wconf 76' lang='lat' dir='ltr'><strong>ccxcii</strong></span> 
     </span>
    </p>
   </div>
   <div class='ocr_carea' id='block_1_10' title="bbox 1106 585 1900 759">
    <p class='ocr_par' dir='ltr' id='par_1_17' title="bbox 1106 585 1900 759">
     <span class='ocr_line' id='line_1_53' title="bbox 1106 585 1900 664; baseline 0.01 -20"><span class='ocrx_word' id='word_1_258' title='bbox 1106 585 1158 644; x_wconf 78' lang='lat' dir='ltr'><strong>Ad</strong></span> <span class='ocrx_word' id='word_1_259' title='bbox 1180 587 1472 658; x_wconf 72' lang='lat' dir='ltr'><strong>arehiepiscopum</strong></span> <span class='ocrx_word' id='word_1_260' title='bbox 1495 588 1741 663; x_wconf 69' lang='lat' dir='ltr'><strong>Maeandrium</strong></span> <span class='ocrx_word' id='word_1_261' title='bbox 1761 588 1796 649; x_wconf 87' lang='lat' dir='ltr'><strong>et</strong></span> <span class='ocrx_word' id='word_1_262' title='bbox 1828 594 1900 664; x_wconf 75' lang='lat' dir='ltr'><strong>eires</strong></span> 
     </span>
     <span class='ocr_line' id='line_1_54' title="bbox 1374 683 1626 759; baseline 0.008 -16"><span class='ocrx_word' id='word_1_263' title='bbox 1374 683 1626 759; x_wconf 77' lang='lat' dir='ltr'><strong>suffraganeos,</strong></span> 
     </span>
    </p>
   </div>
   <div class='ocr_carea' id='block_1_11' title="bbox 1401 804 1797 877">
    <p class='ocr_par' dir='ltr' id='par_1_18' title="bbox 1401 804 1797 877">
     <span class='ocr_line' id='line_1_55' title="bbox 1401 804 1797 877; baseline 0.023 -17"><span class='ocrx_word' id='word_1_264' title='bbox 1401 804 1517 877; x_wconf 74' lang='grc'><strong>1111111</strong></span> <span class='ocrx_word' id='word_1_265' title='bbox 1531 806 1610 863; x_wconf 68' lang='lat' dir='ltr'><strong>litt.</strong></span> <span class='ocrx_word' id='word_1_266' title='bbox 1771 818 1797 869; x_wconf 68' lang='lat' dir='ltr'><strong>t</strong></span> 
     </span>
    </p>
   </div>
   <div class='ocr_carea' id='block_1_12' title="bbox 1138 917 1870 1064">
    <p class='ocr_par' dir='ltr' id='par_1_19' title="bbox 1138 917 1870 1064">
     <span class='ocr_line' id='line_1_56' title="bbox 1138 917 1870 983; baseline 0.007 -16"><span class='ocrx_word' id='word_1_267' title='bbox 1138 917 1315 979; x_wconf 79' lang='lat' dir='ltr'><strong>[wurdtweim</strong></span> <span class='ocrx_word' id='word_1_268' title='bbox 1326 918 1399 969; x_wconf 82' lang='lat' dir='ltr'><strong>Nova</strong></span> <span class='ocrx_word' id='word_1_269' title='bbox 1407 918 1530 977; x_wconf 82' lang='lat' dir='ltr'><strong>subsidia,</strong></span> <span class='ocrx_word' id='word_1_270' title='bbox 1543 919 1642 978; x_wconf 79' lang='grc'><strong>111,11;</strong></span> <span class='ocrx_word' id='word_1_271' title='bbox 1658 920 1770 983; x_wconf 65' lang='lat' dir='ltr'><strong>nagan,</strong></span> <span class='ocrx_word' id='word_1_272' title='bbox 1785 920 1831 972; x_wconf 87' lang='grc'><strong>1111.</strong></span> <span class='ocrx_word' id='word_1_273' title='bbox 1841 922 1870 980; x_wconf 87' lang='lat' dir='ltr'><strong>ll,</strong></span> 
     </span>
     <span class='ocr_line' id='line_1_57' title="bbox 1416 999 1590 1064; baseline 0.006 -15"><span class='ocrx_word' id='word_1_274' title='bbox 1416 999 1490 1063; x_wconf 81' lang='lat' dir='ltr'><strong>epist.</strong></span> <span class='ocrx_word' id='word_1_275' title='bbox 1508 999 1590 1064; x_wconf 70' lang='lat' dir='ltr'><strong>lina]</strong></span> 
     </span>
    </p>
   </div>
   <div class='ocr_carea' id='block_1_13' title="bbox 1160 1093 1851 1258">
    <p class='ocr_par' dir='ltr' id='par_1_20' title="bbox 1160 1093 1851 1258">
     <span class='ocr_line' id='line_1_58' title="bbox 1160 1093 1851 1171; baseline 0.007 -19"><span class='ocrx_word' id='word_1_276' title='bbox 1160 1093 1203 1153; x_wconf 80' lang='grc'><strong>11</strong></span> <span class='ocrx_word' id='word_1_277' title='bbox 1215 1094 1437 1153; x_wconf 85' lang='lat' dir='ltr'><strong>succurrendum</strong></span> <span class='ocrx_word' id='word_1_278' title='bbox 1452 1098 1613 1154; x_wconf 77' lang='lat' dir='ltr'><strong>Prusenicee</strong></span> <span class='ocrx_word' id='word_1_279' title='bbox 1625 1098 1707 1171; x_wconf 82' lang='lat' dir='ltr'><strong>genti</strong></span> <span class='ocrx_word' id='word_1_280' title='bbox 1717 1097 1851 1157; x_wconf 82' lang='lat' dir='ltr'><strong>exhortet</strong></span> 
     </span>
     <span class='ocr_line' id='line_1_59' title="bbox 1435 1184 1569 1258; baseline -0.007 -16"><span class='ocrx_word' id='word_1_281' title='bbox 1435 1184 1569 1258; x_wconf 80' lang='lat' dir='ltr'><strong>pontifex.</strong></span> 
     </span>
    </p>
   </div>
   <div class='ocr_carea' id='block_1_14' title="bbox 1108 1293 1965 5648">
    <p class='ocr_par' dir='ltr' id='par_1_21' title="bbox 1108 1293 1899 1565">
     <span class='ocr_line' id='line_1_60' title="bbox 1148 1293 1897 1365; baseline 0.004 -11"><span class='ocrx_word' id='word_1_282' title='bbox 1148 1293 1324 1365; x_wconf 89' lang='lat' dir='ltr'><strong>Honorius,</strong></span> <span class='ocrx_word' id='word_1_283' title='bbox 1341 1295 1417 1365; x_wconf 86' lang='lat' dir='ltr'><strong>etc,</strong></span> <span class='ocrx_word' id='word_1_284' title='bbox 1439 1294 1685 1357; x_wconf 87' lang='lat' dir='ltr'><strong>venerabilibus</strong></span> <span class='ocrx_word' id='word_1_285' title='bbox 1705 1294 1897 1358; x_wconf 83' lang='lat' dir='ltr'><strong>iratribus...</strong></span> 
     </span>
     <span class='ocr_line' id='line_1_61' title="bbox 1108 1391 1899 1469; baseline 0.003 -18"><span class='ocrx_word' id='word_1_286' title='bbox 1108 1392 1302 1466; x_wconf 84' lang='lat' dir='ltr'><strong>Maguntino</strong></span> <span class='ocrx_word' id='word_1_287' title='bbox 1333 1391 1583 1469; x_wconf 87' lang='lat' dir='ltr'><strong>archiepiscopo</strong></span> <span class='ocrx_word' id='word_1_288' title='bbox 1613 1394 1649 1454; x_wconf 91' lang='lat' dir='ltr'><strong>et</strong></span> <span class='ocrx_word' id='word_1_289' title='bbox 1679 1394 1899 1469; x_wconf 80' lang='lat' dir='ltr'><strong>suffraganeis</strong></span> 
     </span>
     <span class='ocr_line' id='line_1_62' title="bbox 1109 1487 1436 1565; baseline -0.003 -17"><span class='ocrx_word' id='word_1_290' title='bbox 1109 1490 1192 1565; x_wconf 90' lang='lat' dir='ltr'><strong>ejus,</strong></span> <span class='ocrx_word' id='word_1_291' title='bbox 1209 1487 1360 1560; x_wconf 88' lang='lat' dir='ltr'><strong>salutem,</strong></span> <span class='ocrx_word' id='word_1_292' title='bbox 1373 1491 1436 1551; x_wconf 88' lang='lat' dir='ltr'><strong>etc.</strong></span> 
     </span>
    </p>

    <p class='ocr_par' dir='ltr' id='par_1_22' title="bbox 1108 1585 1965 5648">
     <span class='ocr_line' id='line_1_63' title="bbox 1151 1585 1901 1664; baseline 0.003 -18"><span class='ocrx_word' id='word_1_293' title='bbox 1151 1588 1186 1646; x_wconf 91' lang='lat' dir='ltr'><strong>in</strong></span> <span class='ocrx_word' id='word_1_294' title='bbox 1215 1587 1359 1646; x_wconf 76' lang='lat' dir='ltr'><strong>prussiae</strong></span> <span class='ocrx_word' id='word_1_295' title='bbox 1380 1585 1529 1662; x_wconf 89' lang='lat' dir='ltr'><strong>partibus</strong></span> <span class='ocrx_word' id='word_1_296' title='bbox 1553 1586 1696 1664; x_wconf 87' lang='lat' dir='ltr'><strong>populus</strong></span> <span class='ocrx_word' id='word_1_297' title='bbox 1723 1589 1776 1651; x_wconf 86' lang='lat' dir='ltr'><strong>est</strong></span> <span class='ocrx_word' id='word_1_298' title='bbox 1799 1603 1820 1649; x_wconf 89' lang='lat' dir='ltr'><strong>a</strong></span> <span class='ocrx_word' id='word_1_299' title='bbox 1842 1587 1901 1649; x_wconf 89' lang='lat' dir='ltr'><strong>tide</strong></span> 
     </span>
     <span class='ocr_line' id='line_1_64' title="bbox 1109 1683 1899 1762; baseline 0.01 -22"><span class='ocrx_word' id='word_1_300' title='bbox 1109 1698 1245 1760; x_wconf 87' lang='lat' dir='ltr'><strong>prorsus</strong></span> <span class='ocrx_word' id='word_1_301' title='bbox 1272 1683 1465 1745; x_wconf 84' lang='lat' dir='ltr'><strong>exorbitans</strong></span> <span class='ocrx_word' id='word_1_302' title='bbox 1492 1685 1526 1746; x_wconf 90' lang='grc'><strong>11</strong></span> <span class='ocrx_word' id='word_1_303' title='bbox 1549 1684 1623 1761; x_wconf 91' lang='lat' dir='ltr'><strong>plus</strong></span> <span class='ocrx_word' id='word_1_304' title='bbox 1652 1700 1753 1762; x_wconf 86' lang='lat' dir='ltr'><strong>quam</strong></span> <span class='ocrx_word' id='word_1_305' title='bbox 1773 1684 1899 1747; x_wconf 85' lang='lat' dir='ltr'><strong>bestiali</strong></span> 
     </span>
     <span class='ocr_line' id='line_1_65' title="bbox 1109 1780 1899 1859; baseline 0.004 -19"><span class='ocrx_word' id='word_1_306' title='bbox 1109 1780 1239 1842; x_wconf 89' lang='lat' dir='ltr'><strong>deditus</strong></span> <span class='ocrx_word' id='word_1_307' title='bbox 1254 1780 1390 1851; x_wconf 78' lang='lat' dir='ltr'><strong>feritati,</strong></span> <span class='ocrx_word' id='word_1_308' title='bbox 1405 1781 1461 1858; x_wconf 91' lang='lat' dir='ltr'><strong>qui</strong></span> <span class='ocrx_word' id='word_1_309' title='bbox 1476 1782 1513 1843; x_wconf 90' lang='lat' dir='ltr'><strong>ut</strong></span> <span class='ocrx_word' id='word_1_310' title='bbox 1530 1796 1570 1842; x_wconf 90' lang='lat' dir='ltr'><strong>ea</strong></span> <span class='ocrx_word' id='word_1_311' title='bbox 1591 1781 1726 1854; x_wconf 88' lang='lat' dir='ltr'><strong>iaciant,</strong></span> <span class='ocrx_word' id='word_1_312' title='bbox 1741 1798 1818 1859; x_wconf 75' lang='lat' dir='ltr'><strong>quas</strong></span> <span class='ocrx_word' id='word_1_313' title='bbox 1838 1798 1899 1844; x_wconf 91' lang='lat' dir='ltr'><strong>non</strong></span> 
     </span>
     <span class='ocr_line' id='line_1_66' title="bbox 1109 1877 1901 1957; baseline 0.003 -18"><span class='ocrx_word' id='word_1_314' title='bbox 1109 1878 1312 1939; x_wconf 86' lang='lat' dir='ltr'><strong>conveniunt</strong></span> <span class='ocrx_word' id='word_1_315' title='bbox 1334 1878 1422 1939; x_wconf 88' lang='lat' dir='ltr'><strong>inter</strong></span> <span class='ocrx_word' id='word_1_316' title='bbox 1443 1877 1511 1939; x_wconf 90' lang='lat' dir='ltr'><strong>alia</strong></span> <span class='ocrx_word' id='word_1_317' title='bbox 1528 1878 1646 1950; x_wconf 90' lang='lat' dir='ltr'><strong>multa,</strong></span> <span class='ocrx_word' id='word_1_318' title='bbox 1663 1880 1796 1957; x_wconf 84' lang='lat' dir='ltr'><strong>quaeda</strong></span> <span class='ocrx_word' id='word_1_319' title='bbox 1816 1879 1901 1957; x_wconf 91' lang='lat' dir='ltr'><strong>ipso-</strong></span> 
     </span>
     <span class='ocr_line' id='line_1_67' title="bbox 1110 1973 1900 2052; baseline 0.004 -18"><span class='ocrx_word' id='word_1_320' title='bbox 1110 1990 1182 2034; x_wconf 90' lang='lat' dir='ltr'><strong>rum</strong></span> <span class='ocrx_word' id='word_1_321' title='bbox 1198 1973 1403 2035; x_wconf 88' lang='lat' dir='ltr'><strong>immanitate</strong></span> <span class='ocrx_word' id='word_1_322' title='bbox 1423 1973 1584 2047; x_wconf 82' lang='lat' dir='ltr'><strong>teruntur,</strong></span> <span class='ocrx_word' id='word_1_323' title='bbox 1607 1979 1830 2052; x_wconf 87' lang='lat' dir='ltr'><strong>quotcumque</strong></span> <span class='ocrx_word' id='word_1_324' title='bbox 1850 1975 1900 2037; x_wconf 89' lang='lat' dir='ltr'><strong>ie-</strong></span> 
     </span>
     <span class='ocr_line' id='line_1_68' title="bbox 1110 2070 1902 2150; baseline 0.003 -18"><span class='ocrx_word' id='word_1_325' title='bbox 1110 2070 1230 2132; x_wconf 89' lang='lat' dir='ltr'><strong>minini</strong></span> <span class='ocrx_word' id='word_1_326' title='bbox 1244 2088 1346 2132; x_wconf 88' lang='lat' dir='ltr'><strong>sexus</strong></span> <span class='ocrx_word' id='word_1_327' title='bbox 1367 2073 1473 2133; x_wconf 87' lang='lat' dir='ltr'><strong>mater</strong></span> <span class='ocrx_word' id='word_1_328' title='bbox 1494 2073 1612 2149; x_wconf 85' lang='lat' dir='ltr'><strong>pariat,</strong></span> <span class='ocrx_word' id='word_1_329' title='bbox 1635 2074 1806 2149; x_wconf 86' lang='lat' dir='ltr'><strong>perimunt</strong></span> <span class='ocrx_word' id='word_1_330' title='bbox 1819 2089 1902 2150; x_wconf 73' lang='lat' dir='ltr'><strong>pra.-</strong></span> 
     </span>
     <span class='ocr_line' id='line_1_69' title="bbox 1109 2169 1900 2246; baseline 0.003 -16"><span class='ocrx_word' id='word_1_331' title='bbox 1109 2170 1161 2230; x_wconf 91' lang='lat' dir='ltr'><strong>ter</strong></span> <span class='ocrx_word' id='word_1_332' title='bbox 1195 2184 1313 2239; x_wconf 91' lang='lat' dir='ltr'><strong>unam,</strong></span> <span class='ocrx_word' id='word_1_333' title='bbox 1350 2169 1518 2246; x_wconf 90' lang='lat' dir='ltr'><strong>tamquam</strong></span> <span class='ocrx_word' id='word_1_334' title='bbox 1552 2170 1693 2231; x_wconf 88' lang='lat' dir='ltr'><strong>Domino</strong></span> <span class='ocrx_word' id='word_1_335' title='bbox 1728 2170 1835 2232; x_wconf 85' lang='grc'><strong>111111</strong></span> <span class='ocrx_word' id='word_1_336' title='bbox 1867 2170 1900 2231; x_wconf 89' lang='lat' dir='ltr'><strong>in</strong></span> 
     </span>
     <span class='ocr_line' id='line_1_70' title="bbox 1110 2266 1902 2345; baseline 0.005 -20"><span class='ocrx_word' id='word_1_337' title='bbox 1110 2267 1348 2343; x_wconf 81' lang='lat' dir='ltr'><strong>propagatione</strong></span> <span class='ocrx_word' id='word_1_338' title='bbox 1373 2266 1509 2328; x_wconf 87' lang='lat' dir='ltr'><strong>humani</strong></span> <span class='ocrx_word' id='word_1_339' title='bbox 1531 2267 1663 2343; x_wconf 87' lang='lat' dir='ltr'><strong>generis</strong></span> <span class='ocrx_word' id='word_1_340' title='bbox 1678 2266 1816 2329; x_wconf 88' lang='lat' dir='ltr'><strong>obviare</strong></span> <span class='ocrx_word' id='word_1_341' title='bbox 1834 2284 1902 2345; x_wconf 88' lang='lat' dir='ltr'><strong>pas·</strong></span> 
     </span>
     <span class='ocr_line' id='line_1_71' title="bbox 1110 2363 1902 2442; baseline 0.003 -18"><span class='ocrx_word' id='word_1_342' title='bbox 1110 2363 1172 2424; x_wconf 90' lang='lat' dir='ltr'><strong>sim</strong></span> <span class='ocrx_word' id='word_1_343' title='bbox 1187 2366 1220 2425; x_wconf 91' lang='lat' dir='ltr'><strong>et</strong></span> <span class='ocrx_word' id='word_1_344' title='bbox 1234 2363 1305 2424; x_wconf 90' lang='lat' dir='ltr'><strong>sine</strong></span> <span class='ocrx_word' id='word_1_345' title='bbox 1317 2363 1516 2424; x_wconf 86' lang='lat' dir='ltr'><strong>verecundia</strong></span> <span class='ocrx_word' id='word_1_346' title='bbox 1527 2364 1639 2440; x_wconf 88' lang='lat' dir='ltr'><strong>plures</strong></span> <span class='ocrx_word' id='word_1_347' title='bbox 1653 2380 1772 2426; x_wconf 90' lang='lat' dir='ltr'><strong>eorum</strong></span> <span class='ocrx_word' id='word_1_348' title='bbox 1783 2366 1902 2442; x_wconf 85' lang='lat' dir='ltr'><strong>prosti-</strong></span> 
     </span>
     <span class='ocr_line' id='line_1_72' title="bbox 1109 2461 1899 2538; baseline 0.005 -17"><span class='ocrx_word' id='word_1_349' title='bbox 1109 2463 1205 2522; x_wconf 89' lang='lat' dir='ltr'><strong>tuunt</strong></span> <span class='ocrx_word' id='word_1_350' title='bbox 1219 2461 1306 2522; x_wconf 86' lang='lat' dir='ltr'><strong>filias</strong></span> <span class='ocrx_word' id='word_1_351' title='bbox 1318 2463 1352 2523; x_wconf 97' lang='grc'><strong>11</strong></span> <span class='ocrx_word' id='word_1_352' title='bbox 1366 2476 1488 2522; x_wconf 82' lang='lat' dir='ltr'><strong>uxores</strong></span> <span class='ocrx_word' id='word_1_353' title='bbox 1501 2476 1542 2523; x_wconf 92' lang='lat' dir='ltr'><strong>ac</strong></span> <span class='ocrx_word' id='word_1_354' title='bbox 1560 2462 1710 2538; x_wconf 82' lang='lat' dir='ltr'><strong>captivos</strong></span> <span class='ocrx_word' id='word_1_355' title='bbox 1728 2462 1899 2525; x_wconf 84' lang='lat' dir='ltr'><strong>immolant</strong></span> 
     </span>
     <span class='ocr_line' id='line_1_73' title="bbox 1109 2557 1901 2633; baseline 0.003 -15"><span class='ocrx_word' id='word_1_356' title='bbox 1109 2558 1173 2618; x_wconf 88' lang='lat' dir='ltr'><strong>diis</strong></span> <span class='ocrx_word' id='word_1_357' title='bbox 1197 2558 1267 2618; x_wconf 91' lang='lat' dir='ltr'><strong>suis</strong></span> <span class='ocrx_word' id='word_1_358' title='bbox 1287 2558 1489 2633; x_wconf 82' lang='lat' dir='ltr'><strong>intingentes</strong></span> <span class='ocrx_word' id='word_1_359' title='bbox 1506 2557 1635 2632; x_wconf 86' lang='lat' dir='ltr'><strong>gladios</strong></span> <span class='ocrx_word' id='word_1_360' title='bbox 1657 2561 1692 2619; x_wconf 91' lang='lat' dir='ltr'><strong>et</strong></span> <span class='ocrx_word' id='word_1_361' title='bbox 1706 2558 1853 2630; x_wconf 86' lang='lat' dir='ltr'><strong>lanceas,</strong></span> <span class='ocrx_word' id='word_1_362' title='bbox 1867 2562 1901 2620; x_wconf 92' lang='lat' dir='ltr'><strong>ut</strong></span> 
     </span>
     <span class='ocr_line' id='line_1_74' title="bbox 1110 2654 1899 2733; baseline 0.005 -19"><span class='ocrx_word' id='word_1_363' title='bbox 1110 2670 1301 2732; x_wconf 87' lang='lat' dir='ltr'><strong>prosperam</strong></span> <span class='ocrx_word' id='word_1_364' title='bbox 1317 2654 1482 2716; x_wconf 80' lang='lat' dir='ltr'><strong>fortunam</strong></span> <span class='ocrx_word' id='word_1_365' title='bbox 1502 2654 1657 2727; x_wconf 86' lang='lat' dir='ltr'><strong>habeant,</strong></span> <span class='ocrx_word' id='word_1_366' title='bbox 1679 2656 1714 2717; x_wconf 90' lang='grc'><strong>11</strong></span> <span class='ocrx_word' id='word_1_367' title='bbox 1738 2657 1899 2733; x_wconf 72' lang='lat' dir='ltr'><strong>sanguim</strong></span> 
     </span>
     <span class='ocr_line' id='line_1_75' title="bbox 1110 2751 1897 2830; baseline 0.001 -19"><span class='ocrx_word' id='word_1_368' title='bbox 1110 2752 1353 2828; x_wconf 73' lang='lat' dir='ltr'><strong>praedictorum,</strong></span> <span class='ocrx_word' id='word_1_369' title='bbox 1369 2753 1500 2828; x_wconf 80' lang='lat' dir='ltr'><strong>gentem</strong></span> <span class='ocrx_word' id='word_1_370' title='bbox 1514 2752 1615 2813; x_wconf 88' lang='lat' dir='ltr'><strong>etiam</strong></span> <span class='ocrx_word' id='word_1_371' title='bbox 1625 2751 1730 2825; x_wconf 86' lang='lat' dir='ltr'><strong>illam,</strong></span> <span class='ocrx_word' id='word_1_372' title='bbox 1748 2769 1848 2830; x_wconf 85' lang='lat' dir='ltr'><strong>quam</strong></span> <span class='ocrx_word' id='word_1_373' title='bbox 1860 2752 1897 2813; x_wconf 90' lang='lat' dir='ltr'><strong>de</strong></span> 
     </span>
     <span class='ocr_line' id='line_1_76' title="bbox 1109 2848 1898 2926; baseline 0.001 -17"><span class='ocrx_word' id='word_1_374' title='bbox 1109 2849 1218 2910; x_wconf 90' lang='lat' dir='ltr'><strong>medio</strong></span> <span class='ocrx_word' id='word_1_375' title='bbox 1243 2849 1389 2925; x_wconf 90' lang='lat' dir='ltr'><strong>ipsorum</strong></span> <span class='ocrx_word' id='word_1_376' title='bbox 1420 2848 1611 2910; x_wconf 87' lang='lat' dir='ltr'><strong>misericors</strong></span> <span class='ocrx_word' id='word_1_377' title='bbox 1641 2849 1826 2918; x_wconf 86' lang='lat' dir='ltr'><strong>Dominus,</strong></span> <span class='ocrx_word' id='word_1_378' title='bbox 1847 2849 1898 2926; x_wconf 89' lang='lat' dir='ltr'><strong>qui</strong></span> 
     </span>
     <span class='ocr_line' id='line_1_77' title="bbox 1111 2945 1899 3022; baseline 0.001 -17"><span class='ocrx_word' id='word_1_379' title='bbox 1111 2946 1276 3005; x_wconf 91' lang='lat' dir='ltr'><strong>neminem</strong></span> <span class='ocrx_word' id='word_1_380' title='bbox 1291 2945 1362 3005; x_wconf 88' lang='grc'><strong>11111</strong></span> <span class='ocrx_word' id='word_1_381' title='bbox 1376 2946 1496 3022; x_wconf 90' lang='lat' dir='ltr'><strong>perire,</strong></span> <span class='ocrx_word' id='word_1_382' title='bbox 1515 2946 1557 3006; x_wconf 93' lang='lat' dir='ltr'><strong>ad</strong></span> <span class='ocrx_word' id='word_1_383' title='bbox 1581 2945 1789 3022; x_wconf 87' lang='lat' dir='ltr'><strong>agnitionem</strong></span> <span class='ocrx_word' id='word_1_384' title='bbox 1810 2947 1899 3007; x_wconf 81' lang='lat' dir='ltr'><strong>veri-</strong></span> 
     </span>
     <span class='ocr_line' id='line_1_78' title="bbox 1110 3042 1897 3120; baseline 0 -17"><span class='ocrx_word' id='word_1_385' title='bbox 1110 3042 1188 3103; x_wconf 85' lang='lat' dir='ltr'><strong>tatis</strong></span> <span class='ocrx_word' id='word_1_386' title='bbox 1207 3042 1345 3103; x_wconf 83' lang='lat' dir='ltr'><strong>adduxit</strong></span> <span class='ocrx_word' id='word_1_387' title='bbox 1369 3042 1404 3103; x_wconf 90' lang='grc'><strong>11</strong></span> <span class='ocrx_word' id='word_1_388' title='bbox 1432 3042 1509 3104; x_wconf 84' lang='lat' dir='ltr'><strong>ndei</strong></span> <span class='ocrx_word' id='word_1_389' title='bbox 1533 3044 1657 3105; x_wconf 73' lang='lat' dir='ltr'><strong>noemae</strong></span> <span class='ocrx_word' id='word_1_390' title='bbox 1679 3042 1897 3120; x_wconf 88' lang='lat' dir='ltr'><strong>contemptum</strong></span> 
     </span>
     <span class='ocr_line' id='line_1_79' title="bbox 1111 3138 1898 3218; baseline -0.001 -18"><span class='ocrx_word' id='word_1_391' title='bbox 1111 3139 1206 3200; x_wconf 87' lang='lat' dir='ltr'><strong>novis</strong></span> <span class='ocrx_word' id='word_1_392' title='bbox 1216 3143 1249 3202; x_wconf 89' lang='lat' dir='ltr'><strong>et</strong></span> <span class='ocrx_word' id='word_1_393' title='bbox 1260 3138 1523 3201; x_wconf 86' lang='lat' dir='ltr'><strong>intolerabilibus</strong></span> <span class='ocrx_word' id='word_1_394' title='bbox 1535 3139 1769 3203; x_wconf 87' lang='lat' dir='ltr'><strong>exactionibus</strong></span> <span class='ocrx_word' id='word_1_395' title='bbox 1778 3140 1898 3218; x_wconf 90' lang='lat' dir='ltr'><strong>inquie-</strong></span> 
     </span>
     <span class='ocr_line' id='line_1_80' title="bbox 1110 3235 1898 3300; baseline 0 -3"><span class='ocrx_word' id='word_1_396' title='bbox 1110 3237 1181 3297; x_wconf 89' lang='lat' dir='ltr'><strong>tant</strong></span> <span class='ocrx_word' id='word_1_397' title='bbox 1196 3237 1409 3298; x_wconf 78' lang='lat' dir='ltr'><strong>multifariam</strong></span> <span class='ocrx_word' id='word_1_398' title='bbox 1432 3237 1607 3299; x_wconf 90' lang='lat' dir='ltr'><strong>molientes</strong></span> <span class='ocrx_word' id='word_1_399' title='bbox 1621 3253 1680 3299; x_wconf 90' lang='lat' dir='ltr'><strong>eos</strong></span> <span class='ocrx_word' id='word_1_400' title='bbox 1703 3237 1744 3299; x_wconf 92' lang='lat' dir='ltr'><strong>de</strong></span> <span class='ocrx_word' id='word_1_401' title='bbox 1758 3235 1898 3300; x_wconf 87' lang='lat' dir='ltr'><strong>tenebris</strong></span> 
     </span>
     <span class='ocr_line' id='line_1_81' title="bbox 1110 3334 1898 3412; baseline 0.001 -18"><span class='ocrx_word' id='word_1_402' title='bbox 1110 3335 1222 3395; x_wconf 88' lang='lat' dir='ltr'><strong>erutos</strong></span> <span class='ocrx_word' id='word_1_403' title='bbox 1244 3334 1286 3394; x_wconf 87' lang='lat' dir='ltr'><strong>ad</strong></span> <span class='ocrx_word' id='word_1_404' title='bbox 1310 3335 1465 3397; x_wconf 89' lang='lat' dir='ltr'><strong>tenebras</strong></span> <span class='ocrx_word' id='word_1_405' title='bbox 1492 3334 1782 3412; x_wconf 87' lang='lat' dir='ltr'><strong>persecutionibus</strong></span> <span class='ocrx_word' id='word_1_406' title='bbox 1804 3349 1898 3395; x_wconf 87' lang='grc'><strong>1111-</strong></span> 
     </span>
     <span class='ocr_line' id='line_1_82' title="bbox 1110 3431 1902 3508; baseline -0.003 -15"><span class='ocrx_word' id='word_1_407' title='bbox 1110 3447 1198 3493; x_wconf 90' lang='lat' dir='ltr'><strong>care.</strong></span> <span class='ocrx_word' id='word_1_408' title='bbox 1214 3434 1317 3492; x_wconf 86' lang='lat' dir='ltr'><strong>Porro</strong></span> <span class='ocrx_word' id='word_1_409' title='bbox 1328 3431 1531 3492; x_wconf 80' lang='lat' dir='ltr'><strong>venerabilis</strong></span> <span class='ocrx_word' id='word_1_410' title='bbox 1544 3431 1648 3494; x_wconf 88' lang='lat' dir='ltr'><strong>irater</strong></span> <span class='ocrx_word' id='word_1_411' title='bbox 1657 3432 1902 3508; x_wconf 88' lang='lat' dir='ltr'><strong>nosterepisco-</strong></span> 
     </span>
     <span class='ocr_line' id='line_1_83' title="bbox 1111 3528 1900 3607; baseline -0.001 -18"><span class='ocrx_word' id='word_1_412' title='bbox 1111 3546 1172 3607; x_wconf 90' lang='lat' dir='ltr'><strong>pus</strong></span> <span class='ocrx_word' id='word_1_413' title='bbox 1198 3529 1343 3590; x_wconf 76' lang='lat' dir='ltr'><strong>Prussiae</strong></span> <span class='ocrx_word' id='word_1_414' title='bbox 1372 3544 1411 3590; x_wconf 90' lang='lat' dir='ltr'><strong>ac</strong></span> <span class='ocrx_word' id='word_1_415' title='bbox 1433 3528 1492 3590; x_wconf 89' lang='lat' dir='ltr'><strong>alii</strong></span> <span class='ocrx_word' id='word_1_416' title='bbox 1512 3529 1569 3606; x_wconf 92' lang='lat' dir='ltr'><strong>qui</strong></span> <span class='ocrx_word' id='word_1_417' title='bbox 1598 3544 1659 3605; x_wconf 91' lang='lat' dir='ltr'><strong>per</strong></span> <span class='ocrx_word' id='word_1_418' title='bbox 1680 3529 1823 3603; x_wconf 86' lang='lat' dir='ltr'><strong>gratiam</strong></span> <span class='ocrx_word' id='word_1_419' title='bbox 1844 3528 1900 3589; x_wconf 84' lang='lat' dir='ltr'><strong>bei</strong></span> 
     </span>
     <span class='ocr_line' id='line_1_84' title="bbox 1110 3625 1901 3705; baseline -0.001 -19"><span class='ocrx_word' id='word_1_420' title='bbox 1110 3626 1269 3705; x_wconf 88' lang='lat' dir='ltr'><strong>quasdam</strong></span> <span class='ocrx_word' id='word_1_421' title='bbox 1281 3625 1328 3687; x_wconf 90' lang='lat' dir='ltr'><strong>ibi</strong></span> <span class='ocrx_word' id='word_1_422' title='bbox 1337 3629 1593 3688; x_wconf 82' lang='lat' dir='ltr'><strong>construxerunt</strong></span> <span class='ocrx_word' id='word_1_423' title='bbox 1606 3625 1769 3688; x_wconf 86' lang='lat' dir='ltr'><strong>ecclesias</strong></span> <span class='ocrx_word' id='word_1_424' title='bbox 1784 3625 1901 3687; x_wconf 80' lang='grc'><strong>1111111·</strong></span> 
     </span>
     <span class='ocr_line' id='line_1_85' title="bbox 1111 3721 1900 3800; baseline -0.005 -15"><span class='ocrx_word' id='word_1_425' title='bbox 1111 3725 1229 3785; x_wconf 90' lang='lat' dir='ltr'><strong>nantes</strong></span> <span class='ocrx_word' id='word_1_426' title='bbox 1243 3723 1447 3800; x_wconf 86' lang='lat' dir='ltr'><strong>impietatem</strong></span> <span class='ocrx_word' id='word_1_427' title='bbox 1464 3722 1656 3800; x_wconf 89' lang='lat' dir='ltr'><strong>hujusmodi</strong></span> <span class='ocrx_word' id='word_1_428' title='bbox 1670 3724 1704 3785; x_wconf 88' lang='lat' dir='ltr'><strong>et</strong></span> <span class='ocrx_word' id='word_1_429' title='bbox 1722 3738 1837 3784; x_wconf 89' lang='lat' dir='ltr'><strong>eornm</strong></span> <span class='ocrx_word' id='word_1_430' title='bbox 1849 3721 1900 3799; x_wconf 90' lang='lat' dir='ltr'><strong>qui</strong></span> 
     </span>
     <span class='ocr_line' id='line_1_86' title="bbox 1111 3819 1900 3896; baseline -0.005 -14"><span class='ocrx_word' id='word_1_431' title='bbox 1111 3822 1151 3883; x_wconf 92' lang='lat' dir='ltr'><strong>de</strong></span> <span class='ocrx_word' id='word_1_432' title='bbox 1172 3837 1259 3882; x_wconf 84' lang='lat' dir='ltr'><strong>novo</strong></span> <span class='ocrx_word' id='word_1_433' title='bbox 1282 3820 1324 3881; x_wconf 88' lang='lat' dir='ltr'><strong>ad</strong></span> <span class='ocrx_word' id='word_1_434' title='bbox 1346 3819 1512 3880; x_wconf 88' lang='lat' dir='ltr'><strong>Christum</strong></span> <span class='ocrx_word' id='word_1_435' title='bbox 1537 3822 1712 3887; x_wconf 81' lang='grc'><strong>11111111,</strong></span> <span class='ocrx_word' id='word_1_436' title='bbox 1733 3821 1900 3896; x_wconf 84' lang='lat' dir='ltr'><strong>angustias</strong></span> 
     </span>
     <span class='ocr_line' id='line_1_87' title="bbox 1111 3916 1899 3994; baseline -0.003 -15"><span class='ocrx_word' id='word_1_437' title='bbox 1111 3919 1317 3988; x_wconf 88' lang='lat' dir='ltr'><strong>miserantes,</strong></span> <span class='ocrx_word' id='word_1_438' title='bbox 1335 3917 1368 3978; x_wconf 90' lang='lat' dir='ltr'><strong>et</strong></span> <span class='ocrx_word' id='word_1_439' title='bbox 1382 3919 1419 3978; x_wconf 90' lang='grc'><strong>11</strong></span> <span class='ocrx_word' id='word_1_440' title='bbox 1436 3916 1558 3978; x_wconf 90' lang='lat' dir='ltr'><strong>ibidem</strong></span> <span class='ocrx_word' id='word_1_441' title='bbox 1576 3916 1656 3978; x_wconf 83' lang='lat' dir='ltr'><strong>fidei</strong></span> <span class='ocrx_word' id='word_1_442' title='bbox 1676 3916 1783 3994; x_wconf 89' lang='lat' dir='ltr'><strong>possit</strong></span> <span class='ocrx_word' id='word_1_443' title='bbox 1798 3930 1899 3992; x_wconf 85' lang='lat' dir='ltr'><strong>nego-</strong></span> 
     </span>
     <span class='ocr_line' id='line_1_88' title="bbox 1110 4012 1898 4092; baseline -0.009 -15"><span class='ocrx_word' id='word_1_444' title='bbox 1110 4017 1192 4078; x_wconf 91' lang='lat' dir='ltr'><strong>tium</strong></span> <span class='ocrx_word' id='word_1_445' title='bbox 1208 4014 1407 4092; x_wconf 86' lang='lat' dir='ltr'><strong>promoveri‚</strong></span> <span class='ocrx_word' id='word_1_446' title='bbox 1434 4017 1631 4085; x_wconf 89' lang='lat' dir='ltr'><strong>statuerunt,</strong></span> <span class='ocrx_word' id='word_1_447' title='bbox 1655 4013 1686 4076; x_wconf 90' lang='lat' dir='ltr'><strong>si</strong></span> <span class='ocrx_word' id='word_1_448' title='bbox 1707 4016 1821 4076; x_wconf 86' lang='lat' dir='ltr'><strong>tamen</strong></span> <span class='ocrx_word' id='word_1_449' title='bbox 1841 4012 1898 4073; x_wconf 86' lang='lat' dir='ltr'><strong>sibi</strong></span> 
     </span>
     <span class='ocr_line' id='line_1_89' title="bbox 1111 4111 1965 4189; baseline 0.005 -16"><span class='ocrx_word' id='word_1_450' title='bbox 1111 4114 1287 4189; x_wconf 87' lang='lat' dir='ltr'><strong>suppetant</strong></span> <span class='ocrx_word' id='word_1_451' title='bbox 1311 4111 1496 4183; x_wconf 88' lang='lat' dir='ltr'><strong>iacultates,</strong></span> <span class='ocrx_word' id='word_1_452' title='bbox 1522 4111 1689 4173; x_wconf 86' lang='lat' dir='ltr'><strong>necandas</strong></span> <span class='ocrx_word' id='word_1_453' title='bbox 1711 4124 1900 4188; x_wconf 82' lang='lat' dir='ltr'><strong>comparare</strong></span> <span class='ocrx_word' id='word_1_454' title='bbox 1964 4140 1965 4177; x_wconf 76' lang='grc'><strong>1</strong></span> 
     </span>
     <span class='ocr_line' id='line_1_90' title="bbox 1110 4206 1964 4287; baseline 0.001 -17"><span class='ocrx_word' id='word_1_455' title='bbox 1110 4210 1249 4287; x_wconf 88' lang='lat' dir='ltr'><strong>puellas,</strong></span> <span class='ocrx_word' id='word_1_456' title='bbox 1264 4211 1300 4271; x_wconf 91' lang='lat' dir='ltr'><strong>ut</strong></span> <span class='ocrx_word' id='word_1_457' title='bbox 1313 4208 1502 4270; x_wconf 87' lang='lat' dir='ltr'><strong>educandas</strong></span> <span class='ocrx_word' id='word_1_458' title='bbox 1517 4208 1651 4270; x_wconf 87' lang='lat' dir='ltr'><strong>easdem</strong></span> <span class='ocrx_word' id='word_1_459' title='bbox 1674 4224 1734 4270; x_wconf 89' lang='lat' dir='ltr'><strong>eas</strong></span> <span class='ocrx_word' id='word_1_460' title='bbox 1750 4209 1835 4269; x_wconf 89' lang='lat' dir='ltr'><strong>lucri</strong></span> <span class='ocrx_word' id='word_1_461' title='bbox 1852 4206 1900 4267; x_wconf 89' lang='lat' dir='ltr'><strong>ia·</strong></span> <span class='ocrx_word' id='word_1_462' title='bbox 1963 4254 1964 4271; x_wconf 76' lang='lat'><strong>.</strong></span> 
     </span>
     <span class='ocr_line' id='line_1_91' title="bbox 1111 4288 1897 4385; baseline -0.006 -16"><span class='ocrx_word' id='word_1_463' title='bbox 1111 4323 1185 4369; x_wconf 90' lang='lat' dir='ltr'><strong>cere</strong></span> <span class='ocrx_word' id='word_1_464' title='bbox 1200 4308 1328 4385; x_wconf 89' lang='lat' dir='ltr'><strong>possint</strong></span> <span class='ocrx_word' id='word_1_465' title='bbox 1341 4288 1531 4383; x_wconf 69' lang='lat' dir='ltr'><strong>Christqac</strong></span> <span class='ocrx_word' id='word_1_466' title='bbox 1542 4305 1590 4366; x_wconf 91' lang='lat' dir='ltr'><strong>ibi</strong></span> <span class='ocrx_word' id='word_1_467' title='bbox 1605 4306 1718 4368; x_wconf 85' lang='lat' dir='ltr'><strong>scolas</strong></span> <span class='ocrx_word' id='word_1_468' title='bbox 1737 4308 1897 4367; x_wconf 84' lang='lat' dir='ltr'><strong>Pruterm-</strong></span> 
     </span>
     <span class='ocr_line' id='line_1_92' title="bbox 1109 4386 1963 4489; baseline -0.005 -24"><span class='ocrx_word' id='word_1_469' title='bbox 1109 4421 1184 4466; x_wconf 89' lang='lat' dir='ltr'><strong>rum</strong></span> <span class='ocrx_word' id='word_1_470' title='bbox 1200 4405 1373 4465; x_wconf 89' lang='lat' dir='ltr'><strong>instituere</strong></span> <span class='ocrx_word' id='word_1_471' title='bbox 1393 4419 1584 4481; x_wconf 84' lang='lat' dir='ltr'><strong>puerorum,</strong></span> <span class='ocrx_word' id='word_1_472' title='bbox 1609 4404 1666 4481; x_wconf 91' lang='lat' dir='ltr'><strong>qui</strong></span> <span class='ocrx_word' id='word_1_473' title='bbox 1687 4404 1829 4479; x_wconf 80' lang='lat' dir='ltr'><strong>uigens</strong></span> <span class='ocrx_word' id='word_1_474' title='bbox 1846 4401 1896 4462; x_wconf 85' lang='lat' dir='ltr'><strong>illa</strong></span> <span class='ocrx_word' id='word_1_475' title='bbox 1961 4386 1963 4489; x_wconf 65' lang='grc'><strong>1</strong></span> 
     </span>
     <span class='ocr_line' id='line_1_93' title="bbox 1110 4499 1897 4572; baseline -0.005 -9"><span class='ocrx_word' id='word_1_476' title='bbox 1110 4502 1323 4564; x_wconf 76' lang='lat' dir='ltr'><strong>convertatur</strong></span> <span class='ocrx_word' id='word_1_477' title='bbox 1348 4501 1390 4561; x_wconf 89' lang='lat' dir='ltr'><strong>ad</strong></span> <span class='ocrx_word' id='word_1_478' title='bbox 1409 4501 1519 4572; x_wconf 89' lang='lat' dir='ltr'><strong>tidem,</strong></span> <span class='ocrx_word' id='word_1_479' title='bbox 1544 4500 1721 4563; x_wconf 87' lang='lat' dir='ltr'><strong>addiscant</strong></span> <span class='ocrx_word' id='word_1_480' title='bbox 1735 4499 1897 4562; x_wconf 82' lang='lat' dir='ltr'><strong>efficacius</strong></span> 
     </span>
     <span class='ocr_line' id='line_1_94' title="bbox 1110 4597 1895 4677; baseline -0.006 -17"><span class='ocrx_word' id='word_1_481' title='bbox 1110 4615 1208 4677; x_wconf 87' lang='lat' dir='ltr'><strong>qnam</strong></span> <span class='ocrx_word' id='word_1_482' title='bbox 1230 4600 1367 4660; x_wconf 75' lang='lat' dir='ltr'><strong>advenas</strong></span> <span class='ocrx_word' id='word_1_483' title='bbox 1394 4598 1577 4674; x_wconf 84' lang='lat' dir='ltr'><strong>praedicare</strong></span> <span class='ocrx_word' id='word_1_484' title='bbox 1605 4614 1645 4660; x_wconf 93' lang='lat' dir='ltr'><strong>ac</strong></span> <span class='ocrx_word' id='word_1_485' title='bbox 1673 4597 1895 4674; x_wconf 72' lang='lat' dir='ltr'><strong>evangelizare</strong></span> 
     </span>
     <span class='ocr_line' id='line_1_95' title="bbox 1110 4696 1894 4766; baseline -0.006 -9"><span class='ocrx_word' id='word_1_486' title='bbox 1110 4698 1284 4757; x_wconf 87' lang='lat' dir='ltr'><strong>Dominum</strong></span> <span class='ocrx_word' id='word_1_487' title='bbox 1304 4699 1417 4758; x_wconf 85' lang='lat' dir='ltr'><strong>desum</strong></span> <span class='ocrx_word' id='word_1_488' title='bbox 1431 4696 1608 4766; x_wconf 78' lang='lat' dir='ltr'><strong>Christum,</strong></span> <span class='ocrx_word' id='word_1_489' title='bbox 1630 4696 1781 4758; x_wconf 85' lang='lat' dir='ltr'><strong>volentes</strong></span> <span class='ocrx_word' id='word_1_490' title='bbox 1805 4696 1894 4757; x_wconf 85' lang='lat' dir='ltr'><strong>etiam</strong></span> 
     </span>
     <span class='ocr_line' id='line_1_96' title="bbox 1110 4789 1896 4869; baseline -0.004 -17"><span class='ocrx_word' id='word_1_491' title='bbox 1110 4792 1285 4868; x_wconf 90' lang='lat' dir='ltr'><strong>episcopus</strong></span> <span class='ocrx_word' id='word_1_492' title='bbox 1300 4794 1333 4853; x_wconf 90' lang='lat' dir='ltr'><strong>et</strong></span> <span class='ocrx_word' id='word_1_493' title='bbox 1346 4791 1405 4852; x_wconf 90' lang='lat' dir='ltr'><strong>alii</strong></span> <span class='ocrx_word' id='word_1_494' title='bbox 1428 4790 1578 4869; x_wconf 76' lang='lat' dir='ltr'><strong>pradicti</strong></span> <span class='ocrx_word' id='word_1_495' title='bbox 1600 4790 1774 4852; x_wconf 84' lang='lat' dir='ltr'><strong>subveniri</strong></span> <span class='ocrx_word' id='word_1_496' title='bbox 1797 4789 1896 4851; x_wconf 84' lang='lat' dir='ltr'><strong>tideli-</strong></span> 
     </span>
     <span class='ocr_line' id='line_1_97' title="bbox 1108 4888 1895 4965; baseline -0.003 -15"><span class='ocrx_word' id='word_1_497' title='bbox 1108 4890 1170 4950; x_wconf 90' lang='lat' dir='ltr'><strong>bus</strong></span> <span class='ocrx_word' id='word_1_498' title='bbox 1185 4888 1363 4959; x_wconf 88' lang='lat' dir='ltr'><strong>tribulatis,</strong></span> <span class='ocrx_word' id='word_1_499' title='bbox 1385 4888 1520 4949; x_wconf 89' lang='lat' dir='ltr'><strong>illorum</strong></span> <span class='ocrx_word' id='word_1_500' title='bbox 1539 4889 1725 4965; x_wconf 78' lang='lat' dir='ltr'><strong>prasertim</strong></span> <span class='ocrx_word' id='word_1_501' title='bbox 1740 4889 1895 4951; x_wconf 86' lang='lat' dir='ltr'><strong>instanter</strong></span> 
     </span>
     <span class='ocr_line' id='line_1_98' title="bbox 1110 4985 1892 5063; baseline 0 -16"><span class='ocrx_word' id='word_1_502' title='bbox 1110 4985 1743 5063; x_wconf 85' lang='lat' dir='ltr'><strong>implorantauxiliumadresistendum</strong></span> <span class='ocrx_word' id='word_1_503' title='bbox 1752 4986 1892 5048; x_wconf 78' lang='lat' dir='ltr'><strong>barbare</strong></span> 
     </span>
     <span class='ocr_line' id='line_1_99' title="bbox 1111 5083 1893 5161; baseline 0 -17"><span class='ocrx_word' id='word_1_504' title='bbox 1111 5085 1249 5155; x_wconf 83' lang='lat' dir='ltr'><strong>nationi,</strong></span> <span class='ocrx_word' id='word_1_505' title='bbox 1266 5084 1322 5161; x_wconf 91' lang='lat' dir='ltr'><strong>qui</strong></span> <span class='ocrx_word' id='word_1_506' title='bbox 1336 5083 1484 5145; x_wconf 91' lang='lat' dir='ltr'><strong>nondum</strong></span> <span class='ocrx_word' id='word_1_507' title='bbox 1498 5085 1607 5145; x_wconf 90' lang='lat' dir='ltr'><strong>crucis</strong></span> <span class='ocrx_word' id='word_1_508' title='bbox 1621 5084 1832 5160; x_wconf 82' lang='lat' dir='ltr'><strong>signaculum</strong></span> <span class='ocrx_word' id='word_1_509' title='bbox 1843 5099 1893 5144; x_wconf 91' lang='lat' dir='ltr'><strong>re-</strong></span> 
     </span>
     <span class='ocr_line' id='line_1_100' title="bbox 1109 5177 1894 5259; baseline -0.009 -16"><span class='ocrx_word' id='word_1_510' title='bbox 1109 5183 1278 5259; x_wconf 90' lang='lat' dir='ltr'><strong>ceperunt,</strong></span> <span class='ocrx_word' id='word_1_511' title='bbox 1293 5196 1353 5241; x_wconf 90' lang='grc'><strong>111</strong></span> <span class='ocrx_word' id='word_1_512' title='bbox 1368 5180 1546 5257; x_wconf 90' lang='lat' dir='ltr'><strong>disponunt</strong></span> <span class='ocrx_word' id='word_1_513' title='bbox 1563 5181 1633 5241; x_wconf 90' lang='lat' dir='ltr'><strong>suis</strong></span> <span class='ocrx_word' id='word_1_514' title='bbox 1648 5181 1801 5242; x_wconf 85' lang='grc'><strong>1111111111</strong></span> <span class='ocrx_word' id='word_1_515' title='bbox 1821 5177 1894 5242; x_wconf 90' lang='lat' dir='ltr'><strong>illud</strong></span> 
     </span>
     <span class='ocr_line' id='line_1_101' title="bbox 1109 5277 1895 5355; baseline -0.004 -14"><span class='ocrx_word' id='word_1_516' title='bbox 1109 5280 1244 5355; x_wconf 83' lang='lat' dir='ltr'><strong>attigere</strong></span> <span class='ocrx_word' id='word_1_517' title='bbox 1258 5279 1292 5339; x_wconf 91' lang='lat' dir='ltr'><strong>in</strong></span> <span class='ocrx_word' id='word_1_518' title='bbox 1308 5280 1406 5340; x_wconf 90' lang='lat' dir='ltr'><strong>terrae</strong></span> <span class='ocrx_word' id='word_1_519' title='bbox 1428 5279 1596 5355; x_wconf 82' lang='lat' dir='ltr'><strong>praedictee</strong></span> <span class='ocrx_word' id='word_1_520' title='bbox 1615 5277 1806 5339; x_wconf 86' lang='lat' dir='ltr'><strong>subsidium</strong></span> <span class='ocrx_word' id='word_1_521' title='bbox 1827 5293 1895 5355; x_wconf 91' lang='lat' dir='ltr'><strong>pro-</strong></span> 
     </span>
     <span class='ocr_line' id='line_1_102' title="bbox 1110 5374 1896 5453; baseline -0.006 -16"><span class='ocrx_word' id='word_1_522' title='bbox 1110 5376 1228 5439; x_wconf 80' lang='lat' dir='ltr'><strong>tecturi</strong></span> <span class='ocrx_word' id='word_1_523' title='bbox 1242 5376 1345 5453; x_wconf 91' lang='lat' dir='ltr'><strong>etqui</strong></span> <span class='ocrx_word' id='word_1_524' title='bbox 1359 5376 1456 5452; x_wconf 88' lang='lat' dir='ltr'><strong>signo</strong></span> <span class='ocrx_word' id='word_1_525' title='bbox 1465 5376 1573 5438; x_wconf 89' lang='lat' dir='ltr'><strong>crucis</strong></span> <span class='ocrx_word' id='word_1_526' title='bbox 1585 5377 1724 5452; x_wconf 88' lang='lat' dir='ltr'><strong>accepto</strong></span> <span class='ocrx_word' id='word_1_527' title='bbox 1736 5374 1896 5438; x_wconf 78' lang='grc'><strong>1111111111</strong></span> 
     </span>
     <span class='ocr_line' id='line_1_103' title="bbox 1110 5466 1947 5551; baseline -0.005 -17"><span class='ocrx_word' id='word_1_528' title='bbox 1110 5472 1320 5535; x_wconf 84' lang='lat' dir='ltr'><strong>facultatibus</strong></span> <span class='ocrx_word' id='word_1_529' title='bbox 1332 5473 1457 5535; x_wconf 87' lang='lat' dir='ltr'><strong>eisdem</strong></span> <span class='ocrx_word' id='word_1_530' title='bbox 1478 5489 1544 5535; x_wconf 92' lang='lat' dir='ltr'><strong>non</strong></span> <span class='ocrx_word' id='word_1_531' title='bbox 1566 5474 1821 5551; x_wconf 86' lang='lat' dir='ltr'><strong>suppetentibus</strong></span> <span class='ocrx_word' id='word_1_532' title='bbox 1835 5486 1894 5533; x_wconf 89' lang='lat' dir='ltr'><strong>non</strong></span> <span class='ocrx_word' id='word_1_533' title='bbox 1946 5466 1947 5469; x_wconf 72' lang='grc'>’</span> 
     </span>
     <span class='ocr_line' id='line_1_104' title="bbox 1109 5570 1895 5648; baseline -0.008 -15"><span class='ocrx_word' id='word_1_534' title='bbox 1109 5574 1249 5648; x_wconf 89' lang='lat' dir='ltr'><strong>possunt</strong></span> <span class='ocrx_word' id='word_1_535' title='bbox 1261 5571 1398 5647; x_wconf 86' lang='lat' dir='ltr'><strong>exsequi</strong></span> <span class='ocrx_word' id='word_1_536' title='bbox 1413 5572 1489 5633; x_wconf 81' lang='lat' dir='ltr'><strong>vota</strong></span> <span class='ocrx_word' id='word_1_537' title='bbox 1505 5573 1667 5633; x_wconf 74' lang='grc'><strong>1111111111</strong></span> <span class='ocrx_word' id='word_1_538' title='bbox 1682 5570 1789 5647; x_wconf 88' lang='lat' dir='ltr'><strong>igitur</strong></span> <span class='ocrx_word' id='word_1_539' title='bbox 1802 5571 1852 5631; x_wconf 88' lang='lat' dir='ltr'><strong>hic</strong></span> <span class='ocrx_word' id='word_1_540' title='bbox 1865 5582 1895 5627; x_wconf 90' lang='lat' dir='ltr'><strong>se</strong></span> 
     </span>
    </p>
   </div>
   <div class='ocr_carea' id='block_1_15' title="bbox 0 0 1995 6196">
    <p class='ocr_par' dir='ltr' id='par_1_23' title="bbox 0 0 1995 6196">
     <span class='ocr_line' id='line_1_105' title="bbox 0 0 1995 6196; baseline 0 0"><span class='ocrx_word' id='word_1_541' title='bbox 0 0 1995 6196; x_wconf 95' lang='lat' dir='ltr'><strong> </strong></span> 
     </span>
    </p>
   </div>
  </div>
 </body>
</html>
