<?xml version="1.0" encoding="UTF-8"?>
<!DOCTYPE html PUBLIC "-//W3C//DTD XHTML 1.0 Transitional//EN"
    "http://www.w3.org/TR/xhtml1/DTD/xhtml1-transitional.dtd">
<html xmlns="http://www.w3.org/1999/xhtml" xml:lang="en" lang="en">
 <head>
  <title>
</title>
<meta http-equiv="Content-Type" content="text/html;charset=utf-8" />
  <meta name='ocr-system' content='tesseract 3.04.00' />
  <meta name='ocr-capabilities' content='ocr_page ocr_carea ocr_par ocr_line ocrx_word'/>
</head>
<body>
  <div class='ocr_page' id='page_1' title='image "./mediiaevibiblio00bottgoog_0054.png"; bbox 0 0 3968 6204; ppageno 0'>
   <div class='ocr_carea' id='block_1_1' title="bbox 143 240 1803 313">
    <p class='ocr_par' dir='ltr' id='par_1_1' title="bbox 143 240 1803 313">
     <span class='ocr_line' id='line_1_1' title="bbox 143 240 1803 313; baseline 0.004 -8"><span class='ocrx_word' id='word_1_1' title='bbox 143 242 185 305; x_wconf 77' lang='grc'>65</span> <span class='ocrx_word' id='word_1_2' title='bbox 553 240 591 303; x_wconf 80' lang='lat' dir='ltr'>V.</span> <span class='ocrx_word' id='word_1_3' title='bbox 605 271 646 287; x_wconf 96' lang='lat'>-</span> <span class='ocrx_word' id='word_1_4' title='bbox 659 240 704 307; x_wconf 89' lang='lat' dir='ltr'>IN</span> <span class='ocrx_word' id='word_1_5' title='bbox 725 242 1023 305; x_wconf 74' lang='lat' dir='ltr'>hssdheriomh</span> <span class='ocrx_word' id='word_1_6' title='bbox 1043 245 1194 307; x_wconf 77' lang='lat' dir='ltr'><strong>BEATAE</strong></span> <span class='ocrx_word' id='word_1_7' title='bbox 1215 244 1377 309; x_wconf 66' lang='lat' dir='ltr'>Malum.</span> <span class='ocrx_word' id='word_1_8' title='bbox 1763 252 1803 313; x_wconf 83' lang='lat' dir='ltr'>od</span> 
     </span>
    </p>
   </div>
   <div class='ocr_carea' id='block_1_2' title="bbox 138 397 1810 2633">
    <p class='ocr_par' dir='ltr' id='par_1_2' title="bbox 138 397 1810 2436">
     <span class='ocr_line' id='line_1_2' title="bbox 182 397 1809 484; baseline 0.006 -22"><span class='ocrx_word' id='word_1_9' title='bbox 182 401 252 462; x_wconf 84' lang='lat' dir='ltr'>Hoc</span> <span class='ocrx_word' id='word_1_10' title='bbox 265 397 353 461; x_wconf 89' lang='lat' dir='ltr'>bene</span> <span class='ocrx_word' id='word_1_11' title='bbox 372 399 531 464; x_wconf 83' lang='lat' dir='ltr'>convenit</span> <span class='ocrx_word' id='word_1_12' title='bbox 550 400 661 463; x_wconf 74' lang='lat' dir='ltr'>Beatae</span> <span class='ocrx_word' id='word_1_13' title='bbox 675 401 808 479; x_wconf 86' lang='lat' dir='ltr'>Virgini</span> <span class='ocrx_word' id='word_1_14' title='bbox 822 401 949 475; x_wconf 89' lang='lat' dir='ltr'>Mariae,</span> <span class='ocrx_word' id='word_1_15' title='bbox 1007 403 1139 480; x_wconf 66' lang='lat' dir='ltr'>gnatus,</span> <span class='ocrx_word' id='word_1_16' title='bbox 1154 404 1324 483; x_wconf 85' lang='lat' dir='ltr'>quodcum</span> <span class='ocrx_word' id='word_1_17' title='bbox 1335 404 1455 467; x_wconf 86' lang='lat' dir='ltr'>caetera</span> <span class='ocrx_word' id='word_1_18' title='bbox 1469 420 1570 484; x_wconf 86' lang='lat' dir='ltr'>opera</span> <span class='ocrx_word' id='word_1_19' title='bbox 1585 405 1809 471; x_wconf 79' lang='lat' dir='ltr'>exhibeantur</span> 
     </span>
     <span class='ocr_line' id='line_1_3' title="bbox 144 497 1808 580; baseline 0.005 -21"><span class='ocrx_word' id='word_1_20' title='bbox 144 497 381 576; x_wconf 77' lang='lat' dir='ltr'>quequoridie</span> <span class='ocrx_word' id='word_1_21' title='bbox 401 514 468 560; x_wconf 90' lang='lat' dir='ltr'>uon</span> <span class='ocrx_word' id='word_1_22' title='bbox 490 500 600 560; x_wconf 88' lang='lat' dir='ltr'>cessat</span> <span class='ocrx_word' id='word_1_23' title='bbox 614 498 719 560; x_wconf 82' lang='lat' dir='ltr'>tilium</span> <span class='ocrx_word' id='word_1_24' title='bbox 743 516 839 561; x_wconf 90' lang='lat' dir='ltr'>suum</span> <span class='ocrx_word' id='word_1_25' title='bbox 865 516 949 563; x_wconf 85' lang='lat' dir='ltr'>exo·</span> <span class='ocrx_word' id='word_1_26' title='bbox 1007 500 1094 562; x_wconf 91' lang='lat' dir='ltr'>vivis</span> <span class='ocrx_word' id='word_1_27' title='bbox 1118 501 1286 580; x_wconf 81' lang='lat' dir='ltr'>tamquam</span> <span class='ocrx_word' id='word_1_28' title='bbox 1322 501 1461 565; x_wconf 81' lang='lat' dir='ltr'>fortibus</span> <span class='ocrx_word' id='word_1_29' title='bbox 1490 504 1523 564; x_wconf 91' lang='lat' dir='ltr'>et</span> <span class='ocrx_word' id='word_1_30' title='bbox 1551 502 1715 578; x_wconf 85' lang='lat' dir='ltr'>robustis,</span> <span class='ocrx_word' id='word_1_31' title='bbox 1743 506 1808 569; x_wconf 90' lang='lat' dir='ltr'>hoc</span> 
     </span>
     <span class='ocr_line' id='line_1_4' title="bbox 144 596 1806 677; baseline 0.005 -20"><span class='ocrx_word' id='word_1_32' title='bbox 144 612 230 665; x_wconf 83' lang='lat' dir='ltr'>rare,</span> <span class='ocrx_word' id='word_1_33' title='bbox 248 596 285 658; x_wconf 92' lang='lat' dir='ltr'>ut</span> <span class='ocrx_word' id='word_1_34' title='bbox 304 597 361 659; x_wconf 90' lang='lat' dir='ltr'>det</span> <span class='ocrx_word' id='word_1_35' title='bbox 381 596 621 674; x_wconf 80' lang='lat' dir='ltr'>poenitentibus</span> <span class='ocrx_word' id='word_1_36' title='bbox 640 598 784 670; x_wconf 89' lang='lat' dir='ltr'>veniam,</span> <span class='ocrx_word' id='word_1_37' title='bbox 810 599 843 659; x_wconf 90' lang='lat' dir='ltr'>et</span> <span class='ocrx_word' id='word_1_38' title='bbox 867 598 951 660; x_wconf 89' lang='lat' dir='ltr'>bene</span> <span class='ocrx_word' id='word_1_39' title='bbox 1006 597 1209 675; x_wconf 79' lang='lat' dir='ltr'>impenditur</span> <span class='ocrx_word' id='word_1_40' title='bbox 1227 599 1357 663; x_wconf 90' lang='lat' dir='ltr'>mortuo</span> <span class='ocrx_word' id='word_1_41' title='bbox 1372 600 1541 677; x_wconf 77' lang='lat' dir='ltr'>tamquam</span> <span class='ocrx_word' id='word_1_42' title='bbox 1555 600 1666 677; x_wconf 80' lang='lat' dir='ltr'>fragili</span> <span class='ocrx_word' id='word_1_43' title='bbox 1679 605 1713 664; x_wconf 90' lang='lat' dir='ltr'>et</span> <span class='ocrx_word' id='word_1_44' title='bbox 1726 620 1806 665; x_wconf 89' lang='lat' dir='ltr'>cor-</span> 
     </span>
     <span class='ocr_line' id='line_1_5' title="bbox 144 694 1115 772; baseline 0 -16"><span class='ocrx_word' id='word_1_45' title='bbox 144 694 351 756; x_wconf 89' lang='lat' dir='ltr'>merentibus</span> <span class='ocrx_word' id='word_1_46' title='bbox 372 695 516 771; x_wconf 80' lang='lat' dir='ltr'>gloriam</span> <span class='ocrx_word' id='word_1_47' title='bbox 544 695 791 771; x_wconf 87' lang='lat' dir='ltr'>sempiternam.</span> <span class='ocrx_word' id='word_1_48' title='bbox 821 697 951 757; x_wconf 85' lang='lat' dir='ltr'>Secun—</span> <span class='ocrx_word' id='word_1_49' title='bbox 1006 696 1115 772; x_wconf 89' lang='lat' dir='ltr'>rupto.</span> 
     </span>
     <span class='ocr_line' id='line_1_6' title="bbox 143 792 1808 872; baseline 0.005 -19"><span class='ocrx_word' id='word_1_50' title='bbox 143 792 218 853; x_wconf 89' lang='lat' dir='ltr'>dum</span> <span class='ocrx_word' id='word_1_51' title='bbox 230 792 382 854; x_wconf 85' lang='lat' dir='ltr'>officium</span> <span class='ocrx_word' id='word_1_52' title='bbox 400 793 480 855; x_wconf 82' lang='lat' dir='ltr'>vitae</span> <span class='ocrx_word' id='word_1_53' title='bbox 500 793 763 870; x_wconf 77' lang='lat' dir='ltr'>contemplativae</span> <span class='ocrx_word' id='word_1_54' title='bbox 788 793 952 855; x_wconf 90' lang='lat' dir='ltr'>describi·</span> <span class='ocrx_word' id='word_1_55' title='bbox 1048 793 1138 855; x_wconf 88' lang='lat' dir='ltr'>Inter</span> <span class='ocrx_word' id='word_1_56' title='bbox 1151 793 1250 872; x_wconf 80' lang='lat' dir='ltr'>hujus</span> <span class='ocrx_word' id='word_1_57' title='bbox 1261 794 1347 856; x_wconf 87' lang='lat' dir='ltr'>tilios</span> <span class='ocrx_word' id='word_1_58' title='bbox 1363 795 1500 872; x_wconf 86' lang='lat' dir='ltr'>quartus</span> <span class='ocrx_word' id='word_1_59' title='bbox 1516 797 1625 860; x_wconf 89' lang='lat' dir='ltr'>extitit</span> <span class='ocrx_word' id='word_1_60' title='bbox 1635 798 1749 871; x_wconf 78' lang='lat' dir='ltr'>iudas,</span> <span class='ocrx_word' id='word_1_61' title='bbox 1767 800 1808 862; x_wconf 91' lang='lat' dir='ltr'>de</span> 
     </span>
     <span class='ocr_line' id='line_1_7' title="bbox 144 889 1805 970; baseline 0.004 -18"><span class='ocrx_word' id='word_1_62' title='bbox 144 892 209 963; x_wconf 85' lang='lat' dir='ltr'>tur,</span> <span class='ocrx_word' id='word_1_63' title='bbox 238 907 318 952; x_wconf 87' lang='lat' dir='ltr'>eum</span> <span class='ocrx_word' id='word_1_64' title='bbox 340 890 465 951; x_wconf 90' lang='lat' dir='ltr'>dicitur</span> <span class='ocrx_word' id='word_1_65' title='bbox 481 911 489 951; x_wconf 72' lang='grc' dir='ltr'><strong><em>ε</em></strong></span> <span class='ocrx_word' id='word_1_66' title='bbox 505 889 663 951; x_wconf 83' lang='lat' dir='ltr'>audiebat</span> <span class='ocrx_word' id='word_1_67' title='bbox 689 889 825 952; x_wconf 88' lang='lat' dir='ltr'>verbum</span> <span class='ocrx_word' id='word_1_68' title='bbox 849 891 951 952; x_wconf 89' lang='lat' dir='ltr'>illius.</span> <span class='ocrx_word' id='word_1_69' title='bbox 1008 906 1072 967; x_wconf 92' lang='lat' dir='ltr'>quo</span> <span class='ocrx_word' id='word_1_70' title='bbox 1099 891 1280 952; x_wconf 88' lang='lat' dir='ltr'>secundum</span> <span class='ocrx_word' id='word_1_71' title='bbox 1300 907 1434 955; x_wconf 90' lang='lat' dir='ltr'>caruem</span> <span class='ocrx_word' id='word_1_72' title='bbox 1453 894 1621 958; x_wconf 85' lang='lat' dir='ltr'>natusest</span> <span class='ocrx_word' id='word_1_73' title='bbox 1644 897 1805 970; x_wconf 88' lang='lat' dir='ltr'>Christus,</span> 
     </span>
     <span class='ocr_line' id='line_1_8' title="bbox 144 987 1808 1072; baseline 0.005 -24"><span class='ocrx_word' id='word_1_74' title='bbox 144 988 234 1060; x_wconf 90' lang='lat' dir='ltr'>Quod</span> <span class='ocrx_word' id='word_1_75' title='bbox 256 987 345 1049; x_wconf 89' lang='lat' dir='ltr'>hene</span> <span class='ocrx_word' id='word_1_76' title='bbox 366 989 479 1049; x_wconf 85' lang='lat' dir='ltr'>Beatae</span> <span class='ocrx_word' id='word_1_77' title='bbox 505 988 622 1049; x_wconf 87' lang='lat' dir='ltr'>Mariae</span> <span class='ocrx_word' id='word_1_78' title='bbox 641 989 807 1059; x_wconf 89' lang='lat' dir='ltr'>convenit,</span> <span class='ocrx_word' id='word_1_79' title='bbox 833 989 952 1067; x_wconf 83' lang='lat' dir='ltr'>deque</span> <span class='ocrx_word' id='word_1_80' title='bbox 1009 988 1042 1048; x_wconf 88' lang='lat' dir='ltr'>et</span> <span class='ocrx_word' id='word_1_81' title='bbox 1065 988 1152 1050; x_wconf 89' lang='lat' dir='ltr'>iuter</span> <span class='ocrx_word' id='word_1_82' title='bbox 1175 988 1275 1067; x_wconf 89' lang='lat' dir='ltr'>hujus</span> <span class='ocrx_word' id='word_1_83' title='bbox 1301 1006 1402 1067; x_wconf 88' lang='lat' dir='ltr'>opera</span> <span class='ocrx_word' id='word_1_84' title='bbox 1424 992 1576 1069; x_wconf 89' lang='lat' dir='ltr'>quartum</span> <span class='ocrx_word' id='word_1_85' title='bbox 1598 993 1649 1055; x_wconf 90' lang='lat' dir='ltr'>est</span> <span class='ocrx_word' id='word_1_86' title='bbox 1676 996 1808 1072; x_wconf 89' lang='lat' dir='ltr'>operire</span> 
     </span>
     <span class='ocr_line' id='line_1_9' title="bbox 143 1085 1806 1168; baseline 0.004 -21"><span class='ocrx_word' id='word_1_87' title='bbox 143 1085 954 1163; x_wconf 69' lang='lat' dir='ltr'>dicitur-inEvangelimutsupradiximus:Me·</span> <span class='ocrx_word' id='word_1_88' title='bbox 1007 1086 1133 1147; x_wconf 91' lang='lat' dir='ltr'>nudum</span> <span class='ocrx_word' id='word_1_89' title='bbox 1161 1087 1296 1165; x_wconf 89' lang='lat' dir='ltr'>propter</span> <span class='ocrx_word' id='word_1_90' title='bbox 1321 1087 1408 1166; x_wconf 92' lang='lat' dir='ltr'>quod</span> <span class='ocrx_word' id='word_1_91' title='bbox 1439 1089 1630 1168; x_wconf 80' lang='lat' dir='ltr'>specialiter</span> <span class='ocrx_word' id='word_1_92' title='bbox 1656 1093 1806 1154; x_wconf 85' lang='lat' dir='ltr'>Christus</span> 
     </span>
     <span class='ocr_line' id='line_1_10' title="bbox 145 1184 1808 1268; baseline 0.004 -22"><span class='ocrx_word' id='word_1_93' title='bbox 145 1188 201 1246; x_wconf 82' lang='lat' dir='ltr'>rte</span> <span class='ocrx_word' id='word_1_94' title='bbox 215 1185 449 1247; x_wconf 72' lang='lat' dir='ltr'>cormeruabot</span> <span class='ocrx_word' id='word_1_95' title='bbox 470 1188 587 1246; x_wconf 79' lang='lat' dir='ltr'>omnia</span> <span class='ocrx_word' id='word_1_96' title='bbox 611 1189 718 1247; x_wconf 83' lang='lat' dir='ltr'>acrba</span> <span class='ocrx_word' id='word_1_97' title='bbox 735 1189 807 1246; x_wconf 84' lang='lat' dir='ltr'>boec</span> <span class='ocrx_word' id='word_1_98' title='bbox 832 1189 951 1260; x_wconf 79' lang='lat' dir='ltr'>cortse-</span> <span class='ocrx_word' id='word_1_99' title='bbox 1008 1184 1189 1246; x_wconf 88' lang='lat' dir='ltr'>secundum</span> <span class='ocrx_word' id='word_1_100' title='bbox 1205 1201 1340 1248; x_wconf 88' lang='lat' dir='ltr'>carnem</span> <span class='ocrx_word' id='word_1_101' title='bbox 1352 1189 1451 1250; x_wconf 90' lang='lat' dir='ltr'>natus</span> <span class='ocrx_word' id='word_1_102' title='bbox 1467 1188 1527 1250; x_wconf 92' lang='lat' dir='ltr'>est.</span> <span class='ocrx_word' id='word_1_103' title='bbox 1543 1191 1648 1252; x_wconf 90' lang='lat' dir='ltr'>Homo</span> <span class='ocrx_word' id='word_1_104' title='bbox 1665 1207 1808 1268; x_wconf 80' lang='lat' dir='ltr'>uanique</span> 
     </span>
     <span class='ocr_line' id='line_1_11' title="bbox 143 1281 1807 1359; baseline 0.004 -16"><span class='ocrx_word' id='word_1_105' title='bbox 143 1296 226 1344; x_wconf 81' lang='lat' dir='ltr'>reas</span> <span class='ocrx_word' id='word_1_106' title='bbox 247 1285 286 1343; x_wconf 82' lang='lat' dir='ltr'>tn</span> <span class='ocrx_word' id='word_1_107' title='bbox 306 1284 409 1343; x_wconf 81' lang='lat' dir='ltr'>corde</span> <span class='ocrx_word' id='word_1_108' title='bbox 431 1296 506 1343; x_wconf 80' lang='lat' dir='ltr'>suo.</span> <span class='ocrx_word' id='word_1_109' title='bbox 522 1281 584 1343; x_wconf 90' lang='lat' dir='ltr'>Vel</span> <span class='ocrx_word' id='word_1_110' title='bbox 608 1297 667 1359; x_wconf 90' lang='lat' dir='ltr'>per</span> <span class='ocrx_word' id='word_1_111' title='bbox 690 1282 791 1359; x_wconf 89' lang='lat' dir='ltr'>pedes</span> <span class='ocrx_word' id='word_1_112' title='bbox 820 1282 952 1343; x_wconf 89' lang='lat' dir='ltr'>Domini</span> <span class='ocrx_word' id='word_1_113' title='bbox 1007 1281 1259 1345; x_wconf 86' lang='lat' dir='ltr'>descenderata</span> <span class='ocrx_word' id='word_1_114' title='bbox 1275 1285 1461 1347; x_wconf 88' lang='lat' dir='ltr'>Jerusalem</span> <span class='ocrx_word' id='word_1_115' title='bbox 1481 1287 1517 1346; x_wconf 88' lang='lat' dir='ltr'>in</span> <span class='ocrx_word' id='word_1_116' title='bbox 1539 1286 1687 1357; x_wconf 83' lang='lat' dir='ltr'>iericho,</span> <span class='ocrx_word' id='word_1_117' title='bbox 1703 1288 1736 1350; x_wconf 91' lang='lat' dir='ltr'>et</span> <span class='ocrx_word' id='word_1_118' title='bbox 1750 1289 1807 1350; x_wconf 90' lang='lat' dir='ltr'>in-</span> 
     </span>
     <span class='ocr_line' id='line_1_12' title="bbox 143 1378 1809 1460; baseline 0.005 -20"><span class='ocrx_word' id='word_1_119' title='bbox 143 1380 351 1441; x_wconf 77' lang='lat' dir='ltr'>daemoniis</span> <span class='ocrx_word' id='word_1_120' title='bbox 370 1379 589 1456; x_wconf 80' lang='lat' dir='ltr'>designantur</span> <span class='ocrx_word' id='word_1_121' title='bbox 609 1378 759 1452; x_wconf 83' lang='lat' dir='ltr'>affectus,</span> <span class='ocrx_word' id='word_1_122' title='bbox 777 1380 876 1441; x_wconf 91' lang='lat' dir='ltr'>timor</span> <span class='ocrx_word' id='word_1_123' title='bbox 896 1380 952 1441; x_wconf 89' lang='lat' dir='ltr'>vi·</span> <span class='ocrx_word' id='word_1_124' title='bbox 1007 1378 1088 1441; x_wconf 90' lang='lat' dir='ltr'>cidit</span> <span class='ocrx_word' id='word_1_125' title='bbox 1112 1380 1148 1440; x_wconf 94' lang='lat' dir='ltr'>in</span> <span class='ocrx_word' id='word_1_126' title='bbox 1175 1379 1333 1453; x_wconf 87' lang='lat' dir='ltr'>latrones,</span> <span class='ocrx_word' id='word_1_127' title='bbox 1351 1383 1407 1460; x_wconf 89' lang='lat' dir='ltr'>qui</span> <span class='ocrx_word' id='word_1_128' title='bbox 1431 1382 1659 1460; x_wconf 87' lang='lat' dir='ltr'>spoliaverunt</span> <span class='ocrx_word' id='word_1_129' title='bbox 1677 1401 1753 1446; x_wconf 91' lang='lat' dir='ltr'>eum</span> <span class='ocrx_word' id='word_1_130' title='bbox 1776 1388 1809 1449; x_wconf 90' lang='lat' dir='ltr'>et</span> 
     </span>
     <span class='ocr_line' id='line_1_13' title="bbox 143 1476 1804 1554; baseline 0.002 -15"><span class='ocrx_word' id='word_1_131' title='bbox 143 1477 267 1539; x_wconf 87' lang='lat' dir='ltr'>delicet</span> <span class='ocrx_word' id='word_1_132' title='bbox 295 1478 328 1539; x_wconf 89' lang='lat' dir='ltr'>et</span> <span class='ocrx_word' id='word_1_133' title='bbox 355 1492 466 1552; x_wconf 64' lang='lat' dir='ltr'>amon</span> <span class='ocrx_word' id='word_1_134' title='bbox 493 1476 594 1539; x_wconf 90' lang='lat' dir='ltr'>timor</span> <span class='ocrx_word' id='word_1_135' title='bbox 624 1478 759 1539; x_wconf 87' lang='lat' dir='ltr'>sanetus</span> <span class='ocrx_word' id='word_1_136' title='bbox 794 1478 827 1540; x_wconf 91' lang='lat' dir='ltr'>et</span> <span class='ocrx_word' id='word_1_137' title='bbox 858 1493 953 1540; x_wconf 91' lang='lat' dir='ltr'>amor</span> <span class='ocrx_word' id='word_1_138' title='bbox 1006 1476 1115 1553; x_wconf 89' lang='lat' dir='ltr'>plagis</span> <span class='ocrx_word' id='word_1_139' title='bbox 1133 1476 1299 1554; x_wconf 88' lang='lat' dir='ltr'>impositis</span> <span class='ocrx_word' id='word_1_140' title='bbox 1319 1478 1473 1543; x_wconf 90' lang='lat' dir='ltr'>abierunt</span> <span class='ocrx_word' id='word_1_141' title='bbox 1495 1482 1655 1544; x_wconf 91' lang='lat' dir='ltr'>semivivo</span> <span class='ocrx_word' id='word_1_142' title='bbox 1676 1483 1804 1545; x_wconf 88' lang='lat' dir='ltr'>relicto.</span> 
     </span>
     <span class='ocr_line' id='line_1_14' title="bbox 142 1574 1808 1656; baseline 0.002 -19"><span class='ocrx_word' id='word_1_143' title='bbox 142 1576 268 1637; x_wconf 82' lang='lat' dir='ltr'>castus.</span> <span class='ocrx_word' id='word_1_144' title='bbox 283 1575 399 1637; x_wconf 90' lang='lat' dir='ltr'>Timor</span> <span class='ocrx_word' id='word_1_145' title='bbox 410 1575 578 1652; x_wconf 81' lang='lat' dir='ltr'>praeparat</span> <span class='ocrx_word' id='word_1_146' title='bbox 588 1574 735 1647; x_wconf 91' lang='lat' dir='ltr'>initium,</span> <span class='ocrx_word' id='word_1_147' title='bbox 748 1575 835 1638; x_wconf 88' lang='lat' dir='ltr'>sicut</span> <span class='ocrx_word' id='word_1_148' title='bbox 845 1576 953 1655; x_wconf 87' lang='lat' dir='ltr'>scrip-</span> <span class='ocrx_word' id='word_1_149' title='bbox 1005 1574 1055 1635; x_wconf 81' lang='lat' dir='ltr'>nd</span> <span class='ocrx_word' id='word_1_150' title='bbox 1079 1575 1326 1637; x_wconf 84' lang='lat' dir='ltr'>revestiendum</span> <span class='ocrx_word' id='word_1_151' title='bbox 1350 1576 1438 1639; x_wconf 91' lang='lat' dir='ltr'>bunc</span> <span class='ocrx_word' id='word_1_152' title='bbox 1462 1579 1639 1656; x_wconf 90' lang='lat' dir='ltr'>spoliatum</span> <span class='ocrx_word' id='word_1_153' title='bbox 1658 1580 1808 1642; x_wconf 87' lang='lat' dir='ltr'>Christus</span> 
     </span>
     <span class='ocr_line' id='line_1_15' title="bbox 141 1672 1809 1751; baseline 0.003 -16"><span class='ocrx_word' id='word_1_154' title='bbox 141 1675 212 1736; x_wconf 87' lang='lat' dir='ltr'>tum</span> <span class='ocrx_word' id='word_1_155' title='bbox 233 1674 287 1734; x_wconf 88' lang='lat' dir='ltr'>est</span> <span class='ocrx_word' id='word_1_156' title='bbox 303 1694 311 1734; x_wconf 74' lang='grc' dir='ltr'><strong><em>ε</em></strong></span> <span class='ocrx_word' id='word_1_157' title='bbox 326 1674 474 1735; x_wconf 77' lang='lat' dir='ltr'>Initium</span> <span class='ocrx_word' id='word_1_158' title='bbox 493 1674 675 1749; x_wconf 72' lang='lat' dir='ltr'>saptentiae</span> <span class='ocrx_word' id='word_1_159' title='bbox 689 1675 796 1735; x_wconf 83' lang='lat' dir='ltr'>timor</span> <span class='ocrx_word' id='word_1_160' title='bbox 812 1678 953 1736; x_wconf 75' lang='lat' dir='ltr'>Deeratne·</span> <span class='ocrx_word' id='word_1_161' title='bbox 1007 1687 1043 1732; x_wconf 91' lang='lat' dir='ltr'>se</span> <span class='ocrx_word' id='word_1_162' title='bbox 1066 1672 1280 1735; x_wconf 85' lang='lat' dir='ltr'>mortalitatis</span> <span class='ocrx_word' id='word_1_163' title='bbox 1304 1673 1498 1738; x_wconf 89' lang='lat' dir='ltr'>indumento</span> <span class='ocrx_word' id='word_1_164' title='bbox 1521 1678 1666 1751; x_wconf 90' lang='lat' dir='ltr'>vestivit,</span> <span class='ocrx_word' id='word_1_165' title='bbox 1683 1679 1719 1740; x_wconf 91' lang='lat' dir='ltr'>ut</span> <span class='ocrx_word' id='word_1_166' title='bbox 1732 1695 1809 1740; x_wconf 91' lang='lat' dir='ltr'>eum</span> 
     </span>
     <span class='ocr_line' id='line_1_16' title="bbox 143 1769 1809 1849; baseline 0.004 -18"><span class='ocrx_word' id='word_1_167' title='bbox 143 1769 248 1849; x_wconf 82' lang='lat' dir='ltr'>(Eecl.</span> <span class='ocrx_word' id='word_1_168' title='bbox 272 1786 297 1843; x_wconf 90' lang='lat'>1,</span> <span class='ocrx_word' id='word_1_169' title='bbox 325 1769 390 1849; x_wconf 87' lang='grc'><strong>16).</strong></span> <span class='ocrx_word' id='word_1_170' title='bbox 410 1774 511 1833; x_wconf 83' lang='grc' dir='ltr'>Αιιιοι·</span> <span class='ocrx_word' id='word_1_171' title='bbox 535 1772 702 1849; x_wconf 76' lang='lat' dir='ltr'>preparat</span> <span class='ocrx_word' id='word_1_172' title='bbox 723 1771 834 1845; x_wconf 86' lang='lat' dir='ltr'>finem,</span> <span class='ocrx_word' id='word_1_173' title='bbox 852 1771 949 1849; x_wconf 88' lang='lat' dir='ltr'>quod,</span> <span class='ocrx_word' id='word_1_174' title='bbox 1006 1770 1269 1833; x_wconf 86' lang='lat' dir='ltr'>immortalitatis</span> <span class='ocrx_word' id='word_1_175' title='bbox 1290 1772 1404 1835; x_wconf 89' lang='lat' dir='ltr'>tunica</span> <span class='ocrx_word' id='word_1_176' title='bbox 1427 1774 1615 1837; x_wconf 88' lang='lat' dir='ltr'>revestiret.</span> <span class='ocrx_word' id='word_1_177' title='bbox 1639 1775 1749 1838; x_wconf 90' lang='lat' dir='ltr'>induit</span> <span class='ocrx_word' id='word_1_178' title='bbox 1772 1790 1809 1837; x_wconf 88' lang='lat' dir='ltr'>se</span> 
     </span>
     <span class='ocr_line' id='line_1_17' title="bbox 141 1867 1810 1945; baseline 0.004 -16"><span class='ocrx_word' id='word_1_179' title='bbox 141 1872 177 1931; x_wconf 91' lang='grc' dir='ltr'>ιιι</span> <span class='ocrx_word' id='word_1_180' title='bbox 201 1868 333 1931; x_wconf 86' lang='lat' dir='ltr'>Paulus</span> <span class='ocrx_word' id='word_1_181' title='bbox 346 1867 396 1931; x_wconf 89' lang='lat' dir='ltr'>ait</span> <span class='ocrx_word' id='word_1_182' title='bbox 410 1890 417 1929; x_wconf 92' lang='lat'>:</span> <span class='ocrx_word' id='word_1_183' title='bbox 432 1872 534 1931; x_wconf 78' lang='lat' dir='ltr'>Finis</span> <span class='ocrx_word' id='word_1_184' title='bbox 545 1870 711 1945; x_wconf 84' lang='lat' dir='ltr'>praeccptt</span> <span class='ocrx_word' id='word_1_185' title='bbox 727 1870 780 1932; x_wconf 84' lang='lat' dir='ltr'>est</span> <span class='ocrx_word' id='word_1_186' title='bbox 797 1870 952 1932; x_wconf 78' lang='lat' dir='ltr'>charitas</span> <span class='ocrx_word' id='word_1_187' title='bbox 1006 1867 1098 1929; x_wconf 91' lang='lat' dir='ltr'>illius</span> <span class='ocrx_word' id='word_1_188' title='bbox 1113 1868 1258 1931; x_wconf 87' lang='lat' dir='ltr'>miseriae</span> <span class='ocrx_word' id='word_1_189' title='bbox 1277 1870 1486 1944; x_wconf 88' lang='lat' dir='ltr'>vestimento,</span> <span class='ocrx_word' id='word_1_190' title='bbox 1504 1872 1541 1934; x_wconf 91' lang='lat' dir='ltr'>ut</span> <span class='ocrx_word' id='word_1_191' title='bbox 1560 1871 1751 1936; x_wconf 89' lang='lat' dir='ltr'>reindueret</span> <span class='ocrx_word' id='word_1_192' title='bbox 1765 1875 1810 1936; x_wconf 90' lang='lat' dir='ltr'>il-</span> 
     </span>
     <span class='ocr_line' id='line_1_18' title="bbox 142 1965 1807 2046; baseline 0.003 -17"><span class='ocrx_word' id='word_1_193' title='bbox 142 1965 174 2046; x_wconf 89' lang='lat'>(1</span> <span class='ocrx_word' id='word_1_194' title='bbox 185 1968 274 2028; x_wconf 88' lang='lat' dir='ltr'>Tim.</span> <span class='ocrx_word' id='word_1_195' title='bbox 289 1983 313 2040; x_wconf 88' lang='lat'>1,</span> <span class='ocrx_word' id='word_1_196' title='bbox 327 1966 374 2045; x_wconf 87' lang='lat'>5).</span> <span class='ocrx_word' id='word_1_197' title='bbox 391 1967 454 2039; x_wconf 87' lang='lat' dir='ltr'>Qui</span> <span class='ocrx_word' id='word_1_198' title='bbox 474 1966 517 2028; x_wconf 90' lang='lat' dir='ltr'>iis</span> <span class='ocrx_word' id='word_1_199' title='bbox 536 1966 664 2029; x_wconf 89' lang='lat' dir='ltr'>duobus</span> <span class='ocrx_word' id='word_1_200' title='bbox 683 1967 822 2045; x_wconf 89' lang='lat' dir='ltr'>pedibus</span> <span class='ocrx_word' id='word_1_201' title='bbox 835 1968 952 2044; x_wconf 86' lang='lat' dir='ltr'>gradi·</span> <span class='ocrx_word' id='word_1_202' title='bbox 1005 1966 1075 2027; x_wconf 91' lang='lat' dir='ltr'>lum</span> <span class='ocrx_word' id='word_1_203' title='bbox 1100 1966 1338 2029; x_wconf 74' lang='lat' dir='ltr'>misericordie</span> <span class='ocrx_word' id='word_1_204' title='bbox 1358 1985 1427 2033; x_wconf 89' lang='lat' dir='ltr'>suae</span> <span class='ocrx_word' id='word_1_205' title='bbox 1447 1969 1543 2031; x_wconf 88' lang='lat' dir='ltr'>stola.</span> <span class='ocrx_word' id='word_1_206' title='bbox 1566 1971 1744 2033; x_wconf 91' lang='lat' dir='ltr'>Descendit</span> <span class='ocrx_word' id='word_1_207' title='bbox 1766 1971 1807 2034; x_wconf 91' lang='lat' dir='ltr'>ad</span> 
     </span>
     <span class='ocr_line' id='line_1_19' title="bbox 141 2063 1808 2145; baseline 0.003 -19"><span class='ocrx_word' id='word_1_208' title='bbox 141 2066 197 2126; x_wconf 88' lang='lat' dir='ltr'>tur</span> <span class='ocrx_word' id='word_1_209' title='bbox 211 2081 397 2142; x_wconf 84' lang='lat' dir='ltr'>numquam</span> <span class='ocrx_word' id='word_1_210' title='bbox 408 2064 528 2127; x_wconf 87' lang='lat' dir='ltr'>cadere</span> <span class='ocrx_word' id='word_1_211' title='bbox 542 2067 662 2143; x_wconf 85' lang='lat' dir='ltr'>potest,</span> <span class='ocrx_word' id='word_1_212' title='bbox 676 2066 774 2144; x_wconf 90' lang='lat' dir='ltr'>quod,</span> <span class='ocrx_word' id='word_1_213' title='bbox 789 2067 826 2129; x_wconf 91' lang='lat' dir='ltr'>ut</span> <span class='ocrx_word' id='word_1_214' title='bbox 838 2068 949 2145; x_wconf 85' lang='lat' dir='ltr'>Apos-</span> <span class='ocrx_word' id='word_1_215' title='bbox 1004 2063 1141 2134; x_wconf 86' lang='lat' dir='ltr'>terram,</span> <span class='ocrx_word' id='word_1_216' title='bbox 1151 2063 1188 2126; x_wconf 91' lang='lat' dir='ltr'>ut</span> <span class='ocrx_word' id='word_1_217' title='bbox 1196 2064 1373 2128; x_wconf 87' lang='lat' dir='ltr'>reduceret</span> <span class='ocrx_word' id='word_1_218' title='bbox 1382 2065 1476 2126; x_wconf 91' lang='lat' dir='ltr'>illum</span> <span class='ocrx_word' id='word_1_219' title='bbox 1491 2083 1552 2145; x_wconf 93' lang='lat' dir='ltr'>per</span> <span class='ocrx_word' id='word_1_220' title='bbox 1566 2066 1808 2132; x_wconf 87' lang='lat' dir='ltr'>contessionem</span> 
     </span>
     <span class='ocr_line' id='line_1_20' title="bbox 140 2160 1808 2244; baseline 0.001 -18"><span class='ocrx_word' id='word_1_221' title='bbox 140 2163 230 2226; x_wconf 87' lang='lat' dir='ltr'>tolus</span> <span class='ocrx_word' id='word_1_222' title='bbox 257 2163 307 2226; x_wconf 90' lang='lat' dir='ltr'>ait</span> <span class='ocrx_word' id='word_1_223' title='bbox 326 2185 334 2223; x_wconf 76' lang='grc' dir='ltr'><strong><em>ε</em></strong></span> <span class='ocrx_word' id='word_1_224' title='bbox 355 2180 375 2224; x_wconf 79' lang='grc' dir='ltr'>ιι</span> <span class='ocrx_word' id='word_1_225' title='bbox 401 2163 555 2226; x_wconf 83' lang='lat' dir='ltr'>Charitas</span> <span class='ocrx_word' id='word_1_226' title='bbox 582 2180 761 2242; x_wconf 88' lang='lat' dir='ltr'>numquam</span> <span class='ocrx_word' id='word_1_227' title='bbox 781 2164 950 2227; x_wconf 82' lang='lat' dir='ltr'>excidit.»</span> <span class='ocrx_word' id='word_1_228' title='bbox 1006 2160 1047 2223; x_wconf 88' lang='lat' dir='ltr'>ad</span> <span class='ocrx_word' id='word_1_229' title='bbox 1074 2162 1204 2223; x_wconf 90' lang='lat' dir='ltr'>coelum.</span> <span class='ocrx_word' id='word_1_230' title='bbox 1223 2163 1318 2224; x_wconf 90' lang='lat' dir='ltr'>Unde</span> <span class='ocrx_word' id='word_1_231' title='bbox 1337 2162 1422 2225; x_wconf 91' lang='lat' dir='ltr'>bene</span> <span class='ocrx_word' id='word_1_232' title='bbox 1442 2165 1546 2226; x_wconf 82' lang='lat' dir='ltr'>ludas</span> <span class='ocrx_word' id='word_1_233' title='bbox 1571 2165 1808 2244; x_wconf 88' lang='lat' dir='ltr'>interpretatur</span> 
     </span>
     <span class='ocr_line' id='line_1_21' title="bbox 140 2259 1807 2340; baseline 0.002 -17"><span class='ocrx_word' id='word_1_234' title='bbox 140 2263 294 2338; x_wconf 86' lang='lat' dir='ltr'>Etjuxta</span> <span class='ocrx_word' id='word_1_235' title='bbox 319 2261 498 2323; x_wconf 85' lang='lat' dir='ltr'>Psalmista</span> <span class='ocrx_word' id='word_1_236' title='bbox 515 2283 523 2323; x_wconf 77' lang='grc' dir='ltr'>ι</span> <span class='ocrx_word' id='word_1_237' title='bbox 538 2279 558 2323; x_wconf 79' lang='grc' dir='ltr'>ιι</span> <span class='ocrx_word' id='word_1_238' title='bbox 572 2262 685 2323; x_wconf 86' lang='lat' dir='ltr'>Timor</span> <span class='ocrx_word' id='word_1_239' title='bbox 699 2261 832 2323; x_wconf 90' lang='lat' dir='ltr'>Domini</span> <span class='ocrx_word' id='word_1_240' title='bbox 845 2278 949 2324; x_wconf 89' lang='lat' dir='ltr'>sanc·</span> <span class='ocrx_word' id='word_1_241' title='bbox 1005 2259 1166 2321; x_wconf 86' lang='lat' dir='ltr'>conitiens</span> <span class='ocrx_word' id='word_1_242' title='bbox 1191 2259 1245 2321; x_wconf 90' lang='lat' dir='ltr'>vel</span> <span class='ocrx_word' id='word_1_243' title='bbox 1274 2260 1439 2323; x_wconf 81' lang='lat' dir='ltr'>confessio</span> <span class='ocrx_word' id='word_1_244' title='bbox 1470 2278 1544 2339; x_wconf 85' lang='lat' dir='ltr'>quae</span> <span class='ocrx_word' id='word_1_245' title='bbox 1573 2266 1807 2340; x_wconf 91' lang='lat' dir='ltr'>superomnia</span> 
     </span>
     <span class='ocr_line' id='line_1_22' title="bbox 138 2355 1805 2436; baseline 0.002 -16"><span class='ocrx_word' id='word_1_246' title='bbox 138 2362 200 2420; x_wconf 88' lang='lat' dir='ltr'>tus</span> <span class='ocrx_word' id='word_1_247' title='bbox 211 2361 389 2436; x_wconf 86' lang='lat' dir='ltr'>permanet</span> <span class='ocrx_word' id='word_1_248' title='bbox 404 2359 440 2420; x_wconf 92' lang='lat' dir='ltr'>in</span> <span class='ocrx_word' id='word_1_249' title='bbox 455 2360 614 2421; x_wconf 85' lang='lat' dir='ltr'>saeculum</span> <span class='ocrx_word' id='word_1_250' title='bbox 629 2360 755 2422; x_wconf 83' lang='lat' dir='ltr'>saeculi.</span> <span class='ocrx_word' id='word_1_251' title='bbox 772 2378 791 2421; x_wconf 72' lang='grc' dir='ltr'>ι»</span> <span class='ocrx_word' id='word_1_252' title='bbox 1004 2355 1118 2418; x_wconf 86' lang='lat' dir='ltr'>vincit.</span> <span class='ocrx_word' id='word_1_253' title='bbox 1143 2357 1237 2419; x_wconf 90' lang='lat' dir='ltr'>Unde</span> <span class='ocrx_word' id='word_1_254' title='bbox 1260 2359 1342 2421; x_wconf 90' lang='lat' dir='ltr'>vicit</span> <span class='ocrx_word' id='word_1_255' title='bbox 1359 2358 1412 2421; x_wconf 89' lang='lat' dir='ltr'>leo</span> <span class='ocrx_word' id='word_1_256' title='bbox 1432 2359 1576 2421; x_wconf 89' lang='lat' dir='ltr'>detribu</span> <span class='ocrx_word' id='word_1_257' title='bbox 1594 2361 1691 2434; x_wconf 86' lang='lat' dir='ltr'>Juda,</span> <span class='ocrx_word' id='word_1_258' title='bbox 1707 2362 1805 2435; x_wconf 88' lang='lat' dir='ltr'>idest,</span> 
     </span>
    </p>

    <p class='ocr_par' dir='ltr' id='par_1_3' title="bbox 145 2453 1806 2633">
     <span class='ocr_line' id='line_1_23' title="bbox 185 2453 1804 2537; baseline 0.002 -19"><span class='ocrx_word' id='word_1_259' title='bbox 185 2460 290 2519; x_wconf 86' lang='lat' dir='ltr'>Secus</span> <span class='ocrx_word' id='word_1_260' title='bbox 316 2457 380 2518; x_wconf 89' lang='lat' dir='ltr'>hos</span> <span class='ocrx_word' id='word_1_261' title='bbox 408 2457 511 2535; x_wconf 89' lang='lat' dir='ltr'>pedes</span> <span class='ocrx_word' id='word_1_262' title='bbox 531 2457 627 2520; x_wconf 88' lang='lat' dir='ltr'>debet</span> <span class='ocrx_word' id='word_1_263' title='bbox 652 2458 710 2519; x_wconf 90' lang='lat' dir='ltr'>ille</span> <span class='ocrx_word' id='word_1_264' title='bbox 733 2457 861 2531; x_wconf 88' lang='lat' dir='ltr'>sedere,</span> <span class='ocrx_word' id='word_1_265' title='bbox 892 2458 949 2537; x_wconf 93' lang='lat' dir='ltr'>qui</span> <span class='ocrx_word' id='word_1_266' title='bbox 1004 2453 1109 2516; x_wconf 90' lang='lat' dir='ltr'>vincit</span> <span class='ocrx_word' id='word_1_267' title='bbox 1127 2454 1240 2533; x_wconf 79' lang='lat' dir='ltr'>Justus</span> <span class='ocrx_word' id='word_1_268' title='bbox 1264 2454 1438 2530; x_wconf 72' lang='lat' dir='ltr'>confitear,</span> <span class='ocrx_word' id='word_1_269' title='bbox 1463 2457 1589 2535; x_wconf 82' lang='lat' dir='ltr'>quiesi</span> <span class='ocrx_word' id='word_1_270' title='bbox 1614 2459 1709 2536; x_wconf 88' lang='lat' dir='ltr'>quasi</span> <span class='ocrx_word' id='word_1_271' title='bbox 1740 2460 1804 2521; x_wconf 91' lang='lat' dir='ltr'>leo.</span> 
     </span>
     <span class='ocr_line' id='line_1_24' title="bbox 145 2552 1806 2633; baseline 0.002 -17"><span class='ocrx_word' id='word_1_272' title='bbox 145 2554 289 2617; x_wconf 82' lang='lat' dir='ltr'>verbum</span> <span class='ocrx_word' id='word_1_273' title='bbox 303 2555 439 2617; x_wconf 89' lang='lat' dir='ltr'>Domini</span> <span class='ocrx_word' id='word_1_274' title='bbox 457 2556 548 2633; x_wconf 90' lang='lat' dir='ltr'>cupit</span> <span class='ocrx_word' id='word_1_275' title='bbox 564 2554 692 2628; x_wconf 89' lang='lat' dir='ltr'>audire,</span> <span class='ocrx_word' id='word_1_276' title='bbox 714 2557 750 2618; x_wconf 88' lang='lat' dir='ltr'>ut</span> <span class='ocrx_word' id='word_1_277' title='bbox 768 2556 949 2618; x_wconf 86' lang='lat' dir='ltr'>secundum</span> <span class='ocrx_word' id='word_1_278' title='bbox 1006 2552 1099 2613; x_wconf 91' lang='lat' dir='ltr'>Unde</span> <span class='ocrx_word' id='word_1_279' title='bbox 1113 2574 1121 2612; x_wconf 75' lang='grc' dir='ltr'><strong><em>ε</em></strong></span> <span class='ocrx_word' id='word_1_280' title='bbox 1136 2553 1227 2624; x_wconf 80' lang='lat' dir='ltr'>«Qui</span> <span class='ocrx_word' id='word_1_281' title='bbox 1239 2569 1292 2614; x_wconf 91' lang='lat' dir='ltr'>me</span> <span class='ocrx_word' id='word_1_282' title='bbox 1307 2552 1480 2616; x_wconf 81' lang='lat' dir='ltr'>confessus</span> <span class='ocrx_word' id='word_1_283' title='bbox 1496 2553 1596 2618; x_wconf 82' lang='lat' dir='ltr'>suerit</span> <span class='ocrx_word' id='word_1_284' title='bbox 1612 2571 1724 2617; x_wconf 89' lang='lat' dir='ltr'>coram</span> <span class='ocrx_word' id='word_1_285' title='bbox 1739 2557 1806 2619; x_wconf 91' lang='lat' dir='ltr'>ho-</span> 
     </span>
    </p>
   </div>
   <div class='ocr_carea' id='block_1_3' title="bbox 9 2649 1806 2730">
    <p class='ocr_par' dir='ltr' id='par_1_4' title="bbox 9 2649 1806 2730">
     <span class='ocr_line' id='line_1_25' title="bbox 9 2649 1806 2730; baseline 0.005 -18"><span class='ocrx_word' id='word_1_286' title='bbox 9 2694 10 2699; x_wconf 35' lang='lat'>1</span> <span class='ocrx_word' id='word_1_287' title='bbox 143 2653 340 2715; x_wconf 86' lang='lat' dir='ltr'>mandatum</span> <span class='ocrx_word' id='word_1_288' title='bbox 355 2653 505 2715; x_wconf 92' lang='lat' dir='ltr'>divinum</span> <span class='ocrx_word' id='word_1_289' title='bbox 520 2655 553 2715; x_wconf 93' lang='lat' dir='ltr'>et</span> <span class='ocrx_word' id='word_1_290' title='bbox 564 2670 624 2730; x_wconf 93' lang='lat' dir='ltr'>per</span> <span class='ocrx_word' id='word_1_291' title='bbox 636 2654 790 2716; x_wconf 89' lang='lat' dir='ltr'>timorem</span> <span class='ocrx_word' id='word_1_292' title='bbox 804 2653 951 2717; x_wconf 89' lang='lat' dir='ltr'>declinet</span> <span class='ocrx_word' id='word_1_293' title='bbox 1003 2649 1160 2723; x_wconf 84' lang='lat' dir='ltr'>minibus,</span> <span class='ocrx_word' id='word_1_294' title='bbox 1174 2649 1565 2728; x_wconf 64' lang='lat' dir='ltr'>confiteboretegffltum</span> <span class='ocrx_word' id='word_1_295' title='bbox 1581 2668 1693 2714; x_wconf 81' lang='lat' dir='ltr'>00ram</span> <span class='ocrx_word' id='word_1_296' title='bbox 1707 2655 1806 2717; x_wconf 76' lang='lat' dir='ltr'>Patre</span> 
     </span>
    </p>
   </div>
   <div class='ocr_carea' id='block_1_4' title="bbox 143 2745 1807 3711">
    <p class='ocr_par' dir='ltr' id='par_1_5' title="bbox 143 2745 1807 3711">
     <span class='ocr_line' id='line_1_26' title="bbox 143 2745 1397 2830; baseline -0.002 -19"><span class='ocrx_word' id='word_1_297' title='bbox 143 2750 277 2821; x_wconf 88' lang='lat' dir='ltr'>amalo,</span> <span class='ocrx_word' id='word_1_298' title='bbox 295 2752 329 2813; x_wconf 90' lang='lat' dir='ltr'>et</span> <span class='ocrx_word' id='word_1_299' title='bbox 341 2767 401 2828; x_wconf 91' lang='lat' dir='ltr'>per</span> <span class='ocrx_word' id='word_1_300' title='bbox 411 2766 561 2813; x_wconf 88' lang='lat' dir='ltr'>amorem</span> <span class='ocrx_word' id='word_1_301' title='bbox 575 2751 677 2813; x_wconf 87' lang='lat' dir='ltr'>saciat</span> <span class='ocrx_word' id='word_1_302' title='bbox 694 2751 828 2824; x_wconf 89' lang='lat' dir='ltr'>bonum,</span> <span class='ocrx_word' id='word_1_303' title='bbox 849 2753 947 2830; x_wconf 91' lang='lat' dir='ltr'>quod,</span> <span class='ocrx_word' id='word_1_304' title='bbox 1004 2764 1088 2809; x_wconf 90' lang='lat' dir='ltr'>meo.</span> <span class='ocrx_word' id='word_1_305' title='bbox 1103 2763 1121 2808; x_wconf 75' lang='lat' dir='ltr'>b</span> <span class='ocrx_word' id='word_1_306' title='bbox 1135 2746 1265 2827; x_wconf 86' lang='lat' dir='ltr'>(Matth.</span> <span class='ocrx_word' id='word_1_307' title='bbox 1282 2763 1316 2821; x_wconf 88' lang='lat' dir='ltr'>x,</span> <span class='ocrx_word' id='word_1_308' title='bbox 1331 2745 1397 2827; x_wconf 83' lang='lat'>32).</span> 
     </span>
     <span class='ocr_line' id='line_1_27' title="bbox 144 2846 1806 2928; baseline 0.001 -19"><span class='ocrx_word' id='word_1_309' title='bbox 144 2850 180 2910; x_wconf 90' lang='grc' dir='ltr'>ιιι</span> <span class='ocrx_word' id='word_1_310' title='bbox 194 2849 378 2926; x_wconf 81' lang='lat' dir='ltr'>Apostolus</span> <span class='ocrx_word' id='word_1_311' title='bbox 393 2849 442 2911; x_wconf 89' lang='lat' dir='ltr'>ait</span> <span class='ocrx_word' id='word_1_312' title='bbox 455 2853 555 2911; x_wconf 83' lang='lat' dir='ltr'>:Non</span> <span class='ocrx_word' id='word_1_313' title='bbox 575 2850 754 2912; x_wconf 81' lang='lat' dir='ltr'>auditores</span> <span class='ocrx_word' id='word_1_314' title='bbox 772 2854 856 2927; x_wconf 79' lang='lat' dir='ltr'>lepis</span> <span class='ocrx_word' id='word_1_315' title='bbox 871 2852 950 2913; x_wconf 78' lang='lat' dir='ltr'>ton-</span> <span class='ocrx_word' id='word_1_316' title='bbox 1043 2847 1214 2924; x_wconf 86' lang='lat' dir='ltr'>Frequens</span> <span class='ocrx_word' id='word_1_317' title='bbox 1242 2846 1466 2907; x_wconf 87' lang='lat' dir='ltr'>ministerium</span> <span class='ocrx_word' id='word_1_318' title='bbox 1490 2846 1612 2910; x_wconf 89' lang='lat' dir='ltr'>dicitur</span> <span class='ocrx_word' id='word_1_319' title='bbox 1632 2848 1806 2928; x_wconf 80' lang='lat' dir='ltr'>multiplex</span> 
     </span>
     <span class='ocr_line' id='line_1_28' title="bbox 145 2943 1806 3025; baseline 0.001 -18"><span class='ocrx_word' id='word_1_320' title='bbox 145 2947 230 3020; x_wconf 77' lang='lat' dir='ltr'>trem,</span> <span class='ocrx_word' id='word_1_321' title='bbox 245 2950 309 3008; x_wconf 78' lang='lat' dir='ltr'>aed</span> <span class='ocrx_word' id='word_1_322' title='bbox 333 2947 486 3021; x_wconf 80' lang='lat' dir='ltr'>factores</span> <span class='ocrx_word' id='word_1_323' title='bbox 505 2949 597 3021; x_wconf 80' lang='lat' dir='ltr'>justi</span> <span class='ocrx_word' id='word_1_324' title='bbox 618 2948 701 3009; x_wconf 81' lang='lat' dir='ltr'>sunt</span> <span class='ocrx_word' id='word_1_325' title='bbox 723 2950 815 3021; x_wconf 75' lang='lat' dir='ltr'>epod</span> <span class='ocrx_word' id='word_1_326' title='bbox 837 2952 948 3011; x_wconf 79' lang='lat' dir='ltr'>Deum</span> <span class='ocrx_word' id='word_1_327' title='bbox 1004 2943 1154 3021; x_wconf 87' lang='lat' dir='ltr'>operatio</span> <span class='ocrx_word' id='word_1_328' title='bbox 1169 2943 1246 3006; x_wconf 86' lang='lat' dir='ltr'>vitae</span> <span class='ocrx_word' id='word_1_329' title='bbox 1262 2943 1392 3006; x_wconf 85' lang='lat' dir='ltr'>activae.</span> <span class='ocrx_word' id='word_1_330' title='bbox 1410 2945 1493 3005; x_wconf 86' lang='lat' dir='ltr'>Sunt</span> <span class='ocrx_word' id='word_1_331' title='bbox 1507 2945 1596 3006; x_wconf 91' lang='lat' dir='ltr'>enim</span> <span class='ocrx_word' id='word_1_332' title='bbox 1611 2948 1683 3024; x_wconf 87' lang='lat' dir='ltr'>ejus</span> <span class='ocrx_word' id='word_1_333' title='bbox 1705 2963 1806 3025; x_wconf 90' lang='lat' dir='ltr'>opera</span> 
     </span>
     <span class='ocr_line' id='line_1_29' title="bbox 147 3039 1807 3123; baseline 0.001 -17"><span class='ocrx_word' id='word_1_334' title='bbox 147 3044 257 3122; x_wconf 86' lang='lat' dir='ltr'>(Rom.</span> <span class='ocrx_word' id='word_1_335' title='bbox 284 3060 323 3117; x_wconf 87' lang='lat'>11,</span> <span class='ocrx_word' id='word_1_336' title='bbox 350 3043 414 3123; x_wconf 87' lang='grc'><strong>18).</strong></span> <span class='ocrx_word' id='word_1_337' title='bbox 435 3044 572 3106; x_wconf 80' lang='lat' dir='ltr'>Frustra</span> <span class='ocrx_word' id='word_1_338' title='bbox 595 3045 708 3123; x_wconf 87' lang='lat' dir='ltr'>itaque</span> <span class='ocrx_word' id='word_1_339' title='bbox 730 3045 849 3108; x_wconf 88' lang='lat' dir='ltr'>nititur</span> <span class='ocrx_word' id='word_1_340' title='bbox 863 3061 948 3107; x_wconf 88' lang='lat' dir='ltr'>con·</span> <span class='ocrx_word' id='word_1_341' title='bbox 1003 3042 1205 3103; x_wconf 88' lang='lat' dir='ltr'>esurientem</span> <span class='ocrx_word' id='word_1_342' title='bbox 1220 3039 1370 3114; x_wconf 84' lang='lat' dir='ltr'>relicere,</span> <span class='ocrx_word' id='word_1_343' title='bbox 1392 3043 1559 3104; x_wconf 88' lang='lat' dir='ltr'>sitientem</span> <span class='ocrx_word' id='word_1_344' title='bbox 1574 3044 1702 3120; x_wconf 86' lang='lat' dir='ltr'>potare,</span> <span class='ocrx_word' id='word_1_345' title='bbox 1725 3044 1807 3107; x_wconf 91' lang='lat' dir='ltr'>hos-</span> 
     </span>
     <span class='ocr_line' id='line_1_30' title="bbox 147 3139 1805 3221; baseline 0.001 -18"><span class='ocrx_word' id='word_1_346' title='bbox 147 3141 303 3220; x_wconf 87' lang='lat' dir='ltr'>templari</span> <span class='ocrx_word' id='word_1_347' title='bbox 318 3142 376 3220; x_wconf 89' lang='lat' dir='ltr'>qui</span> <span class='ocrx_word' id='word_1_348' title='bbox 389 3143 617 3219; x_wconf 87' lang='lat' dir='ltr'>pertimerem</span> <span class='ocrx_word' id='word_1_349' title='bbox 631 3145 824 3206; x_wconf 88' lang='lat' dir='ltr'>etamorem</span> <span class='ocrx_word' id='word_1_350' title='bbox 841 3144 947 3221; x_wconf 92' lang='lat' dir='ltr'>legem</span> <span class='ocrx_word' id='word_1_351' title='bbox 1003 3139 1105 3218; x_wconf 90' lang='lat' dir='ltr'>pitem</span> <span class='ocrx_word' id='word_1_352' title='bbox 1130 3139 1300 3216; x_wconf 85' lang='lat' dir='ltr'>colligere,</span> <span class='ocrx_word' id='word_1_353' title='bbox 1322 3139 1447 3201; x_wconf 90' lang='lat' dir='ltr'>nudum</span> <span class='ocrx_word' id='word_1_354' title='bbox 1475 3139 1610 3214; x_wconf 86' lang='lat' dir='ltr'>vestire,</span> <span class='ocrx_word' id='word_1_355' title='bbox 1636 3141 1805 3204; x_wconf 84' lang='lat' dir='ltr'>infirmum</span> 
     </span>
     <span class='ocr_line' id='line_1_31' title="bbox 148 3237 1805 3318; baseline 0.001 -18"><span class='ocrx_word' id='word_1_356' title='bbox 148 3239 279 3301; x_wconf 88' lang='lat' dir='ltr'>Domini</span> <span class='ocrx_word' id='word_1_357' title='bbox 292 3255 360 3301; x_wconf 90' lang='lat' dir='ltr'>non</span> <span class='ocrx_word' id='word_1_358' title='bbox 373 3239 527 3301; x_wconf 88' lang='lat' dir='ltr'>custodit.</span> <span class='ocrx_word' id='word_1_359' title='bbox 1001 3238 1151 3310; x_wconf 88' lang='lat' dir='ltr'>visitare,</span> <span class='ocrx_word' id='word_1_360' title='bbox 1164 3237 1205 3298; x_wconf 93' lang='lat' dir='ltr'>ad</span> <span class='ocrx_word' id='word_1_361' title='bbox 1216 3237 1460 3300; x_wconf 88' lang='lat' dir='ltr'>incarceratum</span> <span class='ocrx_word' id='word_1_362' title='bbox 1470 3239 1596 3311; x_wconf 89' lang='lat' dir='ltr'>venire,</span> <span class='ocrx_word' id='word_1_363' title='bbox 1607 3255 1680 3318; x_wconf 87' lang='lat' dir='ltr'>quae</span> <span class='ocrx_word' id='word_1_364' title='bbox 1692 3240 1805 3303; x_wconf 89' lang='lat' dir='ltr'>omnia</span> 
     </span>
     <span class='ocr_line' id='line_1_32' title="bbox 183 3334 1804 3415; baseline 0.001 -17"><span class='ocrx_word' id='word_1_365' title='bbox 183 3338 462 3415; x_wconf 73' lang='lat' dir='ltr'>Mortbdautcm</span> <span class='ocrx_word' id='word_1_366' title='bbox 480 3337 658 3414; x_wconf 78' lang='lat' dir='ltr'>satagebat</span> <span class='ocrx_word' id='word_1_367' title='bbox 678 3341 949 3413; x_wconf 68' lang='lat' dir='ltr'>ctreelrequens</span> <span class='ocrx_word' id='word_1_368' title='bbox 1002 3335 1220 3413; x_wconf 86' lang='lat' dir='ltr'>designantur</span> <span class='ocrx_word' id='word_1_369' title='bbox 1252 3334 1287 3395; x_wconf 92' lang='lat' dir='ltr'>in</span> <span class='ocrx_word' id='word_1_370' title='bbox 1309 3336 1511 3411; x_wconf 84' lang='lat' dir='ltr'>Evangelio,</span> <span class='ocrx_word' id='word_1_371' title='bbox 1546 3336 1604 3398; x_wconf 89' lang='lat' dir='ltr'>ubl</span> <span class='ocrx_word' id='word_1_372' title='bbox 1642 3339 1804 3400; x_wconf 88' lang='lat' dir='ltr'>Dominus</span> 
     </span>
     <span class='ocr_line' id='line_1_33' title="bbox 146 3433 1804 3514; baseline 0.003 -20"><span class='ocrx_word' id='word_1_373' title='bbox 146 3435 393 3497; x_wconf 64' lang='lat' dir='ltr'>satietatemque.</span> <span class='ocrx_word' id='word_1_374' title='bbox 409 3434 865 3514; x_wconf 84' lang='lat' dir='ltr'>Audiquomodoipselesus</span> <span class='ocrx_word' id='word_1_375' title='bbox 887 3453 946 3497; x_wconf 86' lang='lat' dir='ltr'>sa·</span> <span class='ocrx_word' id='word_1_376' title='bbox 1003 3434 1105 3497; x_wconf 90' lang='lat' dir='ltr'>dicit:</span> <span class='ocrx_word' id='word_1_377' title='bbox 1124 3435 1269 3496; x_wconf 73' lang='lat' dir='ltr'>Eretriae·</span> <span class='ocrx_word' id='word_1_378' title='bbox 1302 3433 1335 3495; x_wconf 87' lang='lat' dir='ltr'>et</span> <span class='ocrx_word' id='word_1_379' title='bbox 1365 3435 1507 3496; x_wconf 77' lang='lat' dir='ltr'>dedistis</span> <span class='ocrx_word' id='word_1_380' title='bbox 1536 3438 1623 3498; x_wconf 74' lang='lat' dir='ltr'>alethi</span> <span class='ocrx_word' id='word_1_381' title='bbox 1653 3439 1804 3499; x_wconf 78' lang='lat' dir='ltr'>enarretu-</span> 
     </span>
     <span class='ocr_line' id='line_1_34' title="bbox 145 3529 1805 3612; baseline 0.001 -18"><span class='ocrx_word' id='word_1_382' title='bbox 145 3532 279 3609; x_wconf 86' lang='lat' dir='ltr'>tagebat</span> <span class='ocrx_word' id='word_1_383' title='bbox 293 3532 383 3594; x_wconf 86' lang='lat' dir='ltr'>eirca</span> <span class='ocrx_word' id='word_1_384' title='bbox 406 3531 564 3610; x_wconf 82' lang='lat' dir='ltr'>irequeus</span> <span class='ocrx_word' id='word_1_385' title='bbox 584 3534 807 3597; x_wconf 89' lang='lat' dir='ltr'>ministerium</span> <span class='ocrx_word' id='word_1_386' title='bbox 824 3536 856 3597; x_wconf 90' lang='lat' dir='ltr'>et</span> <span class='ocrx_word' id='word_1_387' title='bbox 869 3536 946 3595; x_wconf 86' lang='lat' dir='ltr'>tur·</span> <span class='ocrx_word' id='word_1_388' title='bbox 1001 3546 1120 3594; x_wconf 82' lang='lat' dir='ltr'>care...</span> <span class='ocrx_word' id='word_1_389' title='bbox 1146 3529 1264 3612; x_wconf 86' lang='lat' dir='ltr'>(Math.</span> <span class='ocrx_word' id='word_1_390' title='bbox 1282 3545 1368 3603; x_wconf 85' lang='lat' dir='ltr'>xxv,</span> <span class='ocrx_word' id='word_1_391' title='bbox 1391 3529 1457 3611; x_wconf 89' lang='lat'>35).</span> <span class='ocrx_word' id='word_1_392' title='bbox 1475 3534 1553 3604; x_wconf 87' lang='lat' dir='ltr'>Quae</span> <span class='ocrx_word' id='word_1_393' title='bbox 1570 3532 1683 3595; x_wconf 90' lang='lat' dir='ltr'>omnia</span> <span class='ocrx_word' id='word_1_394' title='bbox 1702 3535 1805 3596; x_wconf 86' lang='lat' dir='ltr'>Beata</span> 
     </span>
     <span class='ocr_line' id='line_1_35' title="bbox 143 3627 1803 3711; baseline -0.001 -19"><span class='ocrx_word' id='word_1_395' title='bbox 143 3630 288 3692; x_wconf 78' lang='lat' dir='ltr'>bebatur</span> <span class='ocrx_word' id='word_1_396' title='bbox 301 3646 382 3707; x_wconf 85' lang='lat' dir='ltr'>erga</span> <span class='ocrx_word' id='word_1_397' title='bbox 394 3630 560 3707; x_wconf 85' lang='lat' dir='ltr'>plurima:</span> <span class='ocrx_word' id='word_1_398' title='bbox 583 3634 692 3705; x_wconf 82' lang='lat' dir='ltr'>Meus,</span> <span class='ocrx_word' id='word_1_399' title='bbox 717 3632 838 3711; x_wconf 90' lang='lat' dir='ltr'>inquit,</span> <span class='ocrx_word' id='word_1_400' title='bbox 854 3637 947 3695; x_wconf 77' lang='lat' dir='ltr'>cibes</span> <span class='ocrx_word' id='word_1_401' title='bbox 1002 3629 1109 3692; x_wconf 89' lang='lat' dir='ltr'>Maria</span> <span class='ocrx_word' id='word_1_402' title='bbox 1131 3627 1343 3707; x_wconf 87' lang='lat' dir='ltr'>praecunctis</span> <span class='ocrx_word' id='word_1_403' title='bbox 1367 3628 1558 3691; x_wconf 90' lang='lat' dir='ltr'>homiuibus</span> <span class='ocrx_word' id='word_1_404' title='bbox 1583 3631 1803 3693; x_wconf 88' lang='lat' dir='ltr'>excellentius</span> 
     </span>
    </p>
   </div>
   <div class='ocr_carea' id='block_1_5' title="bbox 9 3716 1806 3904">
    <p class='ocr_par' dir='ltr' id='par_1_6' title="bbox 9 3716 1806 3904">
     <span class='ocr_line' id='line_1_36' title="bbox 9 3716 1806 3806; baseline -0.001 -16"><span class='ocrx_word' id='word_1_405' title='bbox 9 3716 11 3805; x_wconf 60' lang='lat' dir='ltr'>t</span> <span class='ocrx_word' id='word_1_406' title='bbox 140 3727 258 3797; x_wconf 59' lang='lat' dir='ltr'>estet</span> <span class='ocrx_word' id='word_1_407' title='bbox 280 3729 409 3802; x_wconf 69' lang='lat' dir='ltr'>facum</span> <span class='ocrx_word' id='word_1_408' title='bbox 429 3728 642 3790; x_wconf 74' lang='lat' dir='ltr'>voluntatem</span> <span class='ocrx_word' id='word_1_409' title='bbox 671 3731 748 3801; x_wconf 74' lang='lat' dir='ltr'>ejus</span> <span class='ocrx_word' id='word_1_410' title='bbox 768 3732 828 3804; x_wconf 78' lang='lat' dir='ltr'>qut</span> <span class='ocrx_word' id='word_1_411' title='bbox 851 3730 948 3791; x_wconf 77' lang='lat' dir='ltr'>moe</span> <span class='ocrx_word' id='word_1_412' title='bbox 1002 3727 1204 3804; x_wconf 77' lang='lat' dir='ltr'>adimplevit.</span> <span class='ocrx_word' id='word_1_413' title='bbox 1223 3728 1299 3803; x_wconf 80' lang='lat' dir='ltr'>ipsa</span> <span class='ocrx_word' id='word_1_414' title='bbox 1312 3742 1454 3804; x_wconf 75' lang='lat' dir='ltr'>namque</span> <span class='ocrx_word' id='word_1_415' title='bbox 1467 3727 1527 3788; x_wconf 79' lang='lat' dir='ltr'>uei</span> <span class='ocrx_word' id='word_1_416' title='bbox 1540 3728 1661 3788; x_wconf 77' lang='lat' dir='ltr'>uilium</span> <span class='ocrx_word' id='word_1_417' title='bbox 1675 3729 1712 3789; x_wconf 81' lang='lat' dir='ltr'>m</span> <span class='ocrx_word' id='word_1_418' title='bbox 1727 3745 1806 3806; x_wconf 81' lang='lat' dir='ltr'>pro-</span> 
     </span>
     <span class='ocr_line' id='line_1_37' title="bbox 9 3822 1803 3904; baseline 0.001 -19"><span class='ocrx_word' id='word_1_419' title='bbox 9 3830 10 3839; x_wconf 77' lang='grc'>’</span> <span class='ocrx_word' id='word_1_420' title='bbox 141 3840 198 3887; x_wconf 86' lang='lat' dir='ltr'>mc</span> <span class='ocrx_word' id='word_1_421' title='bbox 218 3822 330 3904; x_wconf 80' lang='lat' dir='ltr'>(toan.</span> <span class='ocrx_word' id='word_1_422' title='bbox 357 3841 404 3899; x_wconf 79' lang='lat' dir='ltr'>iv,</span> <span class='ocrx_word' id='word_1_423' title='bbox 428 3822 495 3904; x_wconf 87' lang='grc'>34).</span> <span class='ocrx_word' id='word_1_424' title='bbox 511 3824 861 3901; x_wconf 73' lang='grc' dir='ltr'>ΕιιιιιιιεΒαριιιιιιο</span> <span class='ocrx_word' id='word_1_425' title='bbox 881 3831 946 3889; x_wconf 85' lang='lat' dir='ltr'>ba·</span> <span class='ocrx_word' id='word_1_426' title='bbox 1001 3826 1074 3904; x_wconf 87' lang='lat' dir='ltr'>pria</span> <span class='ocrx_word' id='word_1_427' title='bbox 1095 3839 1237 3902; x_wconf 87' lang='lat' dir='ltr'>persona</span> <span class='ocrx_word' id='word_1_428' title='bbox 1258 3823 1461 3885; x_wconf 88' lang='lat' dir='ltr'>esurientem</span> <span class='ocrx_word' id='word_1_429' title='bbox 1482 3838 1583 3883; x_wconf 90' lang='lat' dir='ltr'>manu</span> <span class='ocrx_word' id='word_1_430' title='bbox 1598 3824 1733 3900; x_wconf 88' lang='lat' dir='ltr'>propria</span> <span class='ocrx_word' id='word_1_431' title='bbox 1749 3826 1803 3887; x_wconf 92' lang='lat' dir='ltr'>ci-</span> 
     </span>
    </p>
   </div>
   <div class='ocr_carea' id='block_1_6' title="bbox 107 3918 1807 5673">
    <p class='ocr_par' dir='ltr' id='par_1_7' title="bbox 143 3918 1807 4980">
     <span class='ocr_line' id='line_1_38' title="bbox 143 3918 1801 3999; baseline -0.002 -14"><span class='ocrx_word' id='word_1_432' title='bbox 143 3925 201 3985; x_wconf 80' lang='lat' dir='ltr'>beo</span> <span class='ocrx_word' id='word_1_433' title='bbox 218 3923 392 3998; x_wconf 76' lang='lat' dir='ltr'>baptizari</span> <span class='ocrx_word' id='word_1_434' title='bbox 403 3923 438 3985; x_wconf 86' lang='lat' dir='ltr'>ct</span> <span class='ocrx_word' id='word_1_435' title='bbox 451 3924 612 3985; x_wconf 81' lang='lat' dir='ltr'>coarctor</span> <span class='ocrx_word' id='word_1_436' title='bbox 623 3926 728 3986; x_wconf 82' lang='lat' dir='ltr'>donec</span> <span class='ocrx_word' id='word_1_437' title='bbox 738 3926 947 3999; x_wconf 66' lang='lat' dir='ltr'>perficiatur</span> <span class='ocrx_word' id='word_1_438' title='bbox 1000 3921 1101 3994; x_wconf 88' lang='lat' dir='ltr'>bavit,</span> <span class='ocrx_word' id='word_1_439' title='bbox 1118 3920 1285 3981; x_wconf 89' lang='lat' dir='ltr'>sitientem</span> <span class='ocrx_word' id='word_1_440' title='bbox 1303 3918 1390 3979; x_wconf 88' lang='lat' dir='ltr'>lacte</span> <span class='ocrx_word' id='word_1_441' title='bbox 1413 3918 1548 3995; x_wconf 91' lang='lat' dir='ltr'>proprio</span> <span class='ocrx_word' id='word_1_442' title='bbox 1570 3920 1707 3996; x_wconf 89' lang='lat' dir='ltr'>potavit,</span> <span class='ocrx_word' id='word_1_443' title='bbox 1733 3938 1801 3982; x_wconf 90' lang='lat' dir='ltr'>nu-</span> 
     </span>
     <span class='ocr_line' id='line_1_39' title="bbox 144 4010 1803 4101; baseline -0.001 -20"><span class='ocrx_word' id='word_1_444' title='bbox 144 4018 236 4099; x_wconf 84' lang='lat' dir='ltr'>(Luc.</span> <span class='ocrx_word' id='word_1_445' title='bbox 260 4036 323 4092; x_wconf 88' lang='grc' dir='ltr'>ιιι,</span> <span class='ocrx_word' id='word_1_446' title='bbox 345 4019 412 4099; x_wconf 85' lang='grc'>50).</span> <span class='ocrx_word' id='word_1_447' title='bbox 440 4022 526 4083; x_wconf 86' lang='lat' dir='ltr'>Vere</span> <span class='ocrx_word' id='word_1_448' title='bbox 550 4037 630 4099; x_wconf 89' lang='lat' dir='ltr'>ergo</span> <span class='ocrx_word' id='word_1_449' title='bbox 656 4022 789 4084; x_wconf 89' lang='lat' dir='ltr'>Martha</span> <span class='ocrx_word' id='word_1_450' title='bbox 815 4024 947 4101; x_wconf 79' lang='lat' dir='ltr'>excepit</span> <span class='ocrx_word' id='word_1_451' title='bbox 1001 4020 1078 4080; x_wconf 90' lang='lat' dir='ltr'>dum</span> <span class='ocrx_word' id='word_1_452' title='bbox 1101 4033 1168 4079; x_wconf 91' lang='lat' dir='ltr'>non</span> <span class='ocrx_word' id='word_1_453' title='bbox 1200 4017 1307 4079; x_wconf 90' lang='lat' dir='ltr'>solum</span> <span class='ocrx_word' id='word_1_454' title='bbox 1334 4010 1493 4090; x_wconf 87' lang='lat' dir='ltr'>vestibus,</span> <span class='ocrx_word' id='word_1_455' title='bbox 1517 4017 1575 4078; x_wconf 92' lang='lat' dir='ltr'>sed</span> <span class='ocrx_word' id='word_1_456' title='bbox 1611 4018 1712 4079; x_wconf 87' lang='lat' dir='ltr'>etiam</span> <span class='ocrx_word' id='word_1_457' title='bbox 1742 4035 1803 4081; x_wconf 88' lang='lat' dir='ltr'>sua</span> 
     </span>
     <span class='ocr_line' id='line_1_40' title="bbox 144 4113 1807 4192; baseline -0.001 -14"><span class='ocrx_word' id='word_1_458' title='bbox 144 4118 236 4179; x_wconf 89' lang='lat' dir='ltr'>illum</span> <span class='ocrx_word' id='word_1_459' title='bbox 263 4118 299 4179; x_wconf 92' lang='lat' dir='ltr'>in</span> <span class='ocrx_word' id='word_1_460' title='bbox 329 4116 464 4180; x_wconf 90' lang='lat' dir='ltr'>domum</span> <span class='ocrx_word' id='word_1_461' title='bbox 499 4134 605 4180; x_wconf 90' lang='lat' dir='ltr'>suam.</span> <span class='ocrx_word' id='word_1_462' title='bbox 638 4119 731 4181; x_wconf 89' lang='lat' dir='ltr'>Unde</span> <span class='ocrx_word' id='word_1_463' title='bbox 763 4121 945 4182; x_wconf 89' lang='lat' dir='ltr'>secundum</span> <span class='ocrx_word' id='word_1_464' title='bbox 1001 4132 1101 4179; x_wconf 91' lang='lat' dir='ltr'>carne</span> <span class='ocrx_word' id='word_1_465' title='bbox 1116 4113 1259 4188; x_wconf 88' lang='lat' dir='ltr'>vestivit,</span> <span class='ocrx_word' id='word_1_466' title='bbox 1272 4114 1436 4192; x_wconf 88' lang='lat' dir='ltr'>hospitem</span> <span class='ocrx_word' id='word_1_467' title='bbox 1449 4130 1516 4176; x_wconf 92' lang='lat' dir='ltr'>non</span> <span class='ocrx_word' id='word_1_468' title='bbox 1531 4116 1637 4178; x_wconf 87' lang='lat' dir='ltr'>solum</span> <span class='ocrx_word' id='word_1_469' title='bbox 1650 4132 1711 4178; x_wconf 90' lang='lat' dir='ltr'>suo</span> <span class='ocrx_word' id='word_1_470' title='bbox 1726 4115 1807 4184; x_wconf 75' lang='lat' dir='ltr'>sinu¹</span> 
     </span>
     <span class='ocr_line' id='line_1_41' title="bbox 144 4212 1805 4292; baseline 0.001 -15"><span class='ocrx_word' id='word_1_471' title='bbox 144 4232 280 4277; x_wconf 83' lang='lat' dir='ltr'>caruem</span> <span class='ocrx_word' id='word_1_472' title='bbox 305 4215 435 4276; x_wconf 87' lang='lat' dir='ltr'>nonde</span> <span class='ocrx_word' id='word_1_473' title='bbox 458 4215 602 4278; x_wconf 86' lang='lat' dir='ltr'>Rachele</span> <span class='ocrx_word' id='word_1_474' title='bbox 625 4217 807 4291; x_wconf 88' lang='lat' dir='ltr'>natusest,</span> <span class='ocrx_word' id='word_1_475' title='bbox 831 4219 888 4280; x_wconf 90' lang='lat' dir='ltr'>sed</span> <span class='ocrx_word' id='word_1_476' title='bbox 905 4218 956 4280; x_wconf 64' lang='lat' dir='ltr'>de*</span> <span class='ocrx_word' id='word_1_477' title='bbox 1000 4215 1053 4277; x_wconf 93' lang='lat' dir='ltr'>vel</span> <span class='ocrx_word' id='word_1_478' title='bbox 1079 4212 1217 4292; x_wconf 90' lang='lat' dir='ltr'>gremio,</span> <span class='ocrx_word' id='word_1_479' title='bbox 1243 4212 1301 4275; x_wconf 92' lang='lat' dir='ltr'>sed</span> <span class='ocrx_word' id='word_1_480' title='bbox 1325 4212 1426 4276; x_wconf 87' lang='lat' dir='ltr'>etiam</span> <span class='ocrx_word' id='word_1_481' title='bbox 1450 4214 1567 4275; x_wconf 87' lang='lat' dir='ltr'>ventre</span> <span class='ocrx_word' id='word_1_482' title='bbox 1590 4213 1746 4292; x_wconf 88' lang='lat' dir='ltr'>suscepit,</span> <span class='ocrx_word' id='word_1_483' title='bbox 1770 4217 1805 4278; x_wconf 88' lang='lat' dir='ltr'>et</span> 
     </span>
     <span class='ocr_line' id='line_1_42' title="bbox 144 4311 1803 4394; baseline 0.001 -20"><span class='ocrx_word' id='word_1_484' title='bbox 144 4314 215 4374; x_wconf 88' lang='lat' dir='ltr'>Lia.</span> <span class='ocrx_word' id='word_1_485' title='bbox 236 4314 314 4375; x_wconf 81' lang='lat' dir='ltr'>Istae</span> <span class='ocrx_word' id='word_1_486' title='bbox 343 4313 507 4392; x_wconf 89' lang='lat' dir='ltr'>siquidem</span> <span class='ocrx_word' id='word_1_487' title='bbox 527 4313 601 4376; x_wconf 84' lang='lat' dir='ltr'>duae</span> <span class='ocrx_word' id='word_1_488' title='bbox 615 4314 693 4379; x_wconf 89' lang='lat' dir='ltr'>vitae</span> <span class='ocrx_word' id='word_1_489' title='bbox 706 4331 780 4394; x_wconf 85' lang='lat' dir='ltr'>quae</span> <span class='ocrx_word' id='word_1_490' title='bbox 799 4316 835 4377; x_wconf 92' lang='grc' dir='ltr'>ιιι</span> <span class='ocrx_word' id='word_1_491' title='bbox 857 4332 944 4379; x_wconf 89' lang='lat' dir='ltr'>novo</span> <span class='ocrx_word' id='word_1_492' title='bbox 1001 4315 1121 4375; x_wconf 85' lang='lat' dir='ltr'>caetera</span> <span class='ocrx_word' id='word_1_493' title='bbox 1148 4311 1271 4374; x_wconf 84' lang='lat' dir='ltr'>sanctae</span> <span class='ocrx_word' id='word_1_494' title='bbox 1300 4311 1470 4373; x_wconf 88' lang='lat' dir='ltr'>servitutis</span> <span class='ocrx_word' id='word_1_495' title='bbox 1497 4311 1605 4374; x_wconf 88' lang='lat' dir='ltr'>odicia</span> <span class='ocrx_word' id='word_1_496' title='bbox 1631 4311 1803 4376; x_wconf 90' lang='lat' dir='ltr'>humiliter</span> 
     </span>
     <span class='ocr_line' id='line_1_43' title="bbox 144 4408 1804 4489; baseline 0.001 -18"><span class='ocrx_word' id='word_1_497' title='bbox 144 4412 356 4473; x_wconf 84' lang='lat' dir='ltr'>Testamento</span> <span class='ocrx_word' id='word_1_498' title='bbox 365 4410 574 4488; x_wconf 87' lang='lat' dir='ltr'>perMariam</span> <span class='ocrx_word' id='word_1_499' title='bbox 588 4411 806 4489; x_wconf 89' lang='lat' dir='ltr'>designantur</span> <span class='ocrx_word' id='word_1_500' title='bbox 815 4416 848 4477; x_wconf 89' lang='lat' dir='ltr'>et</span> <span class='ocrx_word' id='word_1_501' title='bbox 860 4416 946 4475; x_wconf 88' lang='lat' dir='ltr'>Mar·</span> <span class='ocrx_word' id='word_1_502' title='bbox 992 4410 1204 4488; x_wconf 75' lang='lat' dir='ltr'>adimplevit,</span> <span class='ocrx_word' id='word_1_503' title='bbox 1232 4409 1286 4472; x_wconf 90' lang='lat' dir='ltr'>vel</span> <span class='ocrx_word' id='word_1_504' title='bbox 1307 4408 1439 4487; x_wconf 89' lang='lat' dir='ltr'>quando</span> <span class='ocrx_word' id='word_1_505' title='bbox 1455 4408 1593 4471; x_wconf 89' lang='lat' dir='ltr'>deduxit</span> <span class='ocrx_word' id='word_1_506' title='bbox 1616 4409 1651 4470; x_wconf 88' lang='lat' dir='ltr'>in</span> <span class='ocrx_word' id='word_1_507' title='bbox 1671 4411 1804 4489; x_wconf 82' lang='lat' dir='ltr'>AEgyp-</span> 
     </span>
     <span class='ocr_line' id='line_1_44' title="bbox 143 4506 1799 4588; baseline -0.001 -18"><span class='ocrx_word' id='word_1_508' title='bbox 143 4508 245 4581; x_wconf 86' lang='lat' dir='ltr'>tham,</span> <span class='ocrx_word' id='word_1_509' title='bbox 266 4510 303 4569; x_wconf 89' lang='lat' dir='ltr'>in</span> <span class='ocrx_word' id='word_1_510' title='bbox 324 4509 429 4571; x_wconf 89' lang='lat' dir='ltr'>veteri</span> <span class='ocrx_word' id='word_1_511' title='bbox 453 4510 662 4572; x_wconf 89' lang='lat' dir='ltr'>Testamento</span> <span class='ocrx_word' id='word_1_512' title='bbox 686 4526 746 4588; x_wconf 88' lang='lat' dir='ltr'>per</span> <span class='ocrx_word' id='word_1_513' title='bbox 765 4511 945 4575; x_wconf 85' lang='lat' dir='ltr'>Rachelem</span> <span class='ocrx_word' id='word_1_514' title='bbox 999 4510 1087 4582; x_wconf 91' lang='lat' dir='ltr'>tum,</span> <span class='ocrx_word' id='word_1_515' title='bbox 1112 4509 1166 4571; x_wconf 92' lang='lat' dir='ltr'>vel</span> <span class='ocrx_word' id='word_1_516' title='bbox 1191 4507 1323 4587; x_wconf 90' lang='lat' dir='ltr'>quaudo</span> <span class='ocrx_word' id='word_1_517' title='bbox 1351 4506 1539 4584; x_wconf 88' lang='lat' dir='ltr'>deportavit</span> <span class='ocrx_word' id='word_1_518' title='bbox 1560 4506 1601 4568; x_wconf 87' lang='lat' dir='ltr'>ad</span> <span class='ocrx_word' id='word_1_519' title='bbox 1627 4507 1799 4585; x_wconf 88' lang='lat' dir='ltr'>templum,</span> 
     </span>
     <span class='ocr_line' id='line_1_45' title="bbox 144 4603 1803 4686; baseline 0.001 -20"><span class='ocrx_word' id='word_1_520' title='bbox 144 4605 361 4683; x_wconf 87' lang='lat' dir='ltr'>designantur</span> <span class='ocrx_word' id='word_1_521' title='bbox 375 4607 409 4669; x_wconf 91' lang='lat' dir='ltr'>et</span> <span class='ocrx_word' id='word_1_522' title='bbox 423 4607 528 4679; x_wconf 85' lang='lat' dir='ltr'>biam,</span> <span class='ocrx_word' id='word_1_523' title='bbox 542 4607 683 4669; x_wconf 86' lang='lat' dir='ltr'>alteram</span> <span class='ocrx_word' id='word_1_524' title='bbox 697 4607 872 4686; x_wconf 89' lang='lat' dir='ltr'>pulchram</span> <span class='ocrx_word' id='word_1_525' title='bbox 887 4610 945 4673; x_wconf 88' lang='lat' dir='ltr'>sed</span> <span class='ocrx_word' id='word_1_526' title='bbox 999 4609 1052 4669; x_wconf 92' lang='lat' dir='ltr'>vel</span> <span class='ocrx_word' id='word_1_527' title='bbox 1068 4606 1199 4686; x_wconf 90' lang='lat' dir='ltr'>quando</span> <span class='ocrx_word' id='word_1_528' title='bbox 1224 4606 1294 4666; x_wconf 90' lang='lat' dir='ltr'>suis</span> <span class='ocrx_word' id='word_1_529' title='bbox 1316 4603 1464 4666; x_wconf 87' lang='lat' dir='ltr'>brachiis</span> <span class='ocrx_word' id='word_1_530' title='bbox 1488 4604 1639 4681; x_wconf 86' lang='lat' dir='ltr'>gestabat</span> <span class='ocrx_word' id='word_1_531' title='bbox 1652 4604 1803 4667; x_wconf 81' lang='lat' dir='ltr'>intantu-</span> 
     </span>
     <span class='ocr_line' id='line_1_46' title="bbox 144 4701 1802 4784; baseline 0 -17"><span class='ocrx_word' id='word_1_532' title='bbox 144 4720 226 4781; x_wconf 89' lang='lat' dir='ltr'>pene</span> <span class='ocrx_word' id='word_1_533' title='bbox 241 4704 409 4776; x_wconf 85' lang='lat' dir='ltr'>sterilem,</span> <span class='ocrx_word' id='word_1_534' title='bbox 429 4704 592 4782; x_wconf 89' lang='lat' dir='ltr'>reliquam</span> <span class='ocrx_word' id='word_1_535' title='bbox 613 4704 737 4784; x_wconf 88' lang='lat' dir='ltr'>lippam</span> <span class='ocrx_word' id='word_1_536' title='bbox 764 4707 822 4768; x_wconf 91' lang='lat' dir='ltr'>sed</span> <span class='ocrx_word' id='word_1_537' title='bbox 846 4708 944 4770; x_wconf 86' lang='lat' dir='ltr'>valde</span> <span class='ocrx_word' id='word_1_538' title='bbox 1000 4704 1134 4766; x_wconf 85' lang='lat' dir='ltr'>lumin</span> <span class='ocrx_word' id='word_1_539' title='bbox 1157 4704 1200 4765; x_wconf 89' lang='lat' dir='ltr'>iis</span> <span class='ocrx_word' id='word_1_540' title='bbox 1219 4702 1372 4764; x_wconf 89' lang='lat' dir='ltr'>omnibus</span> <span class='ocrx_word' id='word_1_541' title='bbox 1386 4701 1489 4764; x_wconf 88' lang='lat' dir='ltr'>Beata</span> <span class='ocrx_word' id='word_1_542' title='bbox 1504 4702 1610 4764; x_wconf 83' lang='lat' dir='ltr'>Maria</span> <span class='ocrx_word' id='word_1_543' title='bbox 1630 4703 1802 4779; x_wconf 86' lang='lat' dir='ltr'>satagebat</span> 
     </span>
     <span class='ocr_line' id='line_1_47' title="bbox 145 4797 1799 4880; baseline 0.002 -19"><span class='ocrx_word' id='word_1_544' title='bbox 145 4802 343 4863; x_wconf 77' lang='lat' dir='ltr'>iracundam.</span> <span class='ocrx_word' id='word_1_545' title='bbox 368 4801 430 4863; x_wconf 88' lang='lat' dir='ltr'>Illa</span> <span class='ocrx_word' id='word_1_546' title='bbox 449 4817 592 4880; x_wconf 88' lang='lat' dir='ltr'>namque</span> <span class='ocrx_word' id='word_1_547' title='bbox 609 4804 692 4864; x_wconf 91' lang='lat' dir='ltr'>duos</span> <span class='ocrx_word' id='word_1_548' title='bbox 710 4805 838 4866; x_wconf 87' lang='lat' dir='ltr'>tantum</span> <span class='ocrx_word' id='word_1_549' title='bbox 859 4806 945 4868; x_wconf 83' lang='lat' dir='ltr'>illios</span> <span class='ocrx_word' id='word_1_550' title='bbox 1000 4802 1089 4864; x_wconf 83' lang='lat' dir='ltr'>cirea</span> <span class='ocrx_word' id='word_1_551' title='bbox 1128 4801 1282 4879; x_wconf 81' lang='lat' dir='ltr'>frequens</span> <span class='ocrx_word' id='word_1_552' title='bbox 1315 4797 1554 4871; x_wconf 85' lang='lat' dir='ltr'>ministerium,</span> <span class='ocrx_word' id='word_1_553' title='bbox 1588 4798 1621 4862; x_wconf 88' lang='lat' dir='ltr'>et</span> <span class='ocrx_word' id='word_1_554' title='bbox 1657 4800 1799 4864; x_wconf 78' lang='lat' dir='ltr'>Marthae</span> 
     </span>
     <span class='ocr_line' id='line_1_48' title="bbox 145 4897 1370 4980; baseline -0.003 -19"><span class='ocrx_word' id='word_1_555' title='bbox 145 4899 329 4975; x_wconf 86' lang='lat' dir='ltr'>generavit,</span> <span class='ocrx_word' id='word_1_556' title='bbox 349 4899 475 4978; x_wconf 80' lang='lat' dir='ltr'>ioseph</span> <span class='ocrx_word' id='word_1_557' title='bbox 494 4900 527 4962; x_wconf 91' lang='lat' dir='ltr'>et</span> <span class='ocrx_word' id='word_1_558' title='bbox 549 4901 735 4979; x_wconf 88' lang='lat' dir='ltr'>Benjamiu,</span> <span class='ocrx_word' id='word_1_559' title='bbox 752 4904 839 4980; x_wconf 93' lang='lat' dir='ltr'>quod</span> <span class='ocrx_word' id='word_1_560' title='bbox 861 4920 944 4966; x_wconf 91' lang='lat' dir='ltr'>con·</span> <span class='ocrx_word' id='word_1_561' title='bbox 1000 4899 1201 4977; x_wconf 85' lang='lat' dir='ltr'>adimplebat</span> <span class='ocrx_word' id='word_1_562' title='bbox 1213 4897 1370 4960; x_wconf 83' lang='lat' dir='ltr'>cilicium.</span> 
     </span>
    </p>

    <p class='ocr_par' dir='ltr' id='par_1_8' title="bbox 107 4994 1803 5673">
     <span class='ocr_line' id='line_1_49' title="bbox 145 4994 1803 5080; baseline 0.002 -22"><span class='ocrx_word' id='word_1_563' title='bbox 145 4997 337 5076; x_wconf 86' lang='lat' dir='ltr'>templativa</span> <span class='ocrx_word' id='word_1_564' title='bbox 346 4998 417 5059; x_wconf 88' lang='lat' dir='ltr'>vita</span> <span class='ocrx_word' id='word_1_565' title='bbox 429 4998 494 5059; x_wconf 91' lang='lat' dir='ltr'>duo</span> <span class='ocrx_word' id='word_1_566' title='bbox 505 4997 725 5076; x_wconf 87' lang='lat' dir='ltr'>spiritualiter</span> <span class='ocrx_word' id='word_1_567' title='bbox 733 5001 819 5077; x_wconf 89' lang='lat' dir='ltr'>gerit</span> <span class='ocrx_word' id='word_1_568' title='bbox 829 5017 942 5080; x_wconf 88' lang='lat' dir='ltr'>opera,</span> <span class='ocrx_word' id='word_1_569' title='bbox 1042 5001 1124 5066; x_wconf 81' lang='lat' dir='ltr'>Quoe</span> <span class='ocrx_word' id='word_1_570' title='bbox 1145 4995 1252 5069; x_wconf 75' lang='lat' dir='ltr'>stetit,</span> <span class='ocrx_word' id='word_1_571' title='bbox 1276 4994 1310 5059; x_wconf 87' lang='lat' dir='ltr'>et</span> <span class='ocrx_word' id='word_1_572' title='bbox 1328 4995 1380 5056; x_wconf 83' lang='lat' dir='ltr'>att</span> <span class='ocrx_word' id='word_1_573' title='bbox 1400 5012 1412 5058; x_wconf 92' lang='grc'>.·</span> <span class='ocrx_word' id='word_1_574' title='bbox 1427 4998 1590 5069; x_wconf 78' lang='lat' dir='ltr'>Domine,</span> <span class='ocrx_word' id='word_1_575' title='bbox 1605 5009 1675 5059; x_wconf 81' lang='lat' dir='ltr'>eon</span> <span class='ocrx_word' id='word_1_576' title='bbox 1693 4999 1747 5061; x_wconf 79' lang='lat' dir='ltr'>est</span> <span class='ocrx_word' id='word_1_577' title='bbox 1757 5000 1803 5060; x_wconf 84' lang='lat' dir='ltr'>ti-</span> 
     </span>
     <span class='ocr_line' id='line_1_50' title="bbox 147 5094 1802 5175; baseline 0.001 -20"><span class='ocrx_word' id='word_1_578' title='bbox 147 5096 329 5158; x_wconf 86' lang='lat' dir='ltr'>orationem</span> <span class='ocrx_word' id='word_1_579' title='bbox 350 5094 517 5168; x_wconf 86' lang='lat' dir='ltr'>videlicet,</span> <span class='ocrx_word' id='word_1_580' title='bbox 540 5097 574 5158; x_wconf 90' lang='lat' dir='ltr'>et</span> <span class='ocrx_word' id='word_1_581' title='bbox 588 5097 767 5175; x_wconf 78' lang='lat' dir='ltr'>jejunium.</span> <span class='ocrx_word' id='word_1_582' title='bbox 784 5099 851 5160; x_wconf 84' lang='lat' dir='ltr'>Ista</span> <span class='ocrx_word' id='word_1_583' title='bbox 865 5115 944 5162; x_wconf 87' lang='lat' dir='ltr'>vero</span> <span class='ocrx_word' id='word_1_584' title='bbox 999 5100 1031 5159; x_wconf 77' lang='lat' dir='ltr'>et</span> <span class='ocrx_word' id='word_1_585' title='bbox 1043 5111 1149 5169; x_wconf 82' lang='lat' dir='ltr'>caree,</span> <span class='ocrx_word' id='word_1_586' title='bbox 1161 5096 1249 5172; x_wconf 80' lang='lat' dir='ltr'>quod</span> <span class='ocrx_word' id='word_1_587' title='bbox 1264 5107 1367 5157; x_wconf 82' lang='lat' dir='ltr'>soror</span> <span class='ocrx_word' id='word_1_588' title='bbox 1378 5107 1457 5155; x_wconf 83' lang='lat' dir='ltr'>mea</span> <span class='ocrx_word' id='word_1_589' title='bbox 1475 5094 1615 5168; x_wconf 80' lang='lat' dir='ltr'>reliquit</span> <span class='ocrx_word' id='word_1_590' title='bbox 1631 5101 1802 5158; x_wconf 79' lang='lat' dir='ltr'>meschiae</span> 
     </span>
     <span class='ocr_line' id='line_1_51' title="bbox 146 5188 1802 5273; baseline -0.001 -19"><span class='ocrx_word' id='word_1_591' title='bbox 146 5208 203 5255; x_wconf 84' lang='lat' dir='ltr'>sex</span> <span class='ocrx_word' id='word_1_592' title='bbox 229 5193 317 5255; x_wconf 83' lang='lat' dir='ltr'>illios</span> <span class='ocrx_word' id='word_1_593' title='bbox 341 5194 460 5272; x_wconf 84' lang='lat' dir='ltr'>genuit</span> <span class='ocrx_word' id='word_1_594' title='bbox 481 5194 514 5255; x_wconf 91' lang='lat' dir='ltr'>et</span> <span class='ocrx_word' id='word_1_595' title='bbox 530 5210 632 5255; x_wconf 88' lang='lat' dir='ltr'>uuam</span> <span class='ocrx_word' id='word_1_596' title='bbox 659 5194 763 5257; x_wconf 84' lang='lat' dir='ltr'>tiliam</span> <span class='ocrx_word' id='word_1_597' title='bbox 789 5199 945 5273; x_wconf 88' lang='lat' dir='ltr'>quoniam</span> <span class='ocrx_word' id='word_1_598' title='bbox 999 5193 1205 5257; x_wconf 76' lang='lat' dir='ltr'>necteristrare</span> <span class='ocrx_word' id='word_1_599' title='bbox 1218 5189 1312 5272; x_wconf 83' lang='lat' dir='ltr'>(Luc.</span> <span class='ocrx_word' id='word_1_600' title='bbox 1329 5208 1362 5264; x_wconf 89' lang='lat' dir='ltr'>x,</span> <span class='ocrx_word' id='word_1_601' title='bbox 1379 5188 1445 5269; x_wconf 83' lang='grc'>40).</span> <span class='ocrx_word' id='word_1_602' title='bbox 1460 5193 1531 5252; x_wconf 89' lang='lat' dir='ltr'>Hoc</span> <span class='ocrx_word' id='word_1_603' title='bbox 1545 5191 1711 5253; x_wconf 89' lang='lat' dir='ltr'>diciturin</span> <span class='ocrx_word' id='word_1_604' title='bbox 1723 5208 1802 5269; x_wconf 88' lang='lat' dir='ltr'>per-</span> 
     </span>
     <span class='ocr_line' id='line_1_52' title="bbox 145 5286 1801 5370; baseline -0.001 -17"><span class='ocrx_word' id='word_1_605' title='bbox 145 5292 254 5354; x_wconf 76' lang='lat' dir='ltr'>astlva</span> <span class='ocrx_word' id='word_1_606' title='bbox 272 5292 344 5354; x_wconf 83' lang='lat' dir='ltr'>vita</span> <span class='ocrx_word' id='word_1_607' title='bbox 357 5292 493 5354; x_wconf 84' lang='lat' dir='ltr'>exercet</span> <span class='ocrx_word' id='word_1_608' title='bbox 507 5307 567 5353; x_wconf 86' lang='lat' dir='ltr'>sex</span> <span class='ocrx_word' id='word_1_609' title='bbox 581 5308 683 5370; x_wconf 87' lang='lat' dir='ltr'>opera</span> <span class='ocrx_word' id='word_1_610' title='bbox 707 5294 944 5358; x_wconf 86' lang='lat' dir='ltr'>misericordiae</span> <span class='ocrx_word' id='word_1_611' title='bbox 1000 5308 1082 5354; x_wconf 88' lang='lat' dir='ltr'>sona</span> <span class='ocrx_word' id='word_1_612' title='bbox 1101 5291 1235 5354; x_wconf 90' lang='lat' dir='ltr'>illorum</span> <span class='ocrx_word' id='word_1_613' title='bbox 1251 5286 1307 5369; x_wconf 88' lang='lat' dir='ltr'>qui</span> <span class='ocrx_word' id='word_1_614' title='bbox 1323 5290 1439 5368; x_wconf 90' lang='lat' dir='ltr'>putant</span> <span class='ocrx_word' id='word_1_615' title='bbox 1453 5288 1572 5351; x_wconf 91' lang='lat' dir='ltr'>melius</span> <span class='ocrx_word' id='word_1_616' title='bbox 1586 5304 1660 5351; x_wconf 89' lang='lat' dir='ltr'>esse</span> <span class='ocrx_word' id='word_1_617' title='bbox 1674 5289 1801 5352; x_wconf 89' lang='lat' dir='ltr'>servire</span> 
     </span>
     <span class='ocr_line' id='line_1_53' title="bbox 146 5384 1802 5471; baseline -0.001 -20"><span class='ocrx_word' id='word_1_618' title='bbox 146 5405 216 5467; x_wconf 82' lang='lat' dir='ltr'>quae</span> <span class='ocrx_word' id='word_1_619' title='bbox 240 5389 400 5466; x_wconf 91' lang='lat' dir='ltr'>leguntur</span> <span class='ocrx_word' id='word_1_620' title='bbox 426 5389 463 5449; x_wconf 88' lang='lat' dir='ltr'>in</span> <span class='ocrx_word' id='word_1_621' title='bbox 485 5390 678 5466; x_wconf 84' lang='lat' dir='ltr'>Evangelio,</span> <span class='ocrx_word' id='word_1_622' title='bbox 708 5389 741 5452; x_wconf 91' lang='lat' dir='ltr'>et</span> <span class='ocrx_word' id='word_1_623' title='bbox 768 5393 945 5469; x_wconf 87' lang='lat' dir='ltr'>septimum</span> <span class='ocrx_word' id='word_1_624' title='bbox 999 5391 1034 5452; x_wconf 91' lang='lat' dir='ltr'>in</span> <span class='ocrx_word' id='word_1_625' title='bbox 1054 5390 1123 5471; x_wconf 82' lang='lat' dir='ltr'>vita</span> <span class='ocrx_word' id='word_1_626' title='bbox 1144 5388 1254 5450; x_wconf 89' lang='lat' dir='ltr'>activa</span> <span class='ocrx_word' id='word_1_627' title='bbox 1277 5403 1377 5466; x_wconf 89' lang='lat' dir='ltr'>quam</span> <span class='ocrx_word' id='word_1_628' title='bbox 1397 5387 1433 5448; x_wconf 90' lang='lat' dir='ltr'>iu</span> <span class='ocrx_word' id='word_1_629' title='bbox 1447 5384 1713 5462; x_wconf 88' lang='lat' dir='ltr'>contemplativa,</span> <span class='ocrx_word' id='word_1_630' title='bbox 1728 5403 1802 5449; x_wconf 88' lang='lat' dir='ltr'>me-</span> 
     </span>
     <span class='ocr_line' id='line_1_54' title="bbox 147 5485 1801 5568; baseline 0 -21"><span class='ocrx_word' id='word_1_631' title='bbox 147 5486 230 5563; x_wconf 90' lang='lat' dir='ltr'>quod</span> <span class='ocrx_word' id='word_1_632' title='bbox 256 5486 380 5563; x_wconf 88' lang='lat' dir='ltr'>legitur</span> <span class='ocrx_word' id='word_1_633' title='bbox 407 5486 443 5547; x_wconf 91' lang='lat' dir='ltr'>in</span> <span class='ocrx_word' id='word_1_634' title='bbox 469 5486 583 5559; x_wconf 82' lang='lat' dir='ltr'>Tobia,</span> <span class='ocrx_word' id='word_1_635' title='bbox 608 5487 774 5561; x_wconf 87' lang='lat' dir='ltr'>videlicet,</span> <span class='ocrx_word' id='word_1_636' title='bbox 801 5492 944 5568; x_wconf 89' lang='lat' dir='ltr'>sepelire</span> <span class='ocrx_word' id='word_1_637' title='bbox 1000 5489 1064 5550; x_wconf 83' lang='lat' dir='ltr'>lius</span> <span class='ocrx_word' id='word_1_638' title='bbox 1084 5487 1155 5549; x_wconf 83' lang='lat' dir='ltr'>fore</span> <span class='ocrx_word' id='word_1_639' title='bbox 1179 5502 1341 5564; x_wconf 88' lang='lat' dir='ltr'>pauperes</span> <span class='ocrx_word' id='word_1_640' title='bbox 1355 5500 1520 5555; x_wconf 86' lang='lat' dir='ltr'>recreare,</span> <span class='ocrx_word' id='word_1_641' title='bbox 1543 5499 1640 5561; x_wconf 86' lang='lat' dir='ltr'>quam</span> <span class='ocrx_word' id='word_1_642' title='bbox 1656 5485 1801 5547; x_wconf 89' lang='lat' dir='ltr'>orationi</span> 
     </span>
     <span class='ocr_line' id='line_1_55' title="bbox 107 5580 1798 5673; baseline 0 -29"><span class='ocrx_word' id='word_1_643' title='bbox 107 5664 113 5673; x_wconf 22' lang='grc'>1</span> <span class='ocrx_word' id='word_1_644' title='bbox 148 5584 321 5657; x_wconf 73' lang='grc' dir='ltr'>ιιιοιιιιιιιιι,</span> <span class='ocrx_word' id='word_1_645' title='bbox 336 5583 424 5668; x_wconf 75' lang='lat' dir='ltr'>duod</span> <span class='ocrx_word' id='word_1_646' title='bbox 437 5582 523 5646; x_wconf 90' lang='lat' dir='ltr'>bene</span> <span class='ocrx_word' id='word_1_647' title='bbox 539 5584 694 5649; x_wconf 83' lang='lat' dir='ltr'>foemineo</span> <span class='ocrx_word' id='word_1_648' title='bbox 709 5587 843 5651; x_wconf 88' lang='lat' dir='ltr'>nomine</span> <span class='ocrx_word' id='word_1_649' title='bbox 854 5588 945 5652; x_wconf 90' lang='lat' dir='ltr'>desi·</span> <span class='ocrx_word' id='word_1_650' title='bbox 998 5601 1131 5649; x_wconf 89' lang='lat' dir='ltr'>vacare.</span> <span class='ocrx_word' id='word_1_651' title='bbox 1149 5582 1212 5646; x_wconf 87' lang='lat' dir='ltr'>Sed</span> <span class='ocrx_word' id='word_1_652' title='bbox 1238 5583 1369 5645; x_wconf 88' lang='lat' dir='ltr'>Martha</span> <span class='ocrx_word' id='word_1_653' title='bbox 1393 5582 1456 5642; x_wconf 91' lang='lat' dir='ltr'>hoc</span> <span class='ocrx_word' id='word_1_654' title='bbox 1480 5597 1546 5641; x_wconf 93' lang='lat' dir='ltr'>non</span> <span class='ocrx_word' id='word_1_655' title='bbox 1565 5580 1696 5660; x_wconf 85' lang='lat' dir='ltr'>dicebat</span> <span class='ocrx_word' id='word_1_656' title='bbox 1709 5582 1798 5644; x_wconf 86' lang='lat' dir='ltr'>tam-</span> 
     </span>
    </p>
   </div>
   <div class='ocr_carea' id='block_1_7' title="bbox 287 5738 1655 5801">
    <p class='ocr_par' dir='ltr' id='par_1_9' title="bbox 287 5738 1655 5801">
     <span class='ocr_line' id='line_1_56' title="bbox 287 5738 1655 5801; baseline -0.004 -2"><span class='ocrx_word' id='word_1_657' title='bbox 287 5757 404 5801; x_wconf 80' lang='lat' dir='ltr'>rnrxau.</span> <span class='ocrx_word' id='word_1_658' title='bbox 424 5757 498 5801; x_wconf 76' lang='lat' dir='ltr'>rone</span> <span class='ocrx_word' id='word_1_659' title='bbox 518 5746 554 5801; x_wconf 88' lang='lat' dir='ltr'>ll.</span> <span class='ocrx_word' id='word_1_660' title='bbox 1602 5738 1655 5795; x_wconf 73' lang='lat' dir='ltr'>tc.</span> 
     </span>
    </p>
   </div>
   <div class='ocr_carea' id='block_1_8' title="bbox 0 0 1988 6197">
    <p class='ocr_par' dir='ltr' id='par_1_10' title="bbox 0 0 1988 6197">
     <span class='ocr_line' id='line_1_57' title="bbox 0 0 1988 6197; baseline 0 0"><span class='ocrx_word' id='word_1_661' title='bbox 0 0 1988 6197; x_wconf 95' lang='lat' dir='ltr'> </span> 
     </span>
    </p>
   </div>
  </div>
 </body>
</html>
