3946 6196
69 345 133 406 437

68 504 128 583 qui
142 504 341 581 apostolice
356 503 451 565 Sedis
465 502 566 566 fultus
582 504 779 567 auctoritate
795 522 869 583 quae

68 603 282 681 postulantur
294 601 473 663 exhibeat:
485 617 580 664 neca
593 618 757 681 quoquam
768 603 871 665 eccle-

69 702 130 762 siae
150 699 293 762 alterius
317 700 474 778 episcopo
489 715 590 776 super
602 700 665 761 hoc
678 701 869 762 contradic-

67 799 205 868 tionem,
221 800 282 859 aut
299 797 481 874 nequitiam
508 798 662 874 patiatur.
687 801 870 875 Eapropter

69 912 200 957 omnem
227 894 407 971 euJ'uslibet
432 895 582 956 ecclesiae
602 896 810 959 sacerdotem
834 897 869 957 in

69 993 207 1070 praelato
222 992 312 1054 beati
327 993 497 1054 Benedicti
521 993 722 1055 monasterio
746 994 868 1056 dictio-

69 1106 145 1152 nem
160 1090 492 1167 quamlibet-habere,
508 1092 755 1169 praetersedem
769 1096 870 1170 Apos-

69 1188 216 1259 tolicam,
232 1187 457 1265 prohibemus.
472 1187 707 1250 Obeuntevero
721 1191 764 1261 te,
782 1207 870 1251 nunc

69 1285 219 1362 ejusdem
239 1285 306 1346 loci
334 1284 464 1357 abbate,
494 1286 547 1347 vel
571 1286 704 1348 tuorum
724 1287 870 1364 quolibet

70 1398 314 1455 successorum,
340 1371 452 1444 nullus
476 1382 534 1455 lbi,
562 1384 709 1461 qualibet
731 1400 869 1462 surrep-

74 1482 172 1543 tionis
198 1480 335 1554 astutia,
362 1497 424 1542 seu
452 1480 612 1543 violentia
640 1484 867 1559 praeponatur,

71 1578 136 1639 nisi
155 1595 255 1656 quem
275 1578 396 1639 fratres
419 1579 585 1639 communi
614 1595 788 1651 consensu,
815 1579 868 1640 vel

69 1676 207 1737 fratrum
234 1692 312 1752 pars
336 1674 468 1737 consilii
496 1675 658 1749 sanioris,
688 1677 869 1738 secundum

70 1774 128 1835 Dei
152 1774 308 1835 timorem
333 1775 367 1834 et
392 1772 481 1835 beati
506 1774 677 1836 Benedicti
701 1775 866 1850 regulam,

70 1870 241 1946 elegerint.
267 1872 398 1932 Electus
419 1872 568 1932 autema
593 1875 751 1934 Romanae
774 1873 868 1934 Sedis

70 1968 230 2031 Pontifice
251 1969 476 2030 consecretur.
497 1970 713 2030 Decernimus
734 1986 814 2047 ergo
835 1973 870 2034 ut

70 2066 151 2127 nulli
183 2067 321 2127 omnino
355 2066 526 2126 hominum
559 2067 659 2129 liceat
695 2067 869 2145 praelatum

71 2164 309 2225 monasterium
320 2164 445 2225 temere
471 2164 682 2241 perturbare,
712 2167 770 2227 ant
797 2169 869 2242 ejus

72 2262 298 2336 possessiones
317 2260 461 2331 auterre,
487 2261 540 2323 vel
568 2261 696 2323 ablatas
710 2263 867 2332 retinere,

71 2360 231 2429 minuere,
248 2373 307 2419 seu
333 2356 533 2434 quibuslibet
547 2359 779 2420 vexationibus
792 2359 870 2421 iati-

70 2471 169 2530 gare3
187 2456 246 2516 sed
262 2456 376 2516 omnia
397 2455 527 2531 integra
545 2471 662 2517 eorum
681 2458 867 2531 serventur,

70 2569 127 2631 pro
138 2569 281 2630 quorum
298 2553 540 2630 guibernatione
555 2570 594 2615 ac
612 2556 867 2626 sustentatione,

70 2666 227 2712 concessa
241 2652 331 2723 sunt,
347 2650 462 2712 usibus
475 2651 672 2712 omnimodis
682 2651 866 2728 protutura,

1 2753 2 2776 ³
71 2748 160 2810 salva
176 2749 274 2810 Sedis
286 2749 484 2825 Apostolicae
499 2750 707 2821 auctoritate,
724 2753 758 2812 et
776 2753 870 2812 Prae·

1 2835 2 2858 ³
73 2847 192 2908 nestini
207 2846 356 2923 episcopi
370 2846 531 2908 canonica
541 2847 673 2923 Justitia
685 2847 721 2907 in
736 2847 866 2921 Pontia,

70 2943 148 3004 dille
164 2945 199 3004 et
213 2943 453 3020 Rojate,sicut
473 2946 507 3004 in
530 2943 750 3006 instrumento
772 2961 868 3006 com-

1 3111 2 3126 *
72 3041 246 3116 positionis
260 3041 302 3102 de
314 3042 487 3118 utriusque
502 3042 607 3118 partis
627 3058 766 3104 assensu
781 3042 868 3104 lacto

1 3217 2 3220 Ἴ
70 3138 188 3199 exinde
203 3139 403 3201 continetur.
420 3139 536 3215 Siqua
553 3139 656 3214 igitur
666 3139 702 3200 in
720 3138 867 3201 futurum

1 3267 2 3270 π
71 3235 323 3308 ecclesiastica,
350 3236 562 3297 saecularisve
591 3252 753 3313 persona,
782 3238 867 3300 hanc

70 3335 192 3395 nostrae
207 3334 455 3396 constitutionis
463 3334 617 3411 pegmate
627 3335 739 3395 sciens
750 3337 866 3396 contra

1 3439 2 3478 1
69 3445 137 3491 earn
152 3432 279 3492 temere
288 3431 409 3493 venire
422 3431 611 3501 tentaverit,
626 3433 784 3505 meando,
798 3434 868 3494 ter-

69 3527 153 3588 tiove
166 3527 382 3600 commenita,
393 3528 457 3588 nisi
468 3531 598 3590 reatum
608 3546 704 3591 suum
720 3545 867 3605 congrua

1 3675 2 3680 ,
69 3625 297 3687 satisfactione
319 3626 514 3697 eorrexerit,
535 3627 697 3702 potestate
713 3627 868 3688 nonoris-

1 3729 2 3738 ’
70 3738 128 3797 que
144 3722 199 3783 sui
214 3725 329 3784 careat
343 3722 515 3798 dignitate,
530 3739 688 3800 reamque
703 3740 739 3785 se
755 3724 867 3785 divino

67 3816 192 3892 judicio
223 3816 372 3878 existere
404 3819 563 3894 perpetua
591 3818 766 3895 iniquitate
788 3833 867 3895 cog-

68 3916 192 3985 noscat,
223 3914 257 3975 et
279 3915 701 3993 esacratissimoeorpore
723 3933 762 3977 ac
788 3933 868 3978 san·

68 4011 867 4090 guineDeietltominiRedemptorisnostrilesu

1 4183 2 4196 ἵ
68 4109 188 4171 christi
198 4109 389 4181 alienabat,
404 4112 543 4187 elquein
554 4112 866 4175 entremoenamine

68 4205 225 4269 districtae
243 4205 416 4284 subjaceat
438 4208 576 4283 ultioni3
603 4210 732 4270 cunctis
755 4213 866 4272 autem

67 4303 172 4365 eidem
186 4303 332 4365 locosua
342 4307 421 4382 p'ura
437 4305 647 4369 servantibus
660 4307 704 4368 eit
718 4323 784 4383 pan
800 4309 867 4368 Do-

67 4399 145 4461 mini
173 4400 281 4462 nostri
306 4403 386 4463 Jesu
410 4401 543 4475 Christi,
567 4404 730 4481 quaterne
750 4405 784 4466 et
811 4405 865 4464 liic

66 4494 207 4560 bunum
222 4497 319 4559 bonae
333 4499 479 4561 actionis
494 4500 690 4578 percipiant,
720 4501 754 4564 et
777 4503 864 4579 apud

66 4592 251 4657 districtum
273 4595 422 4673 judicem
451 4599 589 4675 praemia
613 4599 746 4661 aeterne
773 4600 864 4676 pacis

66 4690 248 4754 inveniant.
267 4697 383 4755 brnen.

100 4792 169 4866 ego
189 4791 359 4852 Honorius
383 4792 556 4854 catholicae
569 4793 721 4855 ecclesie
729 4794 866 4872 epieco-

66 4902 133 4964 pus.
156 4891 278 4949 Datum
304 4890 465 4964 Anagniae
480 4905 541 4968 per
563 4907 698 4952 manum
713 4892 863 4954 Rainerii

67 4986 96 5042 S.
113 4987 152 5048 n.
171 4987 207 5045 ll.
224 4985 504 5060 vicecancellarii,
521 4990 582 5049 Xll
603 4988 764 5050 kalendas
772 4990 861 5068 julii,

64 5080 246 5144 indictione
262 5085 302 5156 V,
319 5084 564 5146 lncarnationis
579 5087 760 5148 Dominicae
775 5103 863 5148 anno

1 5241 2 5246 .
65 5178 250 5249 Mccxvli,
264 5180 478 5257 pontificatus
492 5199 572 5245 vero
586 5183 712 5245 domini
724 5184 863 5247 Honorii

1 5257 2 5324 1
64 5291 156 5353 papae
174 5280 219 5339 111
234 5293 323 5339 anno
337 5279 456 5356 primo.

702 346 931 409 EPISTOLAE.
956 349 1034 409 LIB.
1058 351 1083 409 I.

1111 551 1114 557 ’
1212 537 1436 624 dccxliii

1036 722 1039 728 ·
1062 690 1115 749 Ad
1126 690 1353 763 prepositum
1368 693 1454 752 vulis
1470 690 1582 751 Lecta.

1224 812 1259 871 id
1270 811 1331 886 jun.
1348 813 1428 870 retr.

968 932 1107 998 lirinensi,
1119 935 1282 1000 Spicileqium
1295 936 1468 998 Libonianum,
1476 951 1502 1001 p.
1516 935 1571 994 llo,
1585 948 1612 984 n.
1623 932 1675 997 ἢ]

924 1051 956 1107 ’1.
967 1052 1118 1124 praeposito
1125 1053 1207 1111 vellis
1214 1054 1298 1114 Lucis
1308 1054 1466 1110 libertatem
1476 1061 1505 1109 et
1512 1052 1722 1109 immunitatem

958 1141 1090 1197 ecclesiae
1098 1143 1126 1199 S.
1138 1143 1245 1211 Quirini
1255 1158 1305 1216 per
1313 1144 1483 1216 magistrum
1493 1144 1525 1198 ll.
1533 1141 1571 1197 de
1579 1152 1723 1197 consensu

960 1229 991 1287 P.
1002 1231 1118 1288 comitis
1127 1232 1305 1290 Gatianensis
1320 1246 1474 1289 concessas
1488 1230 1648 1289 mndrmut.
1765 1315 1767 1318 Α

964 1356 1132 1417 Honorius
1143 1357 1330 1436 episcopus,
1343 1371 1639 1418 serrusservorum
1647 1353 1719 1426 Dei,

924 1452 1043 1514 dilecto
1057 1453 1125 1515 illio
1140 1457 1176 1515 T.
1194 1455 1372 1533 praeposito
1386 1455 1487 1516 vallis
1502 1454 1612 1526 Lucis,
1630 1453 1723 1513 salu-

923 1549 1032 1613 temet
1044 1552 1265 1628 Apostolicam
1279 1552 1553 1614 benedictionem.

964 1648 1069 1718 Quum
1085 1664 1104 1709 a
1120 1648 1216 1709 nobis
1238 1650 1362 1726 petitur
1376 1649 1461 1726 quod
1476 1650 1605 1725 justum
1626 1646 1723 1707 estet

924 1742 1111 1817 honestum,
1131 1747 1199 1807 tam
1214 1746 1309 1823 vigor
1322 1746 1500 1823 aequitatis
1517 1760 1616 1823 quam
1641 1744 1721 1805 ordo

924 1842 1029 1917 exigit
1059 1841 1211 1916 rationis,
1241 1845 1279 1904 ut
1306 1843 1339 1904 id
1372 1858 1433 1921 per
1464 1841 1722 1905 sollicitudinem

924 1938 1026 2004 oltlcii
1034 1941 1139 2003 nostri
1148 1941 1189 2002 ad
1198 1940 1342 2003 debitum
1350 1939 1720 2018 perducatureffectum.

924 2037 1116 2114 Eapropter,
1132 2037 1252 2100 dilecte
1268 2039 1303 2099 in
1317 2039 1457 2099 Domino
1468 2038 1527 2108 illi,
1544 2037 1611 2098 tuis
1620 2035 1721 2113 justis

924 2134 1137 2211 petitionibus
1152 2136 1247 2212 grato
1258 2137 1493 2197 concurrentes
1508 2150 1660 2204 assensu,
1678 2132 1722 2193 li-

923 2231 1083 2293 bertatem
1097 2236 1130 2294 et
1141 2232 1383 2295 immunitatem
1392 2233 1543 2294 ecclesiae
1559 2247 1586 2291 s.
1596 2229 1721 2303 Quirini

923 2329 983 2390 tibi
1000 2329 1168 2407 subjectae,
1183 2346 1244 2407 per
1253 2331 1448 2407 magistrum
1456 2333 1492 2391 B.
1504 2329 1545 2393 de
1555 2343 1721 2390 consensu

924 2426 1023 2488 clarae
1034 2428 1202 2489 memoriae
1211 2431 1248 2490 P.
1256 2428 1387 2489 comitis
1396 2426 1605 2491 Cellanensis
1618 2425 1722 2503 pieta·

923 2522 967 2585 tis
985 2524 1121 2586 obtentu
1136 2541 1331 2597 concessas,
1349 2525 1435 2586 sicut
1449 2525 1484 2587 in
1499 2522 1721 2585 instrumento

924 2621 1141 2698 publicoinde
1150 2623 1298 2684 conlecto
1305 2623 1436 2699 plenius
1445 2618 1719 2692 continetur,tibi,

923 2717 1720 2797 etperteipsiecclesiae,auctoritateApostolica,

923 2817 1158 2879 confirmamus
1174 2820 1207 2879 et
1221 2818 1394 2894 praesentis
1407 2816 1521 2894 scripti
1535 2815 1721 2895 patrocinio

923 2914 1176 2976 communimus.
1193 2915 1284 2975 Nulli
1295 2930 1374 2990 ergo
1399 2914 1533 2975 omnino
1549 2912 1720 2973 bominum

923 3012 1023 3074 liceat
1035 3012 1121 3073 hanc
1144 3014 1300 3090 paginam
1319 3012 1440 3073 nostrae
1458 3009 1720 3073 confirmationis

923 3109 1105 3187 iufringere
1126 3111 1179 3172 vel
1199 3111 1230 3172 ei
1249 3126 1333 3171 ausu
1348 3109 1526 3172 temerario
1541 3108 1718 3169 contraire.

924 3206 958 3267 Si
974 3207 1048 3285 quis
1069 3207 1265 3268 autemhoc
1280 3208 1444 3268 attentare
1457 3204 1717 3285 praesumpserit,

923 3304 1184 3381 indignationem
1193 3305 1428 3382 omnipotentis
1439 3303 1497 3365 Dei
1506 3302 1720 3365 etbeatorum

922 3402 1012 3463 Petri
1027 3404 1060 3463 et
1079 3402 1177 3463 Pauli
1191 3403 1424 3480 Apostolorum
1444 3405 1517 3480 ejus
1539 3417 1575 3460 se
1591 3399 1721 3461 noverit

922 3499 1145 3561 incursurum.

963 3598 1081 3657 Datum
1093 3596 1265 3672 Anagniae,
1280 3595 1474 3658 duodecimo
1485 3594 1647 3656 kalendas
1655 3596 1718 3670 ju·

922 3693 971 3766 lii,
986 3693 1197 3771 pontificatus
1212 3694 1317 3759 nostri
1333 3710 1421 3756 anno
1433 3694 1551 3775 primo.

1211 3888 1426 3977 dccxliv

921 4034 1140 4116 Ad‘prtorem
1150 4040 1183 4102 et
1189 4040 1399 4102 oonsentmn
1411 4040 1716 4101 caminiecensem.

1212 4162 1248 4219 tt
1261 4164 1326 4220 lun.
1345 4163 1426 4221 1117.

921 4277 1057 4343 [llitarelli
1069 4278 1181 4329 dunelm
1190 4277 1405 4337 Camaldnlenses,
1413 4283 1431 4328 t.
1440 4277 1599 4343 lll,append.
1610 4291 1636 4341 p.
1648 4277 1718 4343 stt]

921 4385 1063 4444 llonorius
1075 4388 1116 4444 lll
1132 4385 1283 4443 confirmet
1304 4359 1510 4443 monasterium
1522 4386 1718 4460 vangaticnse

1086 4474 1209 4535 Gnidoni
1223 4476 1311 4548 priori
1325 4474 1544 4535 camaldulensi.

959 4601 1631 4680 Honoriusepiscopus,eerrutservorum
1641 4600 1712 4672 Dei,

919 4698 1048 4761 dilectis
1066 4699 1143 4760 tiliis
1156 4699 1261 4776 priori
1282 4701 1315 4760 et
1338 4698 1516 4759 conventui
1531 4696 1714 4758 camaldu-

919 4796 1004 4859 lensi
1019 4796 1161 4861 salutem
1176 4796 1210 4857 et
1223 4796 1438 4873 apostolicam
1457 4795 1713 4857 bendictionem.

958 4897 996 4956 ln
1027 4894 1147 4957 litteris
1181 4893 1289 4955 lelicis
1324 4893 1494 4954 memoriae
1528 4891 1715 4954 innocentii

918 4996 1017 5070 Papae
1032 4990 1287 5068 praedecessoris
1300 4990 1404 5052 nostri
1420 4988 1469 5051 sic
1484 4990 1715 5067 perspeximus

918 5089 1105 5150 contineri:
1137 5088 1351 5149 Innocentius
1378 5088 1571 5164 episcopus,
1596 5104 1713 5149 servus

918 5202 1089 5248 servorum
1104 5185 1174 5257 Dei,
1198 5184 1327 5248 dilectis
1351 5184 1429 5246 liliis
1449 5185 1553 5263 priori
1574 5186 1607 5247 et
1630 5200 1714 5247 con-

917 5284 1030 5346 ventui
1051 5282 1307 5356 camaldulensi,
1333 5283 1474 5346 salutem
1498 5284 1530 5346 et
1551 5282 1713 5363 apostoli-

917 5397 989 5443 cam
1005 5381 1280 5443 benedictionem.
1557 5372 1561 5383 '

958 5481 1064 5551 Quum
1088 5478 1211 5539 dudum
1231 5478 1271 5539 ad
1288 5479 1526 5541 correctionem
1547 5478 1581 5539 et
1600 5476 1711 5538 reior-

917 5576 1096 5639 mationem
1118 5576 1311 5638 monasterii
1337 5578 1378 5639 de
1399 5575 1597 5655 vangaditia
1618 5574 1714 5637 labo-

917 5674 1028 5736 rantes
1050 5674 1210 5752 protlcere
1226 5691 1292 5736 non
1308 5690 1490 5753 possemus,
1513 5689 1575 5738 nec
1594 5673 1713 5752 huius-
