3946 6196
148 298 206 359 aar
777 284 1005 365 nrrsronm,
1029 284 1107 344 nin.
1130 285 1155 344 1.
1735 284 1796 343 ses

150 455 217 518 sint
234 448 592 515 excommunicationis
611 446 772 519 adstricti,
798 446 864 507 nisi
884 461 945 507 eo·
1000 441 1131 513 mentis,
1148 441 1181 504 et
1196 440 1391 512 innocentii,
1412 440 1695 518 praedecessorum
1710 457 1794 502 nos-

148 568 222 614 rum
236 550 421 612 inerittam
435 548 547 624 gravis
568 547 601 608 et
615 546 760 607 enormis
775 559 944 611 excessus,
1001 541 1127 602 trorum
1152 542 1378 611 Romanorum
1398 538 1606 605 Pontificum,
1621 538 1795 600 universas
1848 612 1851 617 ,

149 649 236 726 quod
260 664 323 726 pro
342 644 562 708 absolutionis
582 643 743 705 beneficio
767 641 945 703 obtinendo
1001 638 1172 714 regulares
1181 635 1408 699 institutiones
1417 636 1703 713 etdispositiones,
1715 652 1797 713 quas

149 747 270 808 merito
285 746 398 806 essent
412 740 453 804 ad
470 741 587 804 sedem
602 740 823 819 apostolicam
836 741 947 801 trans·
1001 733 1042 795 de
1068 734 1235 795 communi
1256 749 1422 795 consensu
1446 733 1499 795 vel
1519 735 1656 811 majoris
1683 736 1717 795 et
1738 750 1798 795 sa-

149 843 320 918 mittendi;
347 858 386 903 ao
412 839 625 917 dispensandi
647 855 721 899 cum
745 837 947 910 elesiario
1001 833 1107 911 nioris
1134 833 1239 909 partis
1263 831 1401 905 lecistis,
1428 832 1514 893 sicut
1536 832 1677 893 inferius
1695 832 1800 892 deno-

149 940 395 1004 absolutionem
411 938 588 1008 obtentam,
604 936 658 998 vel
680 951 793 997 sacros
812 934 946 996 ordines
1002 929 1125 1000 tantur,
1144 928 1340 989 auctoritate
1353 928 1542 1003 Apostolioa
1555 928 1750 989 roboramus
1766 930 1800 989 et

149 1038 372 1116 susceperint,
389 1035 442 1097 vel
463 1035 568 1097 iuncti
582 1034 707 1095 fuerint
716 1036 787 1111 jam
806 1048 946 1109 suscop-
1002 1027 1176 1103 praesentis
1204 1026 1320 1101 scripti
1342 1025 1516 1102 privilegio
1539 1026 1799 1099 communimus;

148 1137 215 1211 tis3
239 1135 274 1197 et
303 1119 459 1196 tonsuras
486 1133 552 1195 tuis
573 1131 713 1193 noviciis
742 1130 874 1192 clericis
897 1129 949 1189 ia·
1001 1121 1167 1194 videlicet,
1183 1122 1219 1184 ut
1233 1121 1314 1183 ordo
1329 1122 1510 1183 canonicus
1526 1122 1800 1199 quemadmodum

150 1232 272 1304 ciendi,
288 1231 464 1293 dummodo
474 1229 646 1307 presbyter
655 1228 717 1304 sis3
730 1225 948 1288 benedicendi
1002 1219 1037 1280 in
1077 1219 1389 1281 praemonstratensi
1430 1220 1572 1281 ecclesia
1619 1219 1800 1281 secundnm

150 1346 285 1408 quoque
312 1328 509 1392 vestimenta
537 1326 756 1389 sacerdotalia
784 1324 817 1386 et
842 1324 947 1401 pallas
1001 1317 1273 1393 boatiAugustini
1284 1318 1433 1395 regulam
1445 1319 1478 1380 et
1487 1318 1738 1395 dispositionem
1750 1333 1800 1378 re·

150 1427 286 1503 altaris;
312 1429 345 1488 et
368 1425 642 1488 convenientibus
664 1422 849 1495 abbatibus,
873 1437 948 1484 oum
1002 1414 1150 1476 colenda
1162 1416 1331 1477 memoriae
1346 1415 1503 1478 Norberti
1518 1416 1683 1493 quondam
1703 1419 1800 1477 Prae-

150 1526 328 1602 episcopus
352 1523 473 1584 absens
497 1522 609 1594 luerit,
633 1520 898 1583 benedictionem
914 1519 948 1579 in
1002 1513 1256 1575 monstratensis
1279 1513 1407 1574 ordinis
1431 1513 1642 1582 institutoris,
1666 1514 1699 1575 ot
1722 1526 1802 1575 snc-

151 1622 367 1685 oonclusione
380 1620 517 1697 capituli
532 1617 723 1697 proferendi
738 1617 877 1678 liberam
892 1617 949 1676 ba·
1003 1625 1173 1672 sessorum
1187 1626 1323 1672 suorum
1343 1611 1379 1671 in
1398 1611 1538 1673 candido
1553 1610 1680 1683 habitu,
1696 1611 1799 1673 insti-

152 1718 232 1781 beas
244 1719 452 1797 potestatem.
466 1716 558 1779 Nulli
568 1731 660 1793 ergo,
671 1719 746 1788 eto,
761 1715 790 1776 si
806 1715 879 1792 quis
895 1730 949 1776 au·
1002 1708 1093 1768 tutus
1115 1723 1188 1769 esse
1210 1706 1425 1785 dignoscitur,
1443 1724 1502 1785 por
1517 1724 1631 1770 omnes
1651 1709 1800 1786 ejusdem

152 1819 228 1889 tem,
243 1817 307 1878 etc.
322 1818 441 1878 Datum
452 1815 609 1876 Laterani
623 1813 717 1875 sexto
743 1813 853 1874 idibus
867 1812 948 1874 Maii
1003 1804 1131 1866 ordinis
1147 1805 1306 1867 ecclesias
1329 1807 1497 1883 perpetuis
1519 1806 1722 1884 temporibus
1744 1808 1801 1868 in-

154 1913 365 1991 pontificatus
380 1912 486 1975 nostri
500 1927 587 1973 anno
602 1912 720 1989 primo.
1003 1903 1206 1966 violabiliter
1235 1903 1440 1976 observetur,
1464 1904 1497 1966 et
1521 1904 1647 1966 eaedem
1669 1905 1801 1982 penitus

1004 2002 1234 2073 observantiae,
1258 2001 1360 2062 iidem
1393 2017 1523 2079 quoque
1551 2001 1644 2076 libri,
1675 2003 1731 2079 qui
1759 2002 1800 2063 ad

461 2116 643 2205 CCCXXI
1003 2097 1151 2159 divinum
1180 2097 1327 2159 cilicium
1357 2099 1543 2176 pertinent,
1575 2099 1616 2160 ab
1647 2098 1801 2159 omnibus

1003 2195 1152 2272 cJusdem
1174 2194 1302 2256 ordinis
1327 2194 1480 2258 ecclesiis
1507 2194 1718 2257 unilormiter
1745 2196 1801 2257 te-

156 2282 204 2342 Ad
238 2282 445 2342 Gervassium
490 2279 646 2340 abbatem
688 2277 950 2340 Praemonstra-
1003 2296 1156 2364 reantur,
1175 2288 1378 2372 etc.[0mnia
1399 2292 1497 2369 prout
1516 2294 1631 2370 jacent
1644 2292 1679 2354 in
1695 2294 1803 2370 privi-

193 2375 672 2447 commmemoratione,
702 2377 949 2448 canonicosque
1003 2389 1091 2465 10310
1104 2391 1192 2461 m,
1207 2388 1458 2465 seudjpmmato
1473 2390 1568 2450 Lucii
1581 2387 1653 2470 nr]
1746 2438 1749 2442 i

193 2474 404 2536 Proemortst·
421 2475 570 2535 Ordinis·
1043 2486 1112 2547 Neo
1134 2485 1246 2561 aliqua
1269 2485 1411 2547 ecclesia
1430 2485 1483 2546 vel
1507 2498 1650 2562 persona
1674 2485 1801 2547 ordinis

449 2603 480 2661 fl
496 2603 564 2661 ,nup
578 2603 655 2661 1217·
1001 2583 1105 2644 vestri
1133 2582 1292 2644 adversus
1326 2582 1514 2643 communia
1537 2582 1644 2660 ipsius
1673 2584 1802 2649 ordinis

194 2728 239 2794 [Le
252 2728 337 2793 raige,
348 2727 506 2778 annotina
520 2727 709 2777 mmmm
724 2725 791 2784 orn,
801 2740 827 2790 p·
840 2724 908 2790 ⁶50¹]
1002 2679 1164 2751 instituta,
1179 2679 1390 2756 privilegium
1402 2677 1535 2756 aliquod
1551 2680 1731 2756 postulare,
1748 2680 1801 2741 vel

1003 2777 1173 2838 obtentum
1207 2777 1327 2838 audeat
1360 2776 1605 2853 quomodolibet
1639 2777 1796 2838 retinere.

155 2855 307 2912 Universae
322 2852 470 2927 regulares
484 2852 675 2909 institutiones
694 2857 723 2907 et
736 2850 947 2922 dispositiones,
1003 2874 1103 2935 Nulla
1127 2872 1227 2935 etiam
1251 2873 1470 2936 ecclesiarum
1490 2874 1521 2934 ei
1546 2890 1645 2951 quam
1672 2875 1789 2952 genuit

1791 2920 1799 2947 i

188 2958 258 3017 ‘¹⁰⁸⁸
277 2942 314 3000 ‘¹⁰
332 2941 478 3000 ⁰⁰¹¹¹¹¹¹¹¹¹¹i
498 2955 640 2998 ⁰⁰n⁸e¹¹³¹¹
657 2939 700 2999 Vel
723 2939 839 3012 m⁰j⁰fi⁸
860 2939 949 3012 partis
1003 2970 1183 3048 quamlibet
1193 2971 1319 3032 terreni
1334 2972 1496 3033 commodi
1507 2972 1715 3034 exactionem
1732 2973 1799 3033 im-

188 3031 318 3101 Ῑθθθΐῑῦῑ»
331 3029 482 3086 f⁰¹³⁰¹⁸²³²
496 3028 662 3086 mmmm*
1003 3071 1113 3147 ponat,
1142 3069 1200 3131 sed
1221 3070 1349 3131 tanturn
1371 3070 1466 3145 pater
1482 3069 1595 3142 abbas,
1619 3086 1734 3131 curam
1758 3069 1799 3131 de

191 3165 360 3227 Honorius
374 3163 550 3241 opiscopus
566 3178 682 3224 servus
692 3177 864 3224 servorum
875 3163 946 3234 Dei,
1003 3166 1152 3245 proiectu
1163 3167 1231 3227 tam
1247 3166 1307 3227 dlii
1318 3166 1447 3227 abbatis
1463 3182 1561 3244 quam
1576 3166 1715 3229 fratrum
1739 3168 1801 3229 do-

154 3262 283 3325 dileciis
301 3262 381 3323 tiliis
396 3261 555 3323 Gervasio
574 3259 685 3321 abbati
703 3262 948 3322 Praemonstra-
1003 3281 1076 3326 mus
1091 3263 1181 3325 illius
1196 3263 1328 3337 habeat,
1348 3269 1381 3326 et
1399 3265 1595 3341 potestatem
1608 3264 1729 3327 habeat
1743 3282 1801 3327 se·-

152 3361 238 3422 tonsi
272 3360 469 3436 caeterisque
504 3357 677 3420 abbatibus
712 3360 745 3419 et
778 3358 948 3419 canonicis
1003 3363 1147 3424 cundum
1162 3361 1313 3423 ordinem
1329 3362 1527 3438 corrigendi,
1543 3379 1615 3439 quan
1631 3364 1666 3424 in
1681 3379 1720 3425 ea
1741 3380 1804 3426 no-

153 3456 482 3519 Praemonstratonsis
502 3454 629 3517 ordinis
646 3455 713 3515 tarn
730 3454 948 3531 praeseutibus
1002 3459 1089 3521 verit
1114 3458 1323 3533 corrigenda,
1350 3460 1383 3519 ot
1400 3459 1451 3519 iili
1473 3460 1505 3520 ei
1530 3461 1688 3536 tauquam
1715 3461 1802 3537 patri

153 3571 251 3633 quarn
273 3554 406 3626 futuris,
421 3554 524 3615 vitam
536 3552 725 3628 regularem
739 3550 898 3629 protessis
912 3553 948 3614 in
1003 3554 1224 3616 reverentiam
1250 3554 1387 3615 filialem
1408 3549 1579 3616 humiliter
1605 3556 1797 3619 exhibeant.

153 3655 346 3730 perpetuam
361 3651 411 3712 rei
425 3650 630 3712 memoriam.
755 3704 759 3712 .
1002 3650 1112 3714 Abbas
1137 3652 1247 3711 autern
1278 3653 1607 3713 praemonstratensis
1632 3655 1796 3726 ecclesiae,

192 3747 601 3825 ineminentiApostolioee
610 3746 705 3809 Sedis
716 3745 861 3824 specula,
871 3745 949 3809 licet
1003 3765 1076 3827 quae
1102 3749 1209 3809 mater
1231 3763 1304 3809 esse
1323 3748 1530 3822 dignoscitur
1555 3749 1710 3822 aliarum,
1734 3766 1801 3811 non

153 3847 322 3915 immeriti,
338 3845 534 3923 disponente
546 3844 685 3906 Domino
699 3844 880 3917 constituti,
889 3861 947 3920 pro
1003 3847 1110 3908 solum
1135 3846 1170 3905 in
1191 3845 1234 3904 iis
1260 3844 1411 3906 ecclesiis
1435 3861 1517 3921 quas
1548 3846 1704 3917 instituit,
1742 3847 1800 3908 sed

154 3944 361 4020 singulorum
373 3943 461 4005 statu
476 3942 611 4004 solliciti
620 3957 697 4003 esse
706 3941 946 4018 compellimur,
1003 3944 1102 4006 etiam
1115 3943 1150 4003 in
1160 3941 1313 4003 omnibns
1328 3940 1404 4002 aliis
1418 3941 1571 4002 ecclesiis
1586 3942 1734 4019 ejusdem
1748 3959 1799 4005 or·

154 4043 187 4105 et
199 4057 239 4103 ea
254 4041 387 4102 sincere
403 4042 555 4102 tenemur
568 4039 734 4117 amplecti,
751 4056 824 4116 quae
839 4039 880 4100 ad
892 4039 947 4100 in·
1003 4042 1102 4113 dinis,
1124 4042 1157 4101 et
1175 4039 1381 4116 dignitatem,
1395 4040 1429 4101 et
1441 4038 1586 4117 oidcium
1600 4041 1704 4116 patris
1720 4041 1802 4104 obti-

153 4139 358 4201 crementum
379 4137 553 4214 religionis
574 4136 750 4214 pertinent,
767 4138 801 4198 et
818 4136 860 4197 ad
874 4136 948 4198 vir·
1004 4140 1091 4211 neat,
1108 4140 1140 4199 et
1154 4138 1185 4199 ei
1200 4137 1242 4199 ab
1257 4136 1410 4198 omnibns
1428 4137 1496 4199 tam
1509 4136 1682 4199 abbatibus
1702 4153 1800 4215 quam

154 4239 259 4300 tutum
270 4236 422 4314 spectant
438 4235 610 4309 ornatum;
629 4235 792 4311 quatenus
807 4234 949 4309 religio·
981 4314 984 4321 μ
1003 4236 1167 4298 iratribus
1181 4235 1291 4299 debita
1309 4235 1396 4312 patri
1418 4233 1606 4297 obedientia
1625 4236 1801 4313 impenda-

154 4350 268 4398 sorum
293 4334 407 4411 quies,
434 4333 480 4395 ab
505 4332 595 4394 omni
628 4331 672 4393 sit
700 4330 949 4408 perturbatione
1003 4335 1068 4397 tur.
1087 4335 1255 4395 Praeterea
1275 4348 1393 4394 omnes
1404 4332 1503 4394 abbat
1576 4334 1682 4394 rdinis
1697 4335 1802 4396 vestri

155 4447 285 4503 secura,
313 4432 347 4493 et
371 4446 391 4491 a
415 4432 497 4507 J‘ugo
523 4429 700 4491 mundanae
724 4428 949 4505 oppressionis
981 4509 982 4512 Ἴ
1004 4431 1144 4507 singulis
1160 4431 1257 4492 annis
1272 4430 1313 4492 ad
1333 4432 1493 4508 generale
1504 4349 1686 4541 mptum
1708 4435 1804 4493 Prae-

156 4530 306 4591 servetur
317 4529 435 4599 illaesa,
452 4543 554 4605 quum
565 4526 754 4603 spostolica
767 4525 949 4588 luerittni-
979 4518 1233 4602 monstratum,
1271 4530 1454 4606 postposita
1489 4530 1579 4590 omni
1606 4529 1798 4600 occasione,

156 4625 245 4687 tione
263 4625 404 4687 munita.
426 4624 640 4686 attendentes
657 4623 769 4700 itaquo
785 4623 949 4699 quomodo
1004 4626 1215 4698 conveniant,
1232 4625 1299 4685 illis
1315 4625 1395 4686 solis
1410 4626 1569 4701 exceptis,
1596 4641 1677 4701 qnos
1701 4640 1721 4685 a
1745 4624 1800 4685 la-

156 4723 273 4800 religio
285 4721 530 4785 etordovester
541 4721 646 4782 multa
660 4719 830 4795 refulgens
841 4720 950 4795 gloria
1003 4723 1084 4784 bore
1109 4722 1173 4783 viae
1192 4721 1342 4797 corporis
1360 4720 1581 4783 retardaverit
1600 4721 1800 4783 infirmitas:

157 4821 360 4892 moritorum,
382 4820 415 4881 et
441 4818 551 4895 gratia
573 4818 727 4880 redolens
749 4818 947 4889 sanctitatis,
1005 4820 1061 4897 qui
1084 4820 1194 4880 tamen
1216 4818 1371 4879 idoneum
1389 4833 1449 4895 pro
1471 4833 1506 4878 se
1528 4817 1683 4893 delegare
1701 4812 1825 4879 dobe·'

158 4918 310 4994 palmites
321 4931 430 4978 suosa
443 4916 528 4978 mari
544 4931 651 4994 usque
667 4915 709 4977 ad
728 4930 820 4976 mare
833 4913 951 4977 exten·
1003 4918 1085 4978 bunt
1096 4916 1261 4987 nuntium,
1276 4931 1334 4992 per
1349 4931 1446 4992 quem
1457 4916 1640 4977 necessitas
1654 4918 1686 4978 et
1701 4933 1804 4979 causa

158 5014 254 5088 derit,
275 5015 387 5092 ipsum
410 5014 560 5076 ordinem
584 5015 618 5075 et
637 5014 812 5075 universas
836 5013 949 5075 domos
1004 5012 1237 5076 remorationis
1263 5027 1332 5074 suae
1354 5012 1499 5089 capitulo
1520 5014 1656 5076 valeant
1679 5031 1822 5076 renuo--

158 5112 303 5189 ejusdem
336 5110 462 5173 ordinis
502 5110 701 5187 Apostolioae
735 5110 950 5188 protectionis
1004 5111 1093 5175 tiari.
1108 5111 1157 5172 ibi
1178 5113 1301 5183 autom,
1315 5109 1372 5188 qui
1389 5110 1425 5171 iu
1439 5112 1675 5173 remotioribus
1698 5113 1805 5189 parti·

159 5210 313 5286 praesidio
328 5208 483 5270 duximus
501 5207 725 5271 ooniorendas
744 5209 777 5270 et
795 5209 951 5285 praesenti
1004 5209 1066 5271 bus
1087 5208 1287 5281 habitantes,
1310 5207 1383 5268 sine
1402 5209 1497 5284 gravi
1517 5208 1711 5270 difficultate
1732 5208 1806 5270 sin-

160 5307 330 5384 privilegio
356 5306 565 5368 muniendas.
582 5306 766 5383 Eapropter
781 5306 893 5367 dilecti
915 5306 951 5366 in
1005 5308 1091 5384 gulis
1105 5306 1201 5368 annis
1214 5322 1250 5366 se
1267 5306 1479 5383 nequiverint
1495 5305 1640 5383 capitulo
1655 5321 1807 5382 praesen-

160 5404 295 5468 Domino
314 5405 387 5477 dlii,
412 5404 532 5467 vestris
550 5404 651 5481 justis
675 5402 951 5480 postulationibus
1005 5406 1087 5476 tare,
1103 5403 1139 5464 in
1154 5418 1194 5464 eo
1208 5403 1351 5466 termino
1374 5403 1584 5477 conveniant,
1601 5403 1659 5480 qui
1672 5403 1709 5463 in
1731 5403 1806 5482 ipso

160 5500 332 5580 benignius
340 5502 536 5574 annuentes,
545 5501 585 5563 ad
597 5502 769 5579 exemplar
780 5501 886 5564 felicis
896 5517 953 5563 re-
1007 5503 1055 5564 eis
1068 5501 1215 5579 capitulo
1230 5501 1330 5565 inerit
1342 5502 1554 5564 constitutus.

159 5600 360 5667 cordationis
376 5599 569 5671 Alexandri,
591 5599 697 5668 Lucii,
721 5598 859 5674 Urbani,
877 5600 953 5662 Cle-
1048 5601 1084 5662 Si
1109 5615 1189 5661 vero
1214 5599 1353 5678 quilibet
1376 5596 1543 5671 abbatum,
1568 5598 1626 5659 aut
1649 5601 1809 5678 praeposi·
