3946 6196
186 342 244 401 191
804 338 978 399 HONORII
1001 340 1044 398 III
1067 336 1215 400 OPERA.

188 501 263 572 Dei,
293 497 423 562 dilectis
460 497 538 559 liliis
575 497 752 567 conventui
788 496 983 559 monasterii

187 598 311 659 sancta
323 597 439 659 Marias
451 594 678 672 Tyburtinen„
693 594 833 657 salutem
846 595 879 657 61
888 610 984 673 apos-

187 693 606 757 tolicambenodictionem.

228 793 364 855 Petente
380 806 550 852 oeconomo
564 791 688 859 vestro,
701 790 881 853 canonicos
895 790 982 852 basi·

186 892 260 953 11666
273 889 433 966 principIs
443 888 675 966 Apostolorum
688 888 729 949 ab
740 888 981 966 inquietatione

186 987 361 1065 compesci,
376 1002 474 1064 quam
488 986 581 1047 robis
605 985 734 1047 dicebat
761 1001 822 1063 per
847 986 980 1048 eosdem

184 1085 301 1148 inferri
317 1101 416 1162 super
428 1085 638 1162 possessione
652 1084 662 1144 i
667 1084 758 1161 psius
773 1084 978 1159 monasterii;

187 1184 343 1262 quoniam
383 1182 419 1243 in
458 1197 615 1258 processu
655 1181 800 1258 negotii,
833 1181 979 1259 ejusdem

184 1281 347 1343 oeconomi
362 1279 526 1342 consessio
542 1279 701 1342 innuebat
715 1280 892 1341 canonicos
902 1295 982 1356 pos-

184 1395 342 1450 sessores,
360 1394 403 1439 61
418 1394 482 1455 quo
497 1376 698 1455 sequebatur
706 1377 916 1439 interdictum
932 1378 981 1440 nti

184 1477 359 1555 possidetis
371 1476 483 1552 Inepte
496 1475 712 1553 propositum,
725 1491 768 1538 ex
786 1475 881 1552 parte
900 1490 980 1536 ves-

186 1577 238 1637 tra
262 1574 366 1636 luisse
390 1572 438 1653 (1)
458 1594 466 1633 ε
488 1588 549 1634 nos
573 1573 781 1650 supradictos
802 1572 980 1635 canonicos

184 1673 292 1751 quoad
307 1672 369 1734 hoc
393 1672 434 1733 ab
460 1672 666 1749 impetitione
688 1671 794 1748 ipsius
817 1671 979 1733 oeoonomi

186 1771 342 1833 duximus
356 1769 586 1831 absolvendos.
601 1769 762 1831 Caeterum
781 1767 860 1846 quia
877 1784 979 1831 cons-

182 1869 249 1931 titit
276 1885 337 1945 per
361 1868 579 1928 assertionem
600 1866 713 1927 dilecti
741 1866 802 1926 tilii
828 1865 979 1941 magistri

183 1969 222 2028 1).
232 1965 397 2044 capellani
411 1964 517 2026 nostri
527 1964 582 2025 cui
594 1963 690 2025 bonae
700 1965 869 2025 memoriae
884 1966 980 2025 luno·

184 2065 312 2125 centius
335 2066 426 2140 Papa
451 2062 677 2138 praedecessor
702 2062 826 2133 noster,
843 2076 978 2124 causam

183 2162 292 2239 primo
329 2160 540 2222 commiserat
572 2158 613 2220 ad
651 2158 865 2229 audientiam,
892 2159 978 2236 quod

184 2259 373 2336 petitorium
401 2257 436 2319 in
456 2256 619 2335 judIcium
643 2258 694 2319 est
721 2256 908 2329 deductum,
937 2255 978 2317 ad

184 2340 270 2433 quod
305 2372 348 2418 ex
381 2355 597 2432 quorumdam
626 2352 888 2431 depositionibus
910 2355 979 2415 tes-

183 2453 266 2514 tium
281 2454 411 2531 sumpta
421 2451 635 2530 praesnmptio
647 2449 800 2523 faciebat,
812 2450 978 2527 allegante

183 2555 278 2629 parte
301 2551 537 2613 canonicorum
563 2565 600 2610 se
622 2564 757 2611 causam
783 2564 804 2611 a
826 2548 977 2611 Foriensi

183 2649 386 2710 monasterio
401 2647 558 2710 habuisse
572 2664 632 2725 per
652 2647 825 2725 quusdam
843 2661 979 2724 permu-

181 2748 321 2809 tationis
349 2748 566 2818 contractum,
594 2760 693 2824 quam
725 2744 873 2807 lacerant
902 2761 977 2806 cum

182 2845 300 2907 abbate
324 2860 363 2906 ac
396 2843 569 2906 monacbis
608 2842 757 2905 Fartens.
787 2842 978 2920 recipiendo

181 2945 355 3022 praelatum
390 2940 630 3004 monasterium
649 2941 879 3019 'Tyburtinum
918 2955 978 3018 pro

181 3041 324 3103 ecclesia
338 3039 445 3101 sancti
467 3038 628 3100 Gualterii
656 3037 696 3099 de
719 3038 881 3099 Marchia.
909 3039 978 3099 Nos

182 3138 305 3199 auditls
328 3152 429 3213 super
456 3136 498 3196 iis
518 3133 596 3195 11166
619 3133 697 3195 1616
717 3133 907 3211 propositis,
937 3133 979 3194 de

182 3235 321 3295 fratrum
334 3234 522 3294 nostrorum
533 3232 684 3303 consilto,
696 3231 809 3292 multis
818 3231 978 3293 decausis

179 3319 385 3395 contractum
400 3330 653 3408 permutationis
667 3329 857 3407 hujusmodi
883 3329 980 3408 peni·

179 3433 233 3492 tus
248 3430 429 3501 irritantes,
447 3428 531 3489 nihil
537 3428 625 3505 juris
637 3427 671 3489 in
685 3427 759 3505 ipso
774 3427 977 3489 monasterio

180 3528 331 3606 eJusdem
347 3525 904 3604 66616161666611661661111116116
920 3540 979 3586 ca·

180 3627 308 3687 noricis
324 3641 546 3688 reservamus.
566 3624 666 3685 Salvo
688 3624 858 3685 canonlcls
881 3624 975 3701 ipsis,

180 3724 267 3802 quod
291 3724 451 3786 adversus
475 3722 633 3784 Farlense
658 3722 897 3783 monasterium
919 3721 978 3784 de-

179 3822 283 3884 bitum
301 3822 429 3900 possint
442 3819 566 3881 babere
580 3835 765 3881 recursum.
789 3819 882 3881 Nulli
896 3834 976 3896 ergo

180 3921 314 3982 omniuo
330 3919 501 3980 bominum
515 3918 614 3980 liceat
627 3917 713 3979 banc
725 3917 882 3994 paginam
897 3932 977 3978 uos-

179 4021 239 4080 trae
272 4016 482 4078 diffinitionis
519 4015 720 4091 infringere,
747 4015 800 4076 vel
831 4016 862 4076 61
891 4030 976 4076 1666

179 4116 358 4177 1616611116
395 4113 574 4175 contraire.
604 4113 638 4173 Si
665 4113 739 4189 quis
777 4113 889 4175 autem
913 4112 976 4174 hoc

179 4212 343 4275 attentare
355 4210 614 4288 praesumpserit,
635 4208 897 4285 indignationem
910 4225 976 4271 om-

180 4308 359 4385 nipotentis
380 4307 452 4379 Dei,
468 4322 507 4368 ac
523 4305 695 4367 beatorum
711 4307 801 4367 Petri
824 4308 858 4368 et
878 4307 975 4368 Pauli

179 4405 406 4483 apostolorum
420 4407 493 4481 ejus
503 4418 539 4464 se
555 4403 687 4464 noverit
698 4402 922 4464 incursurum.

219 4505 337 4565 Datum
359 4501 542 4574 Ferentini,
562 4502 593 4562 Il
611 4499 686 4561 idus
707 4501 851 4576 augusti,
863 4502 976 4579 ponti-

179 4603 298 4666 ilcatus
313 4600 419 4664 nostri
431 4616 519 4663 anno
530 4597 687 4663 secundo.

180 4977 322 5035 expensas
349 4977 483 5035 magnes,
519 4961 687 5035 superfluas,
723 4974 778 5019 nec
805 4960 975 5019 donationes

180 5049 274 5162 {tat
289 5032 759 5161 11111111111111
779 5032 975 5174 11111111

179 5193 235 5233 aon
258 5180 299 5231 est
316 5175 446 5230 dominus
468 5188 564 5230 eorum
588 5189 649 5245 quc
666 5146 798 5243 66111111,
817 5173 975 5231 6111661611

179 5246 397 5303 administrator
413 5244 525 5300 nomme
537 5245 694 5315 religionis,
705 5245 846 5301 inordina
867 5245 906 5300 od
922 5259 972 5302 16·

175 5317 320 5387 predictos
336 5330 404 5372 6611
417 5315 623 5372 messarim·
639 5316 788 5383 Caeterum,
804 5315 921 5372 Honorii
935 5317 974 5372 iil

181 5394 309 5459 tempore
324 5401 381 5444 uon
396 5386 428 5443 lit
439 5384 541 5458 eiectio
557 5386 669 5457 proprie
681 5385 767 5454 dicta,
779 5384 831 5441 sed
852 5385 973 5443 transla-

182 5459 221 5513 tio
236 5459 271 5513 16
284 5458 457 5514 monasterIo
468 5455 503 5513 ad
519 5455 594 5513 aliud
606 5457 821 5513 monasterium.

218 5528 257 5598 (1)
277 5527 459 5585 Interdictum
474 5527 522 5584 titi
534 5527 680 5596 possideto
700 5525 735 5583 ad
748 5524 865 5582 lundum
887 5526 973 5597 perti·

184 5602 241 5657 net,
255 5595 366 5652 dicente
379 5600 459 5665 Gaio,
475 5599 526 5664 lv,
545 5597 595 5653 119
611 5614 618 5653 :
635 5599 671 5654 Et
683 5596 798 5669 quidem
825 5597 869 5654 Uti
889 5597 976 5668 possi·

184 5662 256 5718 detis
271 5664 448 5723 interdicatur
461 5667 497 5723 16
514 5666 590 5725 lundi
602 5667 782 5741 possessione
794 5665 935 5737 redditur3
947 5673 975 5723 et

1366 524 1499 612 XVIII

1106 684 1158 743 Aa
1180 684 1348 744 16661661
1362 684 1396 744 61
1408 686 1589 746 6666111666
1604 687 1763 747 Remeato.

1321 806 1353 862 17
1376 819 1443 880 aug.
1467 807 1546 864 1117.

1246 918 1354 983 [llegest.
1369 920 1415 972 lib.
1428 921 1459 980 II,
1470 921 1544 985 epist.
1552 921 1620 987 1111]

1036 1024 1094 1083 Eos
1111 1025 1257 1083 constituit
1272 1025 1384 1098 jndices
1403 1027 1476 1085 inter
1501 1030 1789 1088 premonstratenses
1804 1039 1831 1090 et

1189 1113 1420 1173 archidiaconum
1432 1117 1680 1175 suessionensem.

1074 1230 1252 1302 Honorius,
1267 1234 1341 1305 616,
1358 1232 1488 1295 11166116
1510 1234 1587 1295 liliis
1600 1235 1740 1304 decano,
1753 1253 1827 1298 ma-

1034 1327 1139 1403 gistro
1151 1331 1189 1389 G.
1210 1330 1243 1390 61
1262 1328 1406 1392 Roberto
1428 1330 1468 1392 16
1481 1330 1640 1394 Lauduno
1659 1335 1831 1396 canonicis

1036 1427 1172 1487 Romen.

1076 1524 1142 1582 Sua
1167 1522 1264 1584 nobis
1288 1523 1390 1585 abbas
1404 1527 1438 1587 61
1452 1524 1570 1587 1161166
1588 1529 1831 1589 Praemonstra·

1033 1620 1145 1681 tenses
1153 1620 1287 1699 querela
1298 1624 1536 1695 monstrarunt,
1544 1625 1629 1701 qnod
1640 1641 1717 1686 cum
1728 1628 1832 1687 Sues-

1034 1717 1162 1778 sionen.
1189 1719 1460 1793 archidiaconus
1477 1722 1555 1798 quia
1579 1720 1643 1782 sibi
1668 1738 1831 1799 procura-

1034 1815 1157 1876 tionem
1187 1830 1285 1892 quam
1309 1817 1431 1894 injuste
1458 1817 1590 1895 petebat
1617 1819 1652 1881 in
1689 1820 1831 1896 quadam

1034 1911 1181 1988 ipsorum
1195 1914 1334 1990 grangia
1354 1913 1569 1990 denegarunt,
1591 1917 1754 1993 quasdam
1768 1933 1828 1978 eo-

1033 2025 1107 2070 rum
1120 2010 1264 2071 decimas
1280 2015 1484 2088 occupasset,
1501 2013 1565 2089 ipsi
1580 2030 1680 2089 super
1696 2013 1831 2075 hocve

1034 2106 1176 2169 nerabill
1191 2106 1289 2169 lratri
1301 2111 1414 2170 nostro
1438 2111 1594 2186 eptscopo
1612 2111 1829 2173 suessionen.

1034 2200 1204 2276 conquesti
1215 2216 1251 2261 se
1260 2201 1428 2278 tamquam
1443 2203 1600 2278 spoliatos
1612 2204 1748 2265 restitui
1761 2221 1832 2281 pos·

1034 2295 1191 2358 tulerunt.
1205 2296 1366 2358 sedidem
1382 2298 1637 2361 archidiaconus
1649 2300 1685 2362 in
1696 2302 1830 2363 modum

1033 2394 1237 2471 exceptionis
1257 2411 1455 2472 proponens,
1479 2396 1565 2474 quod
1585 2414 1687 2475 quum
1709 2397 1830 2460 fratres

1033 2491 1182 2568 praedicti
1210 2493 1443 2569 procuratione
1471 2510 1570 2570 quam
1595 2494 1777 2572 aliquando
1796 2497 1830 2557 in

1032 2588 1121 2649 dicta
1147 2589 1288 2665 grangia
1316 2590 1541 2667 praedecessor
1565 2607 1646 2653 suus
1672 2592 1831 2655 babuerit

1033 2685 1227 2761 spoliarant,
1242 2685 1375 2747 nolebat
1388 2687 1453 2746 nisi
1465 2687 1571 2763 primo
1581 2689 1737 2752 restituta
1750 2706 1831 2767 prae·

1033 2780 1130 2843 dictis
1145 2781 1303 2843 tratribus
1317 2784 1529 2860 respondere.
1545 2786 1692 2862 Cumque
1705 2786 1829 2848 iratres

1034 2878 1097 2956 ipsi
1118 2894 1195 2940 eum
1213 2879 1386 2942 admittere
1401 2896 1467 2942 nou
1482 2881 1602 2945 debere
1625 2882 1661 2943 in
1677 2883 1743 2945 bac
1765 2900 1831 2945 ex-

1033 2976 1184 3053 ceptione
1202 2979 1435 3054 proponerent,
1463 2994 1561 3056 quam
1585 2979 1762 3043 ridebatur
1785 2998 1828 3043 ex

1033 3073 1160 3135 malitie
1173 3089 1383 3151 procurasse,
1393 3078 1495 3151 utper
1508 3091 1582 3137 eam
1592 3077 1751 3140 videlicet
1758 3094 1830 3156 pro·

1033 3171 1215 3232 curationis
1229 3172 1397 3247 predictae
1408 3174 1653 3249 possessionem
1669 3177 1828 3253 acquire-

1033 3268 1094 3339 ret,
1111 3266 1151 3329 de
1163 3284 1228 3345 qua
1248 3269 1335 3331 inter
1359 3272 1470 3347 partes
1495 3271 1728 3348 principaliter
1747 3289 1828 3349 age-

1032 3362 1828 3446 halunbemumquumpraelatusepiscopuseum

1032 3461 1287 3540 interloquendo
1302 3464 1477 3540 protulerit
1496 3465 1749 3539 admittendum,
1765 3468 1830 3546 ipsi

1032 3560 1066 3620 61
1088 3560 1373 3622 interlocutoriam
1393 3563 1584 3639 reputantes
1602 3563 1770 3642 iniquam,
1797 3567 1831 3627 61

1032 3656 1222 3734 episcopum
1233 3657 1269 3718 in
1284 3658 1451 3721 incidente
1469 3675 1571 3721 causa
1582 3663 1829 3738 procurationis

1032 3753 1220 3831 suspectum
1233 3754 1393 3818 babentes
1406 3773 1451 3817 ex
1464 3772 1503 3818 6ο
1518 3757 1605 3834 quod
1621 3760 1655 3820 61
1668 3759 1744 3835 lpse
1754 3775 1829 3836 pro-

1032 3852 1236 3913 curationem
1260 3853 1295 3913 in
1312 3854 1470 3930 praedicta
1492 3856 1633 3931 grangia
1649 3859 1767 3933 petere
1788 3858 1830 3918 si·

1031 3949 1103 4009 mili
1132 3950 1260 4011 ratione
1281 3950 1417 4023 valeret,
1447 3952 1597 4013 nostram
1622 3952 1829 4015 audientiam

1032 4047 1251 4124 appellarunt.
1291 4047 1453 4120 Quocirca
1486 4048 1683 4112 discretioni
1710 4053 1830 4113 vestras

1031 4158 1091 4220 per
1099 4143 1288 4221 Apostolica
1300 4144 1424 4221 scripta
1435 4144 1643 4217 mandamus,
1651 4148 1827 4223 quatenus.

1031 4239 1060 4300 si
1072 4240 1123 4301 ast
1136 4240 1194 4311 ita,
1209 4238 1359 4315 partibus
1381 4242 1571 4302 convocatis
1584 4241 1734 4303 audiatis
1744 4258 1829 4304 cau-

1031 4352 1112 4408 sam,
1124 4338 1158 4399 et
1170 4336 1393 4414 appellatione
1414 4338 1540 4401 remota
1555 4338 1621 4400 tlne
1635 4337 1752 4401 debito
1760 4341 1830 4402 161-

1031 4433 1159 4497 minare
1180 4431 1353 4504 facientes,
1380 4434 1456 4505 otc..
1478 4449 1585 4508 usque
1604 4453 1616 4495 .·
1638 4433 1826 4499 observari.

1030 4529 1185 4607 Alioquin
1197 4531 1308 4606 partes
1324 4529 1365 4590 ad
1379 4530 1508 4607 praetati
1520 4530 1669 4608 episcopi
1681 4533 1830 4595 remitta-

1029 4626 1239 4688 becumen.
1261 4626 1492 4703 appellantem
1514 4642 1643 4701 usqae:
1667 4628 1829 4690 condem-

1030 4724 1158 4785 nantes.
1172 4725 1286 4785 Testes
1300 4724 1422 4791 autem,
1434 4725 1497 4786 616.
1513 4724 1606 4796 Quod
1622 4724 1651 4787 si
1667 4740 1737 4786 non
1752 4741 1829 4787 om-

1030 4836 1100 4892 ues,
1115 4821 1190 4892 616,
1207 4819 1273 4882 166
1285 4821 1643 4893 16611611,616.Ι)11611
1650 4822 1829 4886 Ferentini
1948 4878 1949 4913 ,

1948 4950 1949 5019 l

1945 5088 1948 5235 l

1030 4975 1094 5018 eum
1110 4959 1248 5034 potiorem
1264 4967 1442 5033 pretoresse
1457 4959 1539 5033 J'ubet
1556 4961 1615 5034 qui,
1641 4976 1677 5019 eo
1698 4969 1829 5036 tempore
1875 5020 1880 5029 ,

1029 5047 1085 5104 quo
1099 5030 1279 5089 interdIctnm
1294 5030 1427 5099 redditur,
1441 5046 1495 5089 nec
1513 5033 1552 5100 vl,
1573 5047 1628 5089 nec
1655 5033 1744 5101 61116,
1775 5049 1831 5091 nec

1050 5101 1158 5159 recario
1170 5102 1206 5159 ab
1221 5101 1384 5159 adversario
1407 5101 1543 5175 possidet.
1567 5102 1655 5175 Cujus
1683 5103 1829 5161 interdicti

1029 5119 1091 5230 Iac
1106 5172 1225 5230 formula
1240 5181 1283 5230 est
1299 5190 1306 5230 :
1324 5175 1368 5232 Uti
1391 5187 1467 5231 nono
1487 5172 1649 5245 possidetis,
1668 5175 1825 5246 quominus

1029 5244 1066 5301 ita
1082 5242 1261 5316 possideatis,
1278 5244 1335 5299 vim
1357 5244 1419 5301 tisri
1435 5250 1510 5300 veto.
1534 5243 1626 5311 Unde,
1640 5258 1729 5315 quum
1744 5260 1830 5302 cano·

1029 5314 1085 5370 6161
1099 5312 1229 5371 dicantur
1250 5329 1440 5387 possessores,
1464 5314 1589 5387 ineptae
1611 5324 1758 5372 conremu
1778 5315 1830 5373 luit

1030 5383 1205 5457 propositum
1231 5384 1421 5453 interdictum,
1441 5384 1522 5458 cujus
1540 5384 1644 5442 6116616
1671 5388 1825 5443 oenomao

1030 5470 1090 5512 rum
1103 5456 1245 5527 possessio
1259 5454 1530 5513 multimammiam
1545 5456 1654 5512 nullum
1663 5455 1824 5513 remedium

1029 5523 1081 5582 luit
1096 5526 1150 5583 nisi
1165 5540 1215 5598 per
1229 5527 1433 5582 restitutionem
1446 5525 1477 5581 is
1498 5526 1556 5581 tots
1612 5541 1650 5595 11,
1665 5524 1703 5583 16
1725 5540 1780 5598 qua
1791 5527 1825 5585 V.

1030 5596 1125 5663 06111.
1143 5597 1273 5668 Compit,
1286 5605 1355 5654 tom.
1373 5599 1394 5665 1,
1405 5596 1458 5653 ool.
1477 5596 1536 5665 lea,
1602 5639 1608 5651 .
