3982 6196
260 279 319 337 Zeti
879 275 1053 336 llONORll
1075 276 1119 335 lll
1141 278 1289 339 OPERA.
1853 285 1912 346 524

261 438 403 505 matum,
432 436 499 509 vix,
525 438 583 497 aut
613 451 781 513 nunqnam
807 434 917 497 valeat
941 434 1052 497 66166-
1107 435 1350 513 suseeptionem
1376 438 1591 517 praesentium
1620 438 1717 502 ambo
1747 456 1912 516 persona-

259 535 356 604 mari,
380 534 445 595 nisi
462 533 595 611 quidam
614 534 720 609 ipsius
742 533 895 595 canonici
915 548 1053 612 prorsus
1107 533 1184 595 liter
1197 534 1368 610 arripiatis
1383 536 1446 597 iter
1467 535 1509 596 ad
1524 538 1672 599 nostram
1692 540 1911 614 praesentiam

260 631 362 693 amoti
383 630 507 693 inerint
528 630 570 691 ab
585 630 711 702 eodem,
735 630 910 692 amovendi
931 646 990 691 eos
1012 629 1054 693 ab
1106 631 1278 703 veniendi,
1304 632 1338 693 et
1366 635 1536 710 arreptum
1564 636 1815 712 prosequamini
1838 639 1911 697 sine

261 728 344 804 ipso,
374 730 407 789 et
442 727 627 789 collocandi
661 727 812 805 singulos
847 728 884 791 in
912 727 1054 803 singulis
1108 728 1241 803 frande;
1258 730 1400 791 scientes
1416 731 1553 808 nosipsi
1568 733 1682 795 comiti
1696 733 1911 795 mandavisse

259 825 471 886 monasteriis
506 826 688 899 canonicis,
726 827 988 888 commoraturos
1017 826 1054 886 in
1108 828 1143 887 ut
1158 830 1389 904 procuratores
1404 827 1542 889 idoneos
1563 844 1624 905 pro
1639 831 1810 899 semittat‚
1826 847 1911 906 qua·

259 923 340 1001 ipsis
364 938 535 1001 quousque
565 923 653 984 idem
675 925 914 987 monasterium
941 924 1054 985 asnis
1107 924 1216 996 tenus,
1242 924 1431 1002 hujusmodi
1452 927 1635 1002 quastione
1661 927 1792 1003 sopita,
1817 929 1909 988 illius

259 1020 412 1081 videatur
438 1021 681 1083 calamitatibus
705 1022 900 1098 respirasse,
925 1037 1054 1082 necnon
1107 1024 1206 1083 terrae
1221 1023 1320 1085 statui
1336 1023 1510 1100 providere
1527 1039 1602 1084 cum
1625 1028 1739 1085 vestro
1767 1026 1908 1087 consilio

259 1117 450 1179 assumendi
470 1119 510 1179 de
524 1119 600 1180 aliis
623 1119 834 1182 monasteriis
853 1119 905 1180 sui
928 1117 1055 1180 ordinis
1108 1121 1289 1182 valeamus.
1304 1123 1421 1184 Datum
1440 1123 1608 1195 Laterani,
1630 1126 1661 1187 X
1676 1124 1745 1184 lial.
1767 1140 1907 1185 novem-

259 1216 389 1293 aliqnos
413 1217 552 1279 scientia
572 1219 606 1279 et
625 1218 787 1293 religione
813 1217 986 1295 pollentes,
1015 1231 1056 1278 ac
1108 1218 1188 1292 bris,
1206 1234 1294 1281 anno
1308 1220 1465 1282 6666616.

260 1315 403 1390 6666611
427 1331 486 1379 666
512 1316 547 1377 16
571 1317 774 1378 monasterio
801 1316 994 1393 saepedicto,
1020 1316 1056 1377 nt

260 1412 344 1473 alios
359 1412 461 1474 verbo
476 1415 508 1476 61
522 1413 674 1491 exemplo
689 1413 869 1475 informent
882 1412 924 1475 ad
941 1411 1056 1474 obser-
1422 1408 1588 1495 XLVIII

1148 1561 1200 1619 Ad
1213 1559 1462 1627 bertrandam,
1477 1561 1536 1620 SS.
1551 1562 1698 1621 1666616
1717 1561 1753 1622 61
1768 1565 1870 1623 Pauli

1307 1658 1415 1728 cord,
1433 1658 1473 1717 A.
1489 1659 1524 1718 S.
1545 1658 1707 1734 16661666.

1408 1786 1443 1844 23
1454 1794 1510 1844 oct.
1525 1788 1604 1846 latr.

1110 1908 1150 1973 [ll.
1169 1910 1295 1975 bouquet,
1311 1910 1415 1961 11666611
1431 1909 1475 1960 des
1488 1910 1548 1963 bist.
1568 1915 1588 1961 t.
1605 1911 1673 1969 XIX,
1686 1927 1714 1976 p.
1727 1911 1793 1971 cau
1814 1914 1907 1977 1166661.

1387 1990 1433 2041 lib.
1450 1991 1483 2053 ll,
1495 2006 1536 2056 ep.
1554 1991 1624 2056 191.)

1109 2107 1264 2181 aragone
1282 2121 1353 2180 rege
1366 2114 1395 2165 et
1406 2114 1490 2164 terre
1510 2107 1587 2165 illins
1602 2106 1748 2166 nobilibus
1762 2109 1906 2166 Simonem

1145 2196 1181 2255 16
1192 2196 1354 2255 llontelorti
1368 2196 1442 2253 bello
1459 2197 1666 2253 lacessentibus
1681 2205 1801 2270 propter
1811 2212 1907 2255 necem

1145 2288 1223 2360 rogis
1248 2287 1339 2354 Petri,
1360 2283 1477 2342 mandat
1497 2283 1626 2343 Pontifex
1647 2293 1679 2342 nt
1700 2300 1802 2344 eornm
1822 2294 1908 2343 terras

1144 2377 1258 2449 legatus
1278 2374 1429 2433 interdicto
1441 2374 1583 2446 subjiciat,
1599 2388 1636 2431 ex
1655 2373 1773 2431 decreto
1787 2376 1817 2431 iu
1835 2376 1904 2433 Con·

1145 2463 1211 2519 61116
1229 2461 1358 2535 generali
1378 2461 1447 2530 lato,
1470 2460 1602 2533 61616661
1623 2460 1668 2517 vel
1687 2461 1842 2518 armistitio
1860 2475 1905 2517 ac·

1119 2568 1126 2580 ·
1145 2551 1303 2623 quiescant.

259 1511 407 1572 varitiam
420 1511 608 1586 regularem
619 1512 870 1589 praeceptorum,
886 1510 1056 1573 licentiam

257 1606 317 1668 tibi
333 1610 515 1671 concedere
535 1609 771 1685 dignaremur3
793 1626 853 1671 nos
875 1608 978 1684 igitur
995 1623 1057 1683 ge·

259 1708 379 1767 rentes·
398 1707 438 1767 de
459 1709 571 1769 vestra
597 1707 894 1783 circumspectione
918 1721 957 1767 ac
980 1720 1055 1766 mo·

259 1802 365 1865 destia
381 1804 536 1865 fiduciam
555 1804 750 1883 pleniorem,
767 1802 960 1865 discretioni
979 1818 1057 1863 ves-

258 1902 331 1972 trae,
369 1917 429 1977 per
463 1901 653 1981 apostolica
685 1901 810 1979 scripta
841 1900 1054 1970 mandamus,

258 2000 433 2074 quatenus,
450 1999 627 2059 dummodo
641 1999 830 2075 exemplum
846 1998 1055 2060 666611166-

258 2095 442 2159 nasterinm
465 2097 699 2168 memoratum,
725 2096 926 2173 supradicta,
952 2098 1056 2156 Deum

258 2192 418 2255 babentes
428 2210 495 2270 prae
504 2194 620 2267 oculte,
629 2193 1058 2273 exsequaminiproutvide

259 2290 333 2350 ritis
346 2291 514 2367 expedire.
529 2291 796 2354 contradictores
808 2292 835 2352 si
850 2291 907 2368 qui
919 2289 1054 2361 inerint,

257 2387 311 2446 vel
331 2387 484 2460 rebelles,
509 2405 569 2465 per
594 2405 770 2451 censuram
794 2387 1056 2450 ecclesiasticam

259 2484 483 2561 appellatione
497 2488 680 2563 postposita
696 2486 946 2565 compescendo.
964 2486 1056 2559 Quod

258 2582 286 2641 si
309 2598 374 2642 non
391 2599 505 2644 omnes
520 2583 562 2645 iis
583 2585 804 2660 exsequendis
819 2585 981 2646 interesse
995 2599 1057 2660 po-

258 2680 519 2755 tueritistnea,
538 2680 823 2759 fraterepiscope,
844 2698 919 2744 cum
941 2696 1057 2742 eornm
1150 2676 1317 2737 Honorius
1351 2674 1577 2753 episcopus...
1611 2673 1734 2735 dilecto
1770 2674 1842 2735 lilio
1871 2677 1904 2735 la

258 2777 814 2858 alteronibilominnsexsequaris.
827 2779 1058 2843 1616661616-
1112 2776 1308 2836 Sanctorum
1333 2771 1471 2835 Joannis
1493 2772 1527 2832 et
1549 2770 1647 2831 Pauli
1668 2771 1781 2848 presb.
1804 2771 1904 2841 card,

260 2874 334 2935 rani
357 2875 475 2937 decino
495 2877 657 2939 kalendas
676 2876 867 2941 novembris
891 2892 978 2941 anno
1003 2891 1057 2937 se-
1110 2876 1147 2933 A.
1167 2874 1200 2932 S.
1217 2871 1338 2947 legato,
1354 2869 1507 2940 salutem,
1525 2870 1587 2930 etc.

259 2972 378 3033 cande.

587 3093 733 3180 XLVII

320 3244 371 3303 Ad
384 3242 644 3303 Narbonensem
659 3245 954 3318 archiepiscopum
966 3244 1000 3304 et

434 3342 649 3401 ’1166666666
665 3344 881 3417 6616666666.

562 3462 662 3521 11661.
675 3463 754 3520 llll.

292 3576 430 3640 [bouquet.
448 3576 549 3628 ltecneil
565 3576 610 3627 des
621 3577 681 3629 bist
698 3582 719 3627 t.
731 3577 798 3635 xlx,
810 3591 835 3641 p.
843 3575 890 3628 137
901 3591 908 3636 ;
925 3579 1026 3641 Repest.

546 3656 591 3708 lib.
606 3657 638 3716 ll,
653 3671 693 3722 ep.
703 3657 771 3719 aaa]

261 3763 430 3835 Quanquam
449 3764 562 3836 legatus
583 3763 755 3836 apostoliens
769 3779 841 3836 qnae
852 3762 978 3822 habeant
991 3779 1057 3823 cum

296 3853 413 3910 Simone
424 3852 460 3909 de
473 3851 633 3912 llontelorti
654 3854 865 3911 controversias
877 3854 1058 3911 commodius

295 3940 429 3999 dirimere
452 3942 583 4013 potnerit,
603 3943 669 4013 qula
688 3949 784 4001 tamen
804 3941 840 3999 61
863 3943 897 4000 a.
918 3944 951 4000 ld.
974 3940 1058 4000 luerit

296 4037 491 4102 provocatum,
509 4030 627 4088 mandat
648 4032 791 4088 llonorine
805 4039 835 4087 nt
849 4031 975 4106 66166661
999 4034 1055 4091 lto·

295 4131 372 4173 mam
391 4118 447 4190 ipsi
458 4118 576 4175 veniant
589 4132 728 4175 coramse
739 4115 1020 4176 cansamdelensnri.

299 4234 467 4296 Honorius
486 4234 710 4310 episcopus...‚
727 4234 973 4295 venerabilibus
988 4236 1059 4297 lba-

258 4332 365 4393 tribns
379 4328 590 4391 Narbonensi
600 4330 854 4407 archiepiscopo
867 4330 917 4410 (6)
929 4332 961 4393 61
973 4333 1058 4408 epis·

259 4444 342 4506 copo
359 4427 513 4489 Elenensi
529 4426 588 4506 (b),
605 4428 667 4488 etc.

1151 2970 1231 3029 Cum
1246 2968 1387 3029 dilectus
1398 2966 1486 3026 illius
1494 2966 1616 3028 nobilis
1627 2966 1680 3026 vir
1691 2968 1725 3027 S.
1733 2964 1782 3045 (e)
1798 2982 1904 3028 comes

1111 3064 1593 3133 Montislortis,admandatnm
1604 3064 1805 3141 apostolica
1816 3064 1905 3126 Sedis

1106 3166 1205 3242 juxta
1229 3178 1350 3225 nomen
1379 3179 1476 3224 sunm
1502 3161 1670 3233 obediens,
1691 3163 1820 3223 terram
1841 3178 1903 3223 snae

1111 3261 1294 3323 nativitatis
1316 3259 1458 3321 exiverit
1478 3262 1513 3321 et
1534 3260 1714 3321 accesserit
1732 3260 1775 3321 ad
1799 3263 1905 3337 partas

1111 3357 1297 3419 Provinciae
1312 3372 1372 3434 pro
1384 3356 1638 3419 exterminanda
1655 3356 1818 3418 heretica
1833 3372 1906 3434 pra-

1110 3453 1902 3532 vitatequaeterramillaminieceratuniversam

1111 3569 1150 3613 ac
1178 3568 1238 3629 per
1261 3554 1332 3628 ejus
1358 3552 1581 3612 ministerium
1605 3551 1710 3613 multa
1738 3550 1841 3613 inerit
1862 3550 1903 3612 ibi

1111 3651 1269 3712 Dominus
1284 3651 1351 3711 tam
1370 3649 1568 3713 mirabiliter
1594 3665 1692 3726 quam
1717 3649 1905 3711 misericor·

1111 3748 1197 3810 diter
1215 3749 1383 3824 operatus,
1412 3762 1512 3808 arcus
1526 3746 1660 3808 fortium
1676 3747 1863 3823 superando
1874 3749 1903 3806 et

1111 3862 1168 3907 eos
1198 3844 1401 3920 accingendo
1427 3843 1546 3907 robore
1574 3844 1631 3920 qni
1665 3843 1903 3905 1611666116-

1110 3943 1248 4018 bantur,
1265 3942 1426 4003 miramur
1437 3957 1502 4019 qno
1516 3926 1775 4018 consilioquave
1789 3940 1902 4002 fidncia

1111 4040 1305 4102 carissimus
1323 4040 1360 4099 in
1379 4039 1511 4100 Christo
1532 4038 1622 4098 111166
1639 4041 1756 4099 noster
1770 4038 1902 4099 illiniris

1111 4134 1431 4215 rexAragonnmlf)
1441 4151 1481 4198 ac
1492 4135 1639 4196 universi
1654 4135 1785 4197 nobiles
1798 4136 1902 4196 fideles

1111 4235 1163 4294 sui
1174 4249 1233 4311 per
1243 4235 1446 4309 aragoniam
1455 4233 1487 4294 et
1499 4231 1901 4295 Gatbaloniamconstitnti

1111 4330 1289 4406 disponunt
1302 4345 1368 4391 non
1379 4329 1467 4392 dicto
1478 4329 1601 4402 comiti,
1615 4329 1672 4390 sed
1683 4330 1758 4406 ipso
1771 4330 1900 4391 Domino

1111 4427 1318 4489 exercituum
1346 4427 1534 4497 rebellare,
1562 4428 1768 4503 apponentes
1803 4429 1899 4505 ipsum

299 4527 392 4589 Licet
419 4525 618 4602 quaestiones
649 4524 793 4587 subortae
819 4525 991 4587 intervos
1025 4527 1058 4588 et
1111 4525 1174 4586 sibi
1198 4525 1402 4585 contrarium
1416 4524 1449 4585 et
1472 4540 1508 4585 66
1531 4523 1607 4601 1661,
1633 4527 1730 4600 cujus
1753 4525 1900 4586 resistere

258 4623 402 4685 nobilem
420 4623 530 4684 virum
554 4624 587 4683 S.
605 4619 652 4701 (6)
667 4622 821 4685 comitem
838 4622 1056 4685 Montislortis
1111 4621 1265 4701 potentiae
1277 4636 1374 4682 nemo
1390 4620 1506 4697 potest,
1521 4636 1560 4681 66
1573 4620 1731 4682 Ecclesiae
1751 4624 1899 4683 Romana

258 4737 317 4801 per
341 4721 496 4782 dilectum
525 4718 630 4781 tilium
658 4722 807 4781 nostrum
834 4722 871 4781 Β.
889 4718 938 4800 (d)
968 4720 1056 4782 tituli
1110 4719 1331 4781 reverentiam
1358 4717 1603 4794 posthabentes,
1630 4716 1708 4777 dum
1733 4717 1799 4795 ipsi
1818 4714 1899 4778 sead

258 4821 447 4880 sanctornm
471 4818 611 4881 loannis
638 4819 672 4879 et
693 4817 790 4879 Pauli
814 4817 922 4896 presb.
951 4818 1058 4898 card,
1110 4818 1283 4894 praelatum
1306 4816 1459 4876 comitem
1491 4814 1755 4891 impugnandum
1792 4815 1899 4876 accin-

257 4920 295 4976 A.
314 4918 346 4976 S.
364 4917 518 4992 legatum,
534 4914 749 4987 commodius,
766 4916 802 4977 nt
815 4914 970 4991 arbitror,
996 4931 1058 4993 po-
1109 4916 1202 4989 gnnt,
1226 4930 1323 4992 quem
1348 4912 1383 4972 in
1407 4911 1558 4990 partibus
1572 4912 1641 4972 illis
1657 4928 1733 4973 esse
1747 4912 1790 4974 de
1803 4913 1899 4989 ipsius

257 5012 383 5075 tuerint
413 5013 539 5090 judicio
571 5013 623 5074 vel
657 5013 834 5075 concordia
860 5013 1054 5089 terminari;
1110 5012 1266 5073 Ecclesiae
1288 5013 1446 5073 Romanae
1462 5009 1618 5072 mandato
1632 5025 1672 5071 ac
1687 5008 1749 5070 sub
1771 5006 1900 5087 speciali

258 5110 335 5187 qnia
345 5112 456 5171 161666
467 5126 527 5186 pro
537 5111 580 5171 iis
593 5112 643 5171 est
653 5111 694 5173 ad
707 5111 824 5171 Sedem
832 5111 1055 5188 apostolicam
1109 5113 1181 5186 ejus
1196 5109 1401 5187 protectione
1411 5108 1594 5169 consistere
1609 5106 1899 5182 coarguebantur

257 5209 492 5285 provocatum,
516 5223 576 5283 per
601 5208 783 5284 apostolica
809 5208 904 5269 vobis
931 5208 1055 5284 scripta
1110 5204 1539 5282 impedientesininjnriam
1550 5201 1709 5262 crncifixi
1724 5201 1900 5262 subsidium

257 5304 451 5369 mandamus
464 5304 497 5365 et
510 5304 546 5363 in
561 5304 683 5366 virtute
696 5305 893 5367 obedientia
907 5305 1055 5367 districte
1108 5305 1220 5363 Terrae
1259 5303 1414 5371 Sanctae,
1444 5300 1632 5376 contempta
1672 5298 1900 5360 constitutione

257 5403 478 5479 praecipimus,
493 5401 654 5483 qnatenus
664 5401 752 5463 inira
765 5402 884 5479 viginti
897 5402 967 5465 dies
981 5404 1056 5479 post
1109 5399 1247 5460 Consilii
1261 5397 1439 5475 generalis,
1454 5412 1519 5473 qua
1534 5395 1725 5474 specialiter
1741 5397 1899 5473 6666166-

257 5607 280 5655 u
283 5529 479 5657 Quinam
502 5531 542 5606 (1)
553 5532 677 5593 tlaltero.
701 5532 738 5605 (c)
752 5533 907 5593 Simonem.
930 5532 971 5606 (d)
985 5534 1052 5591 Ber·
1144 5530 1182 5603 (a)
1203 5531 1311 5588 Simon.
1351 5526 1543 5603 (manebus.
