3900 6202
183 345 239 407 loe

175 500 368 579 pellationIs
382 501 567 580 obstacula,
586 507 836 585 compescendo.
859 509 978 570 Datum

175 597 349 671 Laterani,
377 601 456 661 XIX
474 600 635 664 kalendas
656 602 828 679 februarii,
839 604 976 682 pontiti-

173 693 271 757 catus
283 696 391 760 nostri
406 713 496 760 9999
508 698 627 777 primo.

474 946 695 1089 9111111

174 1150 226 1208 Ad
238 1149 415 1220 decertum,
431 1152 643 1227 saepserant
652 1155 848 1215 Simeonem
860 1157 977 1216 archi-

213 1248 416 1318 diaeoaum,
445 1248 480 1310 et
507 1251 699 1311 Gatcloaem
724 1253 765 1312 de
785 1252 976 1326 Campania

214 1345 421 1404 canonicam
433 1346 611 1408 Aurelian.

473 1457 507 1515 lo
523 1457 585 1528 jen.
603 1459 683 1518 lati.

208 1577 331 1642 thegen,
341 1577 387 1629 lib.
402 1579 422 1640 1,
432 1579 506 1644 epist.
520 1580 576 1639 lai,
589 1581 647 1632 hias.
660 1582 697 1633 La
710 1582 786 1634 Porto
800 1582 835 1634 du
848 1583 942 1648 Theti]

176 1735 300 1805 1199191,
319 1745 352 1794 91
374 1747 512 1796 moneant
540 1740 818 1815 archipresbyterum
844 1743 970 1815 919991-

208 1824 592 1887 911919999199119Β11911999,
606 1835 638 1886 91
650 1830 972 1904 megisuumhndreem

207 1913 378 1987 scriptorem
390 1916 476 1987 Papae
488 1914 648 1974 admittant.

213 2056 393 2139 Honorius,
411 2067 491 2141 919,
507 2067 637 2130 dilectis
650 2068 730 2129 tiliis
745 2069 882 2143 decano,
899 2086 972 2133 ma-

175 2162 279 2238 gistro
304 2163 451 2225 simeoni
476 2164 722 2239 archidiacano,
746 2167 778 2228 et
799 2167 904 2230 Guido
931 2168 970 2229 de

175 2260 356 2336 Campania
371 2261 532 2323 canonico
546 2263 760 2324 aurelianen.

214 2358 291 2419 Non
317 2357 425 2419 solum
451 2374 472 2419 a
494 2359 573 2421 nota
588 2359 832 2433 inobedientiae,
854 2377 970 2439 verum

176 2454 275 2516 etiam
293 2453 337 2515 ab
357 2454 606 2530 ingratitudinis
620 2457 701 2521 vitio
717 2459 885 2534 nequeunt
903 2474 967 2521 ex-

175 2551 298 2624 cusari,
315 2551 372 2629 qui
389 2552 579 2615 mandatum
595 2554 813 2629 apostolicum
827 2571 887 2631 pro
901 2555 969 2617 11119

176 2647 241 2708 9111
252 2650 443 2725 porrectum
462 2650 519 2726 qai
529 2651 719 2712 eorumdem
732 2652 882 2714 ecclesiae
895 2668 969 2713 nos-

176 2746 295 2806 cuntur
306 2745 433 2808 utiliter
446 2745 642 2819 deservisse,
657 2748 872 2825 9919999991
887 2765 967 2826 per-

172 2842 344 2904 99919999
356 2843 466 2904 minus
478 2844 586 2920 potest
596 2844 757 2918 ecclesiae,
775 2861 873 2922 quam
886 2846 968 2923 ipsis

170 2937 214 3000 91
241 2938 384 3001 99919919
412 2940 599 3017 provideri,
629 2943 861 3019 pertranseunt
886 2959 967 3005 9999

174 3034 273 3097 99919
297 3035 340 3097 91
361 3036 448 3114 quod
469 3037 623 3099 celeriter
638 3040 885 3117 exsequendum
900 3056 966 3102 non

173 3132 239 3194 tam
253 3132 452 3196 obedieutiae
466 3135 552 3211 quod
565 3135 758 3198 holocausto
773 3136 964 3215 praesertum

172 3229 229 3290 sed
243 3230 277 3292 91
289 3231 364 3308 1999
376 3230 533 3295 19199991
547 3232 655 3295 191119
670 3234 897 3296 retributionis
914 3236 968 3296 in·

172 3324 258 3399 duci,
274 3344 318 3390 ne
341 3327 429 3405 apud
440 3328 517 3391 illos
527 3330 641 3392 contra
654 3331 802 3392 divinum
817 3347 967 3410 9999999-

173 3422 240 3484 199
250 3440 379 3487 merces
386 3427 585 3488 mercenarii
595 3428 792 3490 remaneret
808 3430 895 3490 Sane
905 3445 964 3506 pro

172 3518 288 3583 dilecto
304 3521 374 3584 tilio
388 3522 548 3599 magistro
559 3523 692 3586 Andrea
705 3526 865 3602 scriptore
880 3542 963 3587 nos-

172 3615 231 3691 tro,
247 3618 305 3695 qui
320 3618 445 3682 diutius
460 3619 495 3681 iu
509 3621 646 3684 servitio
659 3622 840 3684 Bituricen.
857 3622 966 3685 eccle-

170 3714 228 3776 sta
239 3715 385 3779 fideliter
394 3717 571 3791 insudavit,
584 3716 774 3794 frequenter
789 3734 849 3796 pro
859 3719 964 3796 ipsius

171 3812 310 3887 negotiis
327 3814 503 3877 adsedem
521 3814 743 3891 Apostolieam
763 3816 823 3878 sub
843 3832 963 3893 magno

170 3906 362 3974 discrimine
399 3911 600 3987 laborando;
643 3913 827 3975 venerabili
866 3915 962 3977 199191

170 4007 281 4070 nostro
306 4008 569 4086 archiepiscope,
599 4009 632 4071 91
658 4010 787 4073 dilectis
807 4012 962 4075 11111919-

168 4124 251 4171 cano
274 4108 308 4170 91
326 4106 634 4184 capituloejusdem
656 4107 805 4170 ecclesiae
828 4125 963 4187 precum

168 4208 357 4269 nostrarum
378 4203 543 4280 primitias
573 4204 795 4289 porrigentes,
831 4206 962 4269 dedisse

168 4304 346 4365 recolimus
360 4302 396 4361 iu
406 4299 584 4373 mendatis,
599 4301 635 4363 ut
646 4300 678 4361 91
689 4301 729 4362 91
742 4304 962 4364 reverentiam

167 4399 365 4477 apostolica
379 4397 474 4459 Sedis
487 4398 519 4458 et
529 4398 686 4469 nostram,
703 4398 736 4459 et
753 4397 876 4460 intuitu
889 4415 962 4461 ser-

167 4497 248 4569 vitii,
260 4513 302 4558 99
310 4494 607 4574 999111919199199,
619 4493 829 4571 praebendam
842 4512 915 4572 quaa
925 4498 961 4558 in

166 4609 279 4655 eorum
290 4591 538 4655 vacatecclesia
547 4591 729 4653 liberaliter
740 4592 959 4668 assignantes,

164 4690 317 4768 ipsumin
326 4689 506 4752 1991991191
518 4688 909 4766 canonicumreciperent
919 4691 960 4752 91

165 4789 327 4860 eamdem,
345 4786 475 4847 dilectis
488 4784 566 4845 filiis
578 4784 689 4862 priore
700 4786 806 4847 sancti
823 4786 962 4849 Austra-

164 4884 404 4959 gisili,Graten.
414 4882 448 4947 et
459 4881 958 4945 deBusentiacoetdeEroldun.

164 4979 463 5059 archipresbyteris
490 4979 555 5043 9111
579 4978 797 5042 monitoribus
817 4979 959 5057 deputa·-

164 5078 214 5141 119.
231 5079 297 5142 Sed
312 5078 401 5142 sicut
414 5094 458 5139 ex
471 5076 660 5139 eorumdem
674 5073 795 5152 prioris
810 5077 961 5138 9199911-

163 5175 348 5254 presbyteri
377 5172 583 5235 Exoldunen.
612 5173 797 5251 recepimus
825 5173 956 5247 litteris,

163 5275 226 5351 ipsi
252 5271 373 5335 moniti
402 5271 444 5333 ab
463 5270 598 5343 eisdem,
615 5287 690 5333 cum
713 5271 832 5334 1991199
856 5272 897 5333 91
925 5272 959 5333 11

161 5370 352 5449 nequiverit
364 5369 537 5440 interesse,
554 5369 632 5432 licet
648 5369 755 5431 dictus
774 5369 959 5445 999119919-

163 5482 264 5546 copus
276 5467 311 5529 et
323 5466 536 5544 quamplures
549 5466 589 5527 de
600 5466 744 5544 capitulo
755 5481 869 5542 preces
880 5482 959 5528 nos-

161 5565 239 5638 tras,
256 5566 328 5627 tum
351 5564 430 5641 quia
444 5563 541 5626 erunt
553 5564 679 5641 prima,
701 5565 770 5625 tum
783 5564 861 5641 qnia
879 5579 960 5640 por-

163 5664 259 5727 recta
285 5661 420 5725 1999991
434 5677 493 5739 999
508 5660 581 5723 viro
595 5660 732 5739 provido
754 5661 786 5725 et
804 5661 954 5734 honesto,

817 350 1046 412 EPISTOLAE.
1069 350 1147 411 LIB.
1171 351 1197 413 1.

1771 356 1830 417 170

1033 508 1086 571 cul
1104 524 1225 586 magna
1242 524 1320 586 pars
1341 508 1478 586 capituli
1493 508 1661 574 laudabile
1676 512 1828 577 19911919-

1032 606 1125 667 nium
1147 605 1331 683 perhibeat,
1354 608 1570 669 asseruerunt
1591 608 1825 682 admittendas,

1032 703 1110 780 quia
1136 706 1245 765 tamen
1262 703 1396 781 quidam
1420 719 1535 765 eorum
1555 721 1651 767 suum
1666 709 1827 784 prestare

1032 800 1211 862 noluerunt
1224 816 1409 873 assensum,
1425 803 1614 864 asserentes
1626 802 1733 880 ipsum
1744 805 1826 869 alibi

1032 897 1826 973 ecclesiasticumbeneticiumobtinere,nostrum

1030 995 1209 1072 neglexere
1242 996 1434 1057 mandatum
1461 995 1593 1059 91199191
1621 1000 1822 1077 1999919999.

1031 1095 1111 1155 Cum
1131 1109 1210 1170 ergo
1237 1094 1324 1171 quod
1345 1094 1386 1156 19
1403 1093 1476 1171 1999
1502 1095 1663 1171 magistro
1683 1097 1825 1176 1991991-

1030 1207 1114 1263 mus,
1140 1192 1295 1253 nolumus
1324 1192 1513 1269 relinquere
1539 1195 1763 1271 inexpletum,
1792 1197 1825 1257 91

1029 1287 1239 1366 praebendam
1255 1305 1353 1366 quam
1372 1290 1574 1353 venerabilis
1593 1291 1696 1354 irater
1709 1293 1824 1356 noster

1028 1386 1179 1448 anicien.
1202 1387 1377 1464 episcopus
1396 1387 1430 1449 in
1449 1388 1522 1466 ipsa
1537 1389 1679 1451 ecclesia
1693 1390 1820 1465 hahuit,
1909 1404 1915 1411 ·

1030 1498 1104 1559 qum
1128 1485 1202 1561 post
1221 1485 1350 1561 tempus
1379 1486 1640 1548 consecrationis
1663 1487 1780 1565 ipsius,
1801 1504 1822 1556 a

1028 1595 1093 1657 qua
1106 1596 1214 1641 annus
1229 1582 1263 1643 et
1276 1582 1417 1659 amplius
1427 1585 1496 1660 jam
1511 1583 1652 1656 91191111,
1673 1585 1822 1646 99991199

1026 1677 1213 1749 vacavisse,
1231 1677 1265 1738 19
1280 1679 1396 1740 eadem
1410 1680 1496 1741 sicut
1510 1681 1698 1758 accepimus
1713 1682 1822 1743 adhuc

1027 1774 1142 1843 vacet,
1180 1773 1374 1838 discretioni
1400 1778 1520 1838 vestrae
1546 1793 1606 1854 per
1632 1778 1822 1855 1999191199

1026 1870 1150 1948 9991919
1178 1873 1401 1950 praecipiendo
1427 1874 1634 1946 mandamus,
1659 1876 1820 1952 quatenus

1026 1967 1131 2030 dictos
1158 1968 1481 2048 archipresbyterum
1512 1972 1544 2034 91
1575 1972 1756 2048 9991191991
1784 1974 1822 2033 91

1025 2063 1114 2126 inira
1127 2066 1315 2143 quindecim
1325 2067 1396 2129 dies
1411 2068 1451 2128 ad
1463 2068 1655 2145 praedictam
1667 2068 1821 2146 praeben·
1864 2144 1868 2151 Ι

1025 2160 1100 2223 dam
1119 2164 1293 2226 vacantem
1308 2163 1342 2224 in
1357 2164 1495 2226 fratrem
1510 2167 1543 2227 91
1554 2167 1752 2227 canonicum
1771 2166 1817 2226 li-

1023 2259 1184 2321 beraliter
1211 2260 1385 2323 admittant
1410 2262 1572 2335 eumdem,
1600 2260 1751 2325 iaciendo
1778 2262 1818 2325 de

1024 2357 1222 2419 necessitate
1249 2357 1426 2431 virtutem,
1456 2359 1614 2420 attentius
1641 2360 1816 2422 moneatis.

1023 2453 1179 2531 Alioquin
1213 2471 1256 2516 ex
1292 2455 1372 2517 tunc
1399 2455 1508 2532 ipsam
1531 2456 1596 2517 sibi
1618 2457 1817 2520 auctoritate

1024 2550 1148 2623 nostra,
1163 2551 1292 2613 sublato
1312 2552 1488 2630 cujuslibet
1501 2554 1773 2616 contradictionis
1785 2555 1819 2617 et

1023 2648 1255 2724 appellationis
1268 2648 1452 2720 obstaculo,
1465 2648 1656 2711 conteratis.
1671 2652 1814 2712 Facien-

1021 2744 1072 2805 tes
1084 2743 1192 2806 eidem
1201 2745 1254 2807 vel
1262 2748 1334 2823 ejus
1348 2746 1669 2823 procuratoriipsius
1682 2747 1816 2810 nomine

1022 2841 1156 2903 stallum
1176 2842 1212 2903 19
1227 2843 1328 2904 choro
1342 2843 1375 2905 et
1389 2843 1498 2904 locum
1512 2843 1549 2904 in
1564 2844 1710 2920 capitulo
1725 2845 1816 2906 assi-

1021 2939 1129 3017 gnari.
1157 2939 1434 3013 contradictores,
1463 2940 1493 3000 si
1528 2941 1584 3018 qui
1606 2940 1740 3015 luerint,
1761 2942 1814 3005 vel

1020 3036 1163 3099 rebelles
1183 3053 1244 3115 per
1264 3038 1724 3112 censuramecclesiasticam,
1754 3055 1815 3116 ap-

1022 3135 1199 3211 pellatione
1220 3135 1413 3212 postposita,
1438 3136 1695 3214 compescentes.
1723 3136 1815 3208 Quod

1021 3231 1051 3292 si
1062 3247 1128 3292 non
1144 3247 1268 3305 omnes,
1282 3233 1359 3307 919,
1375 3233 1603 3306 duovestrum,
1616 3233 1678 3295 etc.
1695 3233 1814 3295 Datum

1020 3330 1188 3398 Laterani,
1207 3330 1314 3392 XVIII
1332 3330 1494 3392 kalendas
1509 3330 1680 3405 februarii,
1703 3331 1814 3408 ponti-

1020 3425 1137 3488 ficatus
1151 3426 1258 3489 nostri
1270 3442 1360 3489 anno
1371 3427 1491 3504 primo.

1298 3683 1530 3772 CXXXVIII

1017 3884 1273 3961 Adeptscapem
1284 3884 1808 3961 919991111991111991191999999.

1313 3996 1418 4070 lojan.
1433 3997 1513 4056 1217.

1056 4120 1167 4185 [degeat.
1178 4119 1222 4171 lib.
1235 4120 1254 4180 1,
1268 4119 1343 4185 epist.
1357 4120 1411 4171 let.
1427 4122 1483 4173 llss.
1497 4121 1533 4173 La
1544 4122 1618 4173 Parte
1628 4120 1663 4172 du
1675 4122 1770 4188 11911]

1064 4261 1108 4320 hd
1120 4261 1264 4334 exemplar
1278 4263 1436 4321 iunocentii
1451 4279 1498 4337 pp.
1512 4265 1554 4323 lll
1569 4263 1775 4323 institutionem

1130 4349 1287 4408 decanatus
1305 4365 1365 4409 suas
1379 4352 1510 4409 ecelesiae
1526 4352 1685 4412 9911191991.

1055 4494 1233 4567 Honorius,
1245 4494 1320 4567 919,
1334 4495 1519 4557 venerabili
1530 4494 1627 4558 fratri
1639 4498 1805 4574 episeopo,

1015 4592 1048 4655 91
1062 4591 1191 4654 dilectis
1207 4592 1284 4653 11119
1297 4592 1442 4669 99911919
1454 4592 1677 4667 Engolismen.

1055 4690 1161 4751 Decus
1176 4688 1208 4750 91
1222 4688 1374 4750 decorem
1386 4689 1501 4750 domus
1512 4688 1642 4749 Domini
1656 4690 1754 4765 prout
1765 4688 1808 4750 91

1015 4801 1076 4847 999
1097 4784 1327 4862 principaliter
1345 4785 1488 4861 99911991
1512 4784 1698 4860 diligentes,
1724 4801 1809 4861 gau-

1014 4882 1129 4943 demus
1157 4898 1231 4944 eam
1260 4882 1368 4943 variis·
1396 4880 1593 4957 dignitatum
1626 4882 1807 4945 honoribus

1014 4978 1177 5051 decorari,
1197 4979 1233 5041 ut
1258 4978 1296 5039 in
1318 4977 1440 5040 vestitu
1470 4977 1629 5041 deaurato
1646 4980 1807 5044 varietate

1014 5075 1228 5148 circumdata,
1238 5075 1377 5151 pulchra
1392 5074 1445 5149 sit,
1462 5075 1495 5137 et
1508 5075 1629 5139 decora
1641 5077 1804 5149 fidelihus,

1014 5174 1047 5235 et
1060 5173 1195 5250 99911119
1206 5171 1365 5234 terribilis
1381 5174 1417 5236 ut
1435 5174 1620 5236 castrorum
1637 5175 1727 5236 acies
1745 5190 1804 5236 or-

1014 5270 1138 5332 dinata.
1161 5271 1243 5331 Cum
1262 5269 1376 5346 igitur,
1397 5272 1494 5348 quasi
1507 5272 1634 5343 lethro,
1657 5271 1805 5333 991999-

1013 5369 1100 5440 silio,
1129 5368 1268 5430 919999
1292 5368 1441 5429 ecclesiae
1462 5370 1582 5430 vestrae
1601 5367 1743 5430 divisum
1768 5368 1805 5430 in

1013 5465 1124 5542 plures
1147 5465 1351 5527 commodius
1375 5467 1596 5542 supportetur,
1622 5464 1736 5526 etalii
1762 5466 1804 5527 ab

1012 5561 1088 5623 aliis
1101 5561 1292 5635 fulciantur,
1304 5562 1496 5639 dignitatem
1505 5562 1540 5622 in
1550 5561 1666 5623 eadem
1673 5563 1805 5625 noviter

1012 5658 1222 5722 institueritis
1235 5659 1425 5731 decanatus,
1450 5659 1486 5719 in
1501 5674 1566 5736 qua
1582 5660 1611 5720 is
1637 5659 1694 5737 qui
1708 5662 1803 5723 oneri
