3982 6196
233 281 292 341 599
848 276 1023 338 HONORII
1045 277 1089 336 111
1111 276 1259 337 OPERA.
1822 274 1882 336 609

212 460 215 465 ·
234 437 435 500 remiserunt
447 453 561 499 omnes
571 437 771 514 quaestiones
782 435 941 513 praeteriti
950 435 1030 497 tem·
1083 433 1139 511 qul
1159 431 1320 494 successit
1346 431 1453 492 eidem
1477 429 1513 492 in
1536 433 1888 510 recompensationem,

233 536 336 613 poris,
360 550 442 612 quas
469 535 631 596 adversus
660 533 897 595 monasterium
921 532 1030 594 Floris
1083 530 1182 607 hujus
1200 529 1323 602 damni,
1346 531 1380 591 et
1398 530 1434 590 ut
1449 530 1687 592 monasterinm
1705 530 1754 592 ibi
1770 532 1885 607 posset
1985 560 1986 573 r

235 633 446 710 aliquatenus
468 647 602 693 movere
617 632 763 709 possent,
787 631 820 692 et
833 630 1030 691 dimiserunt
1084 627 1253 689 commode
1274 627 1435 703 reparari,
1451 626 1536 688 duas
1551 627 1645 689 vobis
1660 627 1780 689 eccles.
1797 644 1883 689 con·

236 729 385 791 absolute
401 729 559 807 quidquid
574 730 752 791 tenuerant
764 729 852 790 intra
866 728 1031 790 tenimen-
1083 725 1197 786 tulerit
1228 724 1495 786 consideratione
1526 724 1652 792 divina,
1686 727 1720 786 et
1748 725 1884 788 tandem

234 828 316 897 tum,
337 826 423 904 quod
439 827 676 888 monasterium
698 827 806 889 Floris
826 825 972 903 possidet
988 841 1032 886 ex
1084 823 1176 899 prius
1188 838 1287 899 quam
1302 822 1366 884 boc
1381 821 1484 894 fleret,
1502 824 1621 884 Foren.
1638 825 1883 885 monasterium

236 923 321 985 dono
335 922 512 999 imperiali,
527 925 562 985 nt
572 924 655 984 nihil
665 924 700 985 in
713 940 751 984 eo
762 923 929 985 decaetero
940 937 1032 999 quae-
1085 920 1307 996 contemptum
1348 920 1511 991 extiterit,
1546 919 1580 982 et
1608 920 1649 981 de
1680 922 1884 998 Apostolicae

235 1022 312 1082 rant
338 1020 379 1081 ad
408 1021 638 1094 laborandum,
656 1022 710 1082 vel
728 1020 940 1098 pascendum,
966 1018 1030 1079 nisi
1086 1017 1181 1079 Sedis
1201 1017 1397 1078 auctoritate
1413 1019 1575 1079 mutatum
1592 1017 1627 1077 in
1646 1018 1720 1080 loco
1743 1020 1810 1095 ipsi
1828 1035 1884 1080 eo-

234 1118 406 1180 roluntate
429 1118 575 1191 abbatis,
604 1119 637 1180 et
660 1117 799 1180 fratrum
822 1117 941 1179 Floris.
966 1119 1031 1177 Pro
1086 1115 1196 1176 clesiae
1210 1117 1281 1176 tam
1294 1115 1417 1188 vicino,
1432 1114 1518 1192 quod
1538 1113 1661 1192 absque
1673 1118 1770 1191 graui
1785 1132 1886 1177 scan-

237 1231 303 1292 qua
337 1216 513 1278 concordia
545 1215 784 1277 inviolabiliter
803 1214 962 1292 perpetuo
990 1213 1032 1274 ad
1086 1213 1162 1275 dato
1179 1212 1269 1275 aliud
1290 1212 1412 1274 ibidem
1432 1228 1498 1274 non
1517 1214 1623 1289 potuit
1644 1214 1884 1274 monasterium

237 1312 380 1374 inuicem
395 1312 600 1375 observanda
623 1312 784 1389 obligavit
797 1328 833 1373 se
845 1326 922 1389 pars
937 1312 1033 1373 utra-

238 1425 302 1485 que
317 1409 378 1469 sub
394 1425 490 1486 poena
506 1411 637 1472 centum
652 1410 826 1471 unciarum
848 1409 932 1479 aum,
959 1423 1031 1468 me-

238 1504 393 1567 dietatem
408 1506 565 1567 solvendo
580 1507 683 1581 regiae
696 1506 809 1579 curiae,
825 1507 859 1567 et
875 1504 1035 1566 medieta-

240 1604 307 1662 tem
323 1602 471 1663 adversae
492 1604 590 1679 parti,
612 1602 790 1664 concordia
815 1601 1034 1662 nibilominus

240 1700 348 1767 tlrma,
365 1700 398 1760 et
412 1699 522 1760 stabili
538 1698 763 1775 permanente.
786 1698 834 1760 nd
856 1698 956 1776 hujus
973 1713 1035 1759 an-

239 1796 305 1857 tem
332 1796 517 1857 concordiae
544 1798 643 1873 atque
675 1795 887 1871 obligationis
922 1810 1034 1856 coram

241 1891 336 1952 nobis
361 1892 456 1953 tactae
478 1894 682 1965 memoriam,
705 1895 737 1955 et
756 1892 948 1954 inviolabile
970 1892 1034 1952 tir-

242 1990 444 2050 mamentnm
459 2004 606 2065 praesens
628 1989 786 2066 scriptum
801 1989 933 2065 scripsit
950 1989 1037 2049 Wil-

241 2085 361 2146 lelmus
377 2086 576 2147 cusentinus
587 2087 749 2158 notarius,
762 2089 889 2157 nostra,
903 2087 936 2148 et
950 2086 1038 2147 alio·

243 2198 317 2243 rum
334 2183 566 2259 praedictorum
582 2184 802 2261 suscriptione
817 2184 991 2245 munitum.

283 2284 388 2352 Anno,
404 2297 528 2351 mense,
543 2282 576 2341 et
590 2280 706 2342 Indict.
719 2280 932 2358 praescriptis,
948 2295 1036 2356 pon-

245 2377 390 2438 titicatus
404 2378 511 2438 nostri
525 2392 601 2438 ann.
617 2380 657 2437 11.

284 2476 351 2548 Ego
363 2475 469 2534 Lucas
480 2474 536 2535 Dei
547 2474 654 2549 gratia
665 2473 1035 2553 cusentinambiepisc.

245 2571 380 2646 propria
395 2586 496 2631 manu
509 2572 678 2648 suscripsi.

284 2669 352 2743 Ego
366 2667 510 2729 lacobus
523 2660 733 2730 Cusentimns
746 2668 902 2729 decanus.

283 2766 351 2838 Ego
364 2765 509 2825 Michael
523 2765 764 2826 thesaurarius.

282 2861 349 2934 Ego
365 2859 532 2920 (letfridus
548 2860 716 2921 cusentin.
732 2859 925 2921 canonicus.

284 2957 351 3030 Ego
373 2956 536 3031 Rogerius
551 2955 640 3017 illius
660 2957 785 3017 Raonis
804 2956 916 3031 regius
939 2955 1041 3016 Insti-

244 3051 374 3111 tianius.

283 3151 352 3223 Ego
364 3150 560 3210 Benedictus
569 3148 684 3226 juder,
697 3149 754 3226 qui
767 3164 867 3225 supra
878 3147 1026 3212 interfui.

283 3244 410 3306 Judicis
425 3246 543 3306 aeterni
559 3245 757 3307 meditemur
775 3244 862 3307 lacta
876 3245 1038 3307 moderni.

282 3340 384 3402 Jacob
398 3342 518 3403 ludex.

285 3437 377 3498 Nulli
390 3454 481 3514 ergo,
496 3440 572 3508 etc..
586 3455 693 3515 coquo
704 3457 714 3500 :
725 3440 846 3502 nostrae
862 3438 1041 3501 conflrma-

156 3608 162 3617 ι
245 3533 345 3594 tionis
358 3535 552 3612 intringere,
563 3538 615 3598 vel
632 3538 674 3609 ei,
687 3538 877 3611 memeque
887 3553 899 3597 :
912 3538 1041 3599 contra·

245 3630 312 3706 ire3
326 3631 353 3692 si
365 3634 439 3709 quis
451 3635 572 3705 autem,
586 3634 661 3706 etc,
673 3649 780 3707 usqam
790 3651 802 3695 :
814 3635 1038 3696 incursurum.

283 3731 356 3793 Dat.
373 3731 529 3794 Laterani
543 3734 573 3791 11
588 3730 657 3793 kal.
673 3730 770 3793 Febr.
787 3747 866 3792 ann.
882 3732 924 3792 ll.
1018 3716 1022 3727 '

588 3916 695 4005 CXII

281 4061 333 4121 Ad
352 4059 509 4121 abbatem
525 4060 559 4121 et
575 4059 782 4120 corraei-itum
794 4059 1003 4123 nmacstcrtt

439 4159 475 4216 S.
490 4159 657 4218 Iohannis
671 4159 712 4216 de
724 4160 838 4218 Flore.

540 4275 576 4332 ao
592 4275 652 4347 jan.
662 4246 747 4334 'rara

391 4388 509 4453 [Ughelli
524 4389 600 4439 ltalia
611 4403 690 4447 sacra,
705 4394 725 4439 t.
737 4390 781 4449 tx,
796 4403 821 4453 p.
831 4388 901 4454 too]

243 4499 293 4557 Eis
309 4496 513 4555 monasterium
528 4495 604 4568 quod
619 4496 719 4555 Gabris
739 4495 850 4566 dicitur,
874 4496 943 4553 olim
963 4496 1038 4554 Gra·

278 4598 387 4656 corum,
402 4599 479 4642 nunc
493 4584 663 4653 desolatum,
678 4592 707 4641 et
719 4585 825 4642 montis
838 4585 927 4643 llarci
946 4586 1040 4642 ecclc·

279 4676 352 4734 siam
368 4673 529 4732 contlrmat.

285 4796 391 4865 Quum
406 4807 426 4853 a
447 4791 544 4853 nobis
559 4792 682 4869 petitur
695 4789 828 4866 usquc'f:
843 4791 1044 4868 perducatur

246 4891 410 4952 effectum.
441 4893 546 4960 Quum
578 4889 690 4964 igitur,
726 4889 812 4950 sicut
841 4888 1041 4965 accepimus,

246 4987 410 5064 qnondam
433 4986 585 5048 Joachim
615 4985 712 5047 bonae
745 4985 914 5047 memoriae
941 4984 1041 5046 abbas

244 5085 354 5146 Floris
377 5084 616 5144 monasterium
644 5083 711 5143 Siri
740 5082 907 5144 subditum
940 5097 1041 5143 cons-

243 5181 406 5244 traxisset
415 5180 449 5240 in
464 5180 607 5241 ecclesia
618 5180 741 5241 Montis
756 5181 874 5251 Marci,
891 5195 990 5256 quam
1001 5179 1042 5239 ad

245 5281 279 5341 id
296 5280 326 5340 ei
340 5277 527 5339 contulerat
540 5276 705 5353 quondam
721 5280 758 5337 G.
772 5278 853 5338 tnnc
868 5276 1044 5353 episcopus

247 5376 461 5447 Geruntinus,
487 5374 521 5435 et
544 5373 693 5434 eamdem
712 5374 877 5452 quondam
899 5373 1042 5434 Guillel-

247 5490 319 5535 mus
331 5488 504 5534 successor
517 5474 589 5548 ejus
604 5471 639 5531 in
653 5471 827 5546 religionis
842 5470 954 5532 odium
967 5470 1046 5531 des-

248 5569 420 5641 truxisset,
450 5585 489 5630 ac
523 5567 620 5630 bonae
645 5568 813 5630 memoriae
843 5567 1043 5641 Bernardus,

1086 1309 1245 1371 ordinari.
1258 1308 1470 1371 Postmodum
1482 1324 1561 1370 vero
1574 1308 1744 1379 NicolauS,
1757 1310 1814 1385 qui
1825 1326 1887 1369 nu·

1088 1422 1146 1484 per
1170 1406 1336 1484 praedictis
1361 1405 1520 1467 successit
1542 1406 1719 1482 episcopis,
1743 1407 1884 1468 retentis

1088 1504 1151 1564 sibi
1166 1504 1356 1564 memoratis
1369 1502 1530 1574 ecclesiis,
1542 1505 1575 1564 et
1587 1503 1726 1579 praefata
1740 1504 1885 1564 ecclesia

1088 1601 1209 1662 Montis
1221 1602 1337 1673 Marci,
1349 1616 1423 1661 cum
1435 1601 1505 1660 suis
1517 1600 1738 1676 pertinentiis,
1753 1616 1886 1661 monas·

1088 1699 1172 1761 terio
1187 1697 1295 1759 Floris
1310 1697 1370 1758 sub
1390 1713 1501 1758 annno
1516 1713 1618 1758 censu
1633 1696 1757 1774 absque
1772 1697 1885 1775 aliqua

1089 1795 1277 1857 conditione
1313 1794 1473 1866 demissa,
1508 1793 1671 1871 quoddam
1710 1798 1885 1856 monaste-

1089 1893 1177 1953 rium
1192 1891 1277 1969 quod
1299 1892 1422 1953 dicitur
1436 1890 1565 1963 Gabria,
1585 1893 1664 1953 olim
1680 1895 1882 1962 Graecorum,

1091 2006 1178 2051 nunc
1198 1988 1380 2051 desolatum
1393 1987 1488 2050 vobis
1503 1989 1589 2065 quod
1611 1988 1767 2050 laceretis
1791 1988 1827 2049 in
1847 2004 1888 2049 eo

1091 2087 1325 2148 monasterinm
1339 2086 1466 2147 ordinis
1476 2086 1578 2147 vestri
1593 2086 1769 2157 concessit,
1785 2087 1821 2147 ut
1836 2088 1885 2146 sic

1091 2184 1200 2245 saltim
1216 2183 1496 2259 praedecessorum
1510 2198 1645 2243 suorum
1662 2184 1752 2259 pium
1765 2198 1887 2260 propo·

1091 2281 1191 2341 situm
1205 2279 1410 2356 adimpleret.

1130 2381 1177 2438 lla
1192 2379 1336 2454 propter,
1353 2377 1465 2438 dilecti
1477 2376 1512 2436 in
1525 2377 1664 2438 Domino
1679 2376 1894 2447 illii,rest1is

1087 2474 1188 2551 justis
1202 2473 1479 2551 postulationibus
1492 2476 1687 2545 annuentes,
1702 2474 1806 2549 praed
1817 2489 1894 2533 mo-

1092 2571 1274 2632 nasterium
1290 2569 1417 2632 Cabriae
1432 2573 1464 2632 et
1485 2570 1634 2631 eamdem
1648 2572 1772 2632 Montis
1783 2570 1894 2630 Marci

1093 2668 1270 2730 ecclesiam
1298 2683 1371 2728 cum
1395 2667 1602 2744 pertinentiis
1626 2668 1715 2735 suis,
1739 2667 1827 2728 sicut
1849 2682 1892 2727 ea

1089 2767 1188 2843 Juste,
1217 2780 1257 2825 ac
1280 2765 1417 2840 pacitlce
1443 2764 1639 2841 possidetis,
1660 2768 1696 2825 ut
1722 2764 1758 2824 in
1782 2764 1890 2841 ipsius

1093 2861 1239 2939 episcopi
1252 2861 1442 2923 authentico
1457 2861 1588 2937 plenius
1607 2861 1809 2928 continetur,
1829 2876 1892 2921 vo-

1093 2959 1144 3020 bis
1166 2960 1199 3020 et
1220 2975 1279 3035 per
1300 2958 1481 3019 roscidam
1497 2958 1698 3019 monasterio
1719 2959 1836 3019 vestro
1852 2956 1895 3017 de

1094 3056 1183 3117 Flori
1194 3055 1392 3116 auctoritaie
1402 3054 1590 3131 apostolica
1600 3054 1850 3123 confirmamus,
1860 3055 1894 3114 et

1094 3152 1268 3229 praesentis
1295 3152 1409 3228 scripti
1432 3151 1617 3228 patrocinio
1632 3151 1891 3212 communimus.

1094 3249 1186 3310 Nulli
1210 3264 1288 3324 ergo
1316 3264 1423 3322 usquc
1441 3267 1453 3308 .·
1475 3249 1597 3309 nostrae
1626 3247 1895 3309 confirmationis

1095 3346 1288 3421 infringere,
1314 3346 1366 3406 rel
1391 3346 1433 3417 ei,
1463 3346 1538 3416 etc,
1560 3360 1667 3418 aspare
1681 3362 1693 3404 .·
1708 3344 1891 3406 contraire.

1097 3444 1131 3503 Si
1147 3444 1220 3520 quis
1231 3443 1342 3503 autem
1356 3457 1463 3515 usquc
1477 3458 1488 3502 :
1502 3442 1731 3502 incursurum.

1134 3539 1252 3600 Datum
1276 3539 1443 3611 Laterani,
1464 3541 1495 3601 X
1516 3538 1698 3601 Kalendar.
1715 3537 1888 3610 februarii,

1095 3653 1183 3699 anno
1198 3635 1355 3699 secundo.

1432 3796 1559 3883 CXIII

1147 3950 1213 4043 'Ad
1228 3949 1438 4010 lbeodorum
1453 3949 1573 4008 ducem
1585 3948 1824 4008 commanem.

1391 4068 1427 4125 25
1437 4067 1498 4140 jan.
1515 4067 1594 4124 lais.

1134 4182 1282 4248 [Raynaldi
1293 4180 1359 4232 Ann.
1377 4182 1516 4232 ecclesiast.
1529 4181 1561 4231 ad
1578 4194 1640 4232 ann.
1652 4180 1724 4238 lile,
1735 4181 1749 4245 ς
1759 4181 1799 4238 al,
1810 4180 1863 4244 ss]

1096 4300 1169 4356 Enni
1184 4297 1348 4355 cohortatur
1367 4296 1402 4354 ad
1421 4294 1662 4370 perseverandum
1683 4297 1712 4353 in
1734 4296 1899 4354 obedientia

1131 4399 1200 4459 erga
1225 4385 1329 4443 Scdem
1353 4386 1512 4444 Romanam
1534 4392 1563 4442 et
1584 4391 1682 4441 monet
1701 4383 1739 4441 do
1763 4386 1901 4458 operibns

1131 4473 1334 4532 misericordia
1348 4475 1378 4531 in
1392 4475 1522 4546 captivos
1535 4481 1564 4530 et
1578 4487 1731 4545 pauperes.

1136 4601 1272 4662 Gratum
1287 4601 1445 4676 gerimus,
1464 4600 1496 4660 et
1509 4600 1690 4677 acceptum,
1705 4598 1795 4676 quod
1814 4600 1903 4661 sicut

1097 4712 1140 4757 ex
1155 4697 1317 4757 relatione
1328 4695 1530 4757 venerabilis
1542 4695 1654 4756 tratris
1673 4695 1784 4756 nostri
1795 4698 1903 4757 loan-

1097 4794 1149 4854 nis
1169 4793 1316 4871 episcopi
1332 4793 1542 4857 Crotenensis
1562 4792 1765 4868 accepimus,
1790 4793 1901 4868 ipsum

1097 4891 1130 4952 et
1143 4890 1280 4953 tratrem
1293 4889 1415 4952 Elibem
1430 4891 1601 4953 eremitam
1612 4889 1755 4950 nuncios
1768 4890 1903 4950 nostros

1097 4986 1252 5049 hilariter
1276 4987 1442 5064 recepisti,
1473 4986 1506 5047 et
1531 4985 1717 5047 honorilice
1742 4988 1901 5063 pertrac-

1097 5085 1186 5156 tasti,
1209 5101 1248 5146 ac
1267 5084 1422 5146 dilectum
1445 5083 1550 5144 tilium
1569 5085 1721 5145 nostrum
1736 5086 1904 5145 ioannem

1098 5183 1236 5244 titulis.
1261 5182 1421 5242 Praxedis
1446 5179 1674 5257 presbyterum
1694 5180 1904 5242 cardinalem

1098 5284 1136 5341 A.
1154 5281 1187 5340 S.
1205 5280 1241 5339 L.
1257 5277 1414 5349 honoras,
1436 5281 1469 5339 et
1483 5293 1562 5353 erga
1584 5276 1678 5336 illum
1691 5278 1726 5337 te
1749 5293 1908 5338 mansue·

1098 5378 1167 5438 tum
1189 5375 1338 5448 exhibes,
1355 5376 1388 5437 et
1401 5374 1592 5449 benignum,
1609 5376 1769 5451 tuamque
1784 5390 1907 5451 perso-

1099 5488 1175 5532 nam
1211 5471 1253 5532 ad
1290 5472 1511 5532 sacrosanctae
1549 5471 1706 5530 Romanae
1741 5469 1906 5531 Ecclesiae

1100 5567 1307 5631 devotionem
1335 5581 1520 5645 exponens,
1554 5580 1594 5626 ae
1622 5564 1731 5641 ipsam
1757 5566 1904 5645 primam
