3958 6204
109 331 167 393 2⁴33
561 330 632 392 XX.
647 360 689 376 -
707 330 752 392 IN
775 331 905 393 Fusio
929 330 1077 394 SANCTI
1098 334 1339 396 LAURENTII.
1711 335 1771 395 234

114 505 207 573 quem
230 504 335 567 aquae
360 489 479 552 multae
499 489 751 553 tribulationum
771 505 837 552 non
859 507 920 569 po·
1014 493 1103 569 Ignis
1116 495 1238 563 autem,
1262 493 1394 567 fratrea,
1418 493 1483 557 etsi
1507 494 1630 556 multas
1648 491 1771 555 habeat

118 589 249 653 inerunt
256 588 463 665 extinguere
467 590 564 666 Juxta
571 588 655 650 illud
670 592 794 663 capace
803 590 920 652 muca
973 590 1204 667 proprietates,
1217 591 1279 653 has
1292 593 1405 654 tamen
1424 594 1550 669 septem
1562 592 1694 654 videtur
1708 591 1772 651 ha-

117 703 182 750 non
222 687 423 761 potuerunt
461 688 668 762 accressere
713 688 919 749 duritatem
973 686 1051 749 bere
1078 689 1240 750 notabiles
1263 693 1363 768 atque
1388 691 1549 767 insignes.
1572 691 1662 767 Ignis
1680 690 1770 750 enim

118 786 223 865 (cana
239 799 317 856 vni,
333 782 381 864 7).
398 786 545 862 Utroque
555 784 634 860 igne
648 785 857 846 examinatus
870 786 919 846 est
973 784 1072 857 lucet,
1087 786 1171 858 mit,
1182 787 1329 860 roborat,
1344 791 1473 866 purgat,
1498 788 1653 860 desiccat,
1671 788 1772 849 deco·

116 883 231 945 beatus
246 882 467 956 Laurentius,
481 883 515 944 et
530 898 597 943 non
611 883 664 944 est
678 882 812 944 inventa
828 883 864 943 in
879 898 918 944 eo
973 884 1045 960 quit
1054 885 1087 945 et
1099 884 1263 947 calefacit.
1279 888 1383 948 Lucet
1397 903 1455 963 per
1469 887 1689 964 splendorem,
1703 886 1771 947 urit

118 981 289 1059 iniquitas.
312 982 402 1043 Nam
414 996 491 1041 cam
503 981 538 1041 in
550 980 710 1042 craticula
724 974 918 1057 superposi·
973 997 1033 1058 per
1044 984 1485 1061 consumptionem‚roborat
1496 983 1771 1046 ministrandovi-

117 1082 167 1141 tus
183 1084 357 1152 ureretur,
371 1095 492 1140 nomen
518 1079 669 1140 sanctum
693 1077 825 1140 Domini
852 1093 918 1139 non
972 1094 1037 1152 res,
1051 1082 1172 1158 purgat
1188 1082 1388 1144 removendo
1408 1083 1536 1156 sordes,
1558 1082 1704 1144 desiccat
1718 1098 1770 1143 re·

117 1177 263 1254 negavit,
292 1176 353 1238 sed
379 1177 421 1238 ad
445 1176 583 1254 impium
607 1177 788 1254 tyranuum
807 1175 915 1238 dixit:
973 1177 1143 1253 primendo
1170 1178 1338 1254 humores,
1368 1181 1522 1259 decoquit
1549 1179 1768 1259 praeparando

117 1276 258 1349 «Disce,
274 1275 389 1347 miser,
404 1275 483 1352 quia
493 1275 654 1336 carbones
669 1274 722 1337 tui
734 1289 801 1337 non
819 1273 920 1336 ardo-
972 1274 1074 1349 cibos,
1090 1276 1243 1340 calefacit
1256 1278 1449 1357 repellendo
1465 1279 1581 1355 frigus.
1607 1280 1709 1340 Lucet
1732 1278 1768 1340 in

117 1390 185 1436 rem
200 1373 262 1435 sed
276 1372 491 1449 refrigerium
505 1371 587 1433 mihi
606 1371 742 1450 parant,
754 1373 832 1450 piria
847 1372 918 1448 ipse
971 1372 1183 1448 candelabro,
1207 1375 1275 1438 urit
1298 1375 1444 1453 paleam,
1468 1375 1604 1438 roborat
1629 1376 1765 1448 testam,

117 1472 278 1534 Dominus
290 1471 399 1543 novit,
414 1470 500 1548 quod
514 1471 689 1532 accusatus
703 1485 770 1533 non
785 1469 915 1546 negavi,
971 1473 1091 1547 purgat
1111 1488 1242 1546 aurum,
1273 1473 1419 1536 desiccat
1439 1489 1598 1551 pannum,
1614 1473 1770 1551 decoquit

117 1570 349 1647 interrogatus
362 1569 530 1630 Christum
541 1567 713 1630 confessus
727 1584 812 1642 sum,
828 1584 918 1630 assa·
972 1568 1093 1642 cibum,
1109 1569 1263 1634 calefacit
1275 1571 1409 1633 nudum.
1431 1575 1611 1634 Possumus
1626 1572 1767 1634 reddere

116 1667 315 1743 tusgratias
336 1683 448 1744 ago.»
469 1667 510 1728 Et
522 1666 602 1729 item
626 1668 785 1739 caliace,
803 1665 915 1739 miser,
971 1664 1104 1742 singula
1129 1667 1287 1745 singulis3
1304 1669 1360 1730 sed
1374 1668 1566 1731 dubitamus
1592 1686 1634 1730 ne
1659 1684 1768 1731 sermo

114 1765 238 1827 assasti
253 1781 359 1826 unam
372 1764 639 1842 partem,regyra
652 1764 808 1836 aliam‚et
821 1779 919 1826 man·
971 1763 1122 1840 prolixus
1136 1767 1274 1842 generet
1302 1765 1482 1828 fastidium.
1510 1766 1552 1829 at
1573 1766 1766 1840 notandum,

115 1863 209 1925 duca.
225 1881 247 1924 a
275 1866 371 1925 'runc
396 1863 523 1939 gratias
549 1877 652 1938 agens
678 1862 818 1924 homino
843 1879 916 1925 oum
971 1861 1196 1938 quodduein
1219 1863 1373 1925 hocloco
1397 1862 1633 1925 describuntur
1653 1862 1764 1924 afflic-

115 1962 222 2038 gloria
237 1960 353 2022 dixit:
370 1961 502 2022 Gratias
516 1959 577 2022 tibi
591 1975 667 2037 ago,
684 1960 822 2022 Domine
836 1963 917 2023 Jesu
970 1958 1079 2021 tiones
1089 1961 1273 2037 martyrum
1289 1982 1297 2021 ε
1313 1976 1380 2022 una
1395 1961 1481 2038 quod
1503 1960 1553 2023 eis
1574 1960 1663 2022 mala
1682 1959 1769 2022 inie-

115 2058 257 2131 chrum,
285 2059 345 2136 qui
368 2058 476 2119 merui
492 2060 615 2135 januae
639 2058 714 2119 tuas
739 2058 917 2134 ingredi.»
970 2055 1139 2128 rebantur,
1151 2058 1255 2120 altera
1269 2058 1355 2135 quod
1369 2059 1417 2120 eis
1432 2057 1770 2136 bonapromitteban-

114 2158 187 2218 Non
201 2158 257 2218 est
271 2171 354 2233 ergo
377 2156 411 2217 in
435 2172 475 2217 eo
491 2156 626 2217 inventa
650 2156 820 2233 iniquitas,
838 2156 916 2233 quia
970 2153 1034 2215 tur.
1062 2153 1126 2215 Sed
1154 2153 1196 2215 ab
1223 2157 1362 2233 utraque
1393 2157 1470 2217 sunt
1492 2155 1641 2227 liberati,
1672 2157 1705 2217 et
1729 2156 1767 2216 in

113 2255 285 2316 Christum
312 2253 386 2315 siue
410 2253 531 2315 timore
554 2252 727 2315 consessus
752 2255 819 2326 eet,
841 2269 916 2316 cum
971 2250 1104 2313 coeleste
1116 2251 1328 2329 refrigerium
1341 2254 1419 2315 sunt
1433 2252 1625 2315 introducti.

113 2366 226 2414 amore
241 2352 392 2425 secutus,
408 2351 445 2412 ut
465 2350 619 2413 moriens
627 2351 850 2429 triumpharet
875 2352 916 2414 de
1012 2349 1115 2410 Item:
1137 2350 1311 2421 Proderit,
1327 2354 1483 2423 Domina,
1502 2365 1563 2414 cor
1581 2365 1710 2422 neceam
1733 2351 1768 2413 et

114 2451 229 2519 morte,
246 2451 282 2512 et
295 2450 414 2512 vivens
429 2465 505 2511 cum
518 2447 586 2511 vita
607 2450 774 2525 regnaret.
970 2447 1122 2509 visitasti
1132 2447 1230 2510 nocte
1244 2445 1313 2528 (Pa.
1328 2450 1377 2520 16,
1393 2446 1439 2527 3).
1468 2447 1625 2510 Probatio
1644 2448 1769 2526 triplex

153 2547 325 2610 Probatus
345 2550 397 2610 est
419 2562 550 2625 quoque
577 2546 731 2608 laudibus
757 2547 913 2625 propriis,
970 2545 1030 2607 est
1054 2546 1113 2607 Est
1133 2545 1221 2607 enim
1245 2546 1396 2623 probatio
1422 2545 1637 2623 perficientis,
1665 2561 1770 2624 expe-

116 2647 201 2724 quia,
213 2662 294 2708 canu
309 2645 452 2708 vidisset
465 2645 598 2707 beatum
614 2646 744 2707 Sixtum
763 2645 915 2707 scarni-
970 2642 1099 2715 rientis,
1115 2643 1149 2709 ct
1161 2642 1382 2705 adversantis.
1398 2644 1513 2705 Prima
1527 2643 1598 2716 hei,
1620 2645 1768 2706 secunda

116 2744 232 2806 tisibus
245 2743 326 2805 duci
340 2743 384 2804 ad
399 2742 641 2816 decollandum,
658 2759 725 2804 non
747 2743 848 2804 cessit
861 2742 915 2804 vel
970 2739 1126 2812 hominis,
1143 2740 1242 2802 tertia
1258 2741 1399 2802 inimici.
1416 2741 1528 2802 Prima
1542 2741 1585 2802 ad
1606 2740 1769 2804 salvatio-

117 2842 237 2915 timuit,
252 2841 456 2918 sedpublioe
466 2841 624 2903 clamavit
633 2856 747 2902 coram
758 2855 917 2917 persecu·
970 2853 1057 2911 nem,
1085 2837 1231 2900 secunda
1246 2838 1287 2900 ad
1311 2839 1576 2911 instructionem,
1598 2838 1698 2901 tertia
1724 2839 1767 2901 ad

117 2940 244 3003 toribm
259 2940 376 3002 dicens
393 2941 519 3012 :aQuo
529 2939 740 3017 progrederis
749 2939 822 3000 sine
833 2938 913 3012 tilio,
969 2935 1273 3013 reprehensionem.
1306 2936 1493 3007 Secundum
1517 2937 1659 3014 primam
1681 2952 1764 3014 pro-

116 3040 236 3100 Patert
250 3039 336 3110 Quo,
351 3036 508 3099 sacerdos
520 3037 645 3110 sancte,
662 3037 735 3098 sine
750 3036 818 3098 tilio
832 3053 914 3114 pro·
969 3034 1061 3097 bavit
1081 3036 1169 3097 heus
1194 3033 1375 3107 Abraham,
1389 3034 1589 3113 praecipiens
1602 3036 1638 3098 ut
1659 3034 1765 3096 tilium

118 3137 230 3212 perast
244 3134 393 3196 Noli-me
404 3134 648 3212 derelinquere,
673 3134 774 3196 Pater
786 3136 912 3206 sancte,
970 3131 1167 3193 immolaret.
1182 3132 1386 3197 Prohavitet
1397 3132 1613 3195 Laurentium
1628 3134 1665 3195 ut
1678 3133 1768 3195 ultra

116 3233 192 3310 quia
215 3232 399 3294 thesauros
410 3233 481 3310 jam
497 3231 641 3308 expendi
651 3247 733 3309 quos
747 3230 915 3296 tradidisti
969 3229 1183 3307 glorificaret.
1200 3230 1485 3294 Goelestisartiiex
1498 3231 1533 3292 in
1555 3231 1633 3307 igne
1651 3230 1769 3309 proba·

116 3329 206 3390 mihi.
223 3347 245 3390 a
256 3329 383 3391 Beatus
400 3328 514 3391 Sirtus
528 3328 722 3406 respondit:
738 3330 846 3391 «Non
853 3344 914 3405 ego
968 3328 1018 3389 vit
1031 3328 1095 3390 hoc
1109 3343 1239 3400 aurum,
1262 3329 1295 3391 et
1322 3328 1405 3390 illud
1430 3328 1646 3405 purissimum
1669 3329 1767 3391 inve-

115 3428 156 3499 te,
168 3426 230 3501 tili,
239 3428 362 3489 desero
376 3426 701 3504 nequederelinquo,
715 3426 773 3488 sed
786 3429 914 3504 majora
969 3425 1036 3487 nit..
1046 3426 1139 3488 Sicut
1149 3426 1226 3488 calx
1235 3425 1382 3488 fornacis
1397 3426 1533 3489 indurat
1544 3442 1625 3490 vasa
1633 3426 1762 3502 flatilia,

115 3524 172 3587 tibi
183 3524 352 3587 debentur
372 3539 433 3602 pro
457 3523 521 3584 ilde
544 3523 673 3586 Christi
687 3524 915 3587 conamina.»
969 3538 1043 3601 quae
1057 3523 1150 3600 prius
1174 3525 1271 3586 erant
1294 3524 1424 3597 mollia,
1442 3525 1490 3587 ita
1509 3524 1648 3588 tentatio
1659 3524 1769 3587 tribu-

116 3623 192 3684 Non
208 3623 303 3685 enim
324 3621 538 3685 desiderabat
564 3621 705 3698 praelato
722 3622 913 3691 succedere,
969 3620 1104 3683 lationis
1112 3622 1401 3699 conflrmatjustos
1425 3623 1459 3685 ct
1472 3624 1605 3686 sanctos
1622 3623 1658 3684 in
1673 3623 1765 3685 omnl

116 3721 168 3798 qui
181 3720 321 3782 volebat
335 3735 415 3781 cum
427 3719 571 3796 praelato
579 3719 749 3792 decedere,
770 3719 828 3780 sed
850 3735 913 3781 cu·
964 3719 1108 3797 justitia,
1121 3718 1208 3803 sicut
1222 3720 1345 3796 legitur
1354 3720 1390 3781 in
1405 3719 1659 3782 Ecclesiastico:
1679 3724 1767 3782 Vasa

115 3817 224 3895 piabat
232 3816 384 3878 ‹lissolvi
391 3817 425 3879 et
441 3832 515 3878 esse
525 3833 599 3879 oum
612 3817 755 3878 Christo.
779 3818 853 3879 Non
871 3817 916 3879 ti-
968 3818 1063 3893 namt
1072 3818 1199 3891 probas
1213 3820 1355 3892 ferora,
1365 3819 1399 3878 ct
1410 3819 1685 3890 homiuesjustos
1697 3818 1768 3879 ten-

115 3915 195 3977 muit
208 3916 354 3977 mortem
368 3915 422 3975 sui
437 3915 596 3992 corporis,
612 3914 670 3975 sed
690 3914 801 3977 timuit
820 3914 914 3975 illum
970 3914 1055 3976 tatio
1070 3914 1302 3975 tribulationis
1312 3912 1427 3991 (Eccli.
1439 3928 1549 3985 nvn,
1560 3912 1606 3992 6).
1619 3914 1659 3976 Et
1673 3916 1763 3987 nota,

116 4015 167 4089 qni
183 4011 537 4091 potestatemhahebat
548 4014 582 4074 et
593 4012 739 4073 animam
749 4013 783 4074 et
794 4028 914 4090 corpus
969 4010 1054 4089 quod
1070 4010 1265 4088 sicutpoeua
1279 4010 1455 4087 temporali
1468 4010 1669 4073 damnantur
1685 4027 1768 4073 san-

116 4110 284 4187 perdendi.
306 4110 372 4171 Hic
396 4111 508 4172 autem
535 4125 602 4171 uon
627 4109 735 4171 solum
761 4111 911 4184 mortem,
969 4109 1014 4171 cti
1028 4124 1049 4170 a
1064 4108 1171 4180 malls,
1195 4109 1283 4171 itae
1311 4108 1479 4171 contrario
1494 4125 1592 4187 poena
1607 4111 1766 4188 perpetua

115 4207 169 4268 sed
184 4208 365 4270 etdiversa
387 4207 504 4269 mortis
520 4208 685 4270 tormenta
700 4223 760 4285 pro
782 4208 914 4270 Christo
968 4205 1214 4268 damnabuntur
1234 4207 1315 4268 mali
1334 4224 1354 4269 a
1379 4207 1514 4270 sanctis.
1544 4207 1638 4270 Unde
1657 4208 1766 4271 Mala-

115 4306 284 4377 metinnit,
313 4305 346 4367 et
368 4305 406 4366 in
431 4304 587 4367 omnibus
609 4304 706 4369 laetus
735 4307 768 4368 et
793 4306 913 4368 hilaris
968 4304 1062 4366 chiae
1077 4305 1237 4383 propheta
1252 4305 1300 4367 ait
1315 4305 1356 4368 de
1369 4305 1508 4384 illisqui
1520 4304 1670 4369 iecerunt
1682 4324 1763 4384 per-

115 4401 481 4479 diabolumsuperavit,
499 4403 686 4465 ettortores
702 4402 911 4467 confortavit.
960 4404 1173 4465 'secutionem
1197 4404 1322 4465 sanctis
1349 4405 1382 4465 et
1403 4404 1504 4482 Justis
1521 4425 1529 4465 :
1545 4406 1765 4481 morealmes·

116 4501 322 4578 Contempsit
333 4500 497 4577 supplicia
507 4501 656 4578 corporis
667 4500 730 4573 sui,
748 4501 914 4579 contemp·
967 4501 1181 4563 etcalcchttts
1194 4505 1330 4577 impios,
1353 4517 1433 4564 carn
1448 4503 1580 4577 (uertat
1601 4506 1689 4564 ctots
1702 4506 1764 4564 snb

117 4598 158 4659 sit
179 4599 214 4660 et
234 4598 482 4660 delectamenta
502 4598 604 4676 huJus
630 4598 756 4671 mundi,
778 4600 813 4661 et
834 4600 913 4676 quia
964 4600 1234 4673 ammonariam
1254 4600 1454 4661 aestrorum
1481 4598 1638 4677 (Malach.
1654 4614 1699 4670 tv,
1716 4598 1762 4678 3).

116 4694 244 4758 fortiter
257 4696 421 4773 pugnavit
435 4695 598 4768 instudio,
611 4696 761 4772 gloriose
771 4712 914 4758 corona·
968 4697 1081 4758 Sancti
1114 4696 1338 4773 egredientur,
1360 4696 1466 4769 idest,
1490 4694 1765 4772 contemplabun-

116 4793 215 4854 turin
230 4793 557 4855 coelo.Unde·David
572 4810 615 4857 er
629 4809 773 4872 persona
787 4796 914 4873 marty·
966 4795 1022 4855 tur
1030 4794 1194 4856 tormenta
1210 4793 1452 4865 damnatorum,
1465 4795 1766 4870 propterpersecu-

117 4905 186 4951 rum
198 4892 265 4953 ait:
277 4895 518 4953 wasmotmacs
525 4896 718 4968 peripsam
729 4893 910 4967 elapsum,
965 4892 1074 4953 tiones
1090 4907 1172 4968 quas
1185 4890 1335 4952 iecerunt
1349 4891 1473 4952 sanctis
1494 4891 1530 4952 in
1550 4890 1614 4952 hoc
1629 4892 1762 4965 mundo,

117 4989 147 5049 ct
159 4990 331 5052 induruit
345 5003 412 5051 uos
422 4993 460 5050 bt
470 4991 698 5066 ramnericus
708 4988 777 5070 (Ps.
788 4990 911 5071 a5‚12).
966 4991 999 5051 et
1026 4989 1203 5051 calcabunt
1228 4988 1359 5065 impios,
1377 4989 1473 5062 idest,
1498 4989 1766 5053 condemnabunt

117 5085 200 5161 Ignis
218 5088 256 5148 iu
279 5088 344 5148 hoc
368 5087 443 5149 loco
463 5087 631 5163 significat
650 5088 910 5161 tribulationem,
966 5087 1068 5164 ipsos.
1086 5086 1150 5148 Sed
1163 5086 1257 5164 impii
1272 5088 1371 5150 erunt
1383 5087 1576 5156 sicutcinis,
1588 5089 1766 5152 idestcom-

115 5198 196 5261 aqua
210 5185 328 5246 mundi
355 5184 621 5258 delectationem,
643 5185 720 5263 quia
741 5185 912 5249 tribulatio
966 5183 1076 5247 bustio
1096 5185 1186 5261 ignis
1209 5186 1337 5248 aeterni.
1363 5188 1403 5248 Et
1426 5188 1525 5250 erunt
1546 5187 1607 5248 snb
1627 5186 1765 5265 pedibus

115 5281 196 5344 scut
217 5283 308 5359 ignis
328 5283 451 5354 exurit,
473 5285 506 5345 et
528 5282 704 5345 delectatio
719 5284 806 5346 sicut
826 5299 912 5362 aqua
963 5287 1142 5363 justorum,
1158 5284 1236 5362 quia
1245 5285 1332 5362 Justi
1344 5287 1443 5348 erum
1457 5285 1493 5347 in
1508 5286 1603 5356 coelo,
1617 5285 1683 5361 ipsi
1698 5300 1764 5345 an-

113 5380 269 5443 velociter
287 5380 420 5443 transit.
441 5382 563 5442 Beatus
579 5396 659 5456 ergo
674 5384 801 5459 martyr
813 5384 911 5445 tran·
967 5384 1032 5444 tem
1041 5381 1279 5444 cruciabuntur
1290 5384 1326 5444 in
1338 5383 1527 5446 infernohlt
1537 5382 1655 5443 merito
1666 5385 1765 5445 erunt

113 5477 187 5539 sivit
197 5495 259 5557 per
273 5479 399 5554 ignem,
412 5477 468 5555 qui
478 5478 643 5564 tormenta
655 5479 821 5555 patienter
832 5497 911 5541 sus·
966 5481 1002 5540 in
1016 5481 1111 5553 coelo,
1131 5481 1209 5558 quia
1224 5481 1311 5543 sicut
1324 5480 1446 5543 dicitur
1466 5481 1502 5541 in
1526 5478 1611 5540 libro
1627 5480 1765 5556 Sapien-

113 5575 217 5639 tinuit.
234 5575 408 5638 'transivit
432 5590 492 5652 per
509 5592 641 5653 aquam,
663 5578 742 5654 quia
764 5578 912 5641 delecta·
964 5578 1046 5641 tiae:
1064 5581 1253 5653 Tunmuum
1268 5595 1396 5640 aarum
1419 5581 1456 5639 iu
1476 5580 1619 5652 fornace
1631 5582 1763 5652 probu-

112 5676 219 5736 menta
235 5673 341 5750 hujus
355 5671 470 5734 mundi
481 5673 689 5755 contempsit.
966 5677 1017 5738 ott
1029 5677 1151 5739 ctcctos
1163 5679 1329 5739 Dominus
1343 5675 1435 5755 (Sap.
1452 5690 1503 5747 111,
1520 5672 1566 5755 a).
