3982 6196
118 297 176 357 cal

118 456 235 521 condo.
256 455 383 518 Taliter
401 454 505 532 igitur
525 454 559 518 id
579 452 666 534 quod
683 470 704 517 a
724 455 757 517 te
777 456 920 533 petimus

118 570 219 633 super
248 554 330 616 dicti
356 555 547 631 provisione
571 552 724 629 magistri
754 554 921 631 compleas

118 669 178 731 per
197 652 366 730 ellectum,
384 652 469 730 quod
491 668 562 724 nos,
584 651 704 730 quibus
722 653 854 729 gratum
872 652 923 713 est

118 751 302 829 plurimum
329 753 364 812 et
385 751 559 828 acceptum
583 766 658 812 cum
682 748 768 812 bene
792 749 921 812 meritis

122 849 253 912 fructus
267 848 378 926 dignas
392 847 624 910 retributionis
635 846 849 925 impenditur,
863 847 923 910 do-

120 948 290 1010 votionam
303 950 395 1008 tuam
407 957 502 1011 esso
517 947 685 1024 possimus
700 946 821 1008 merito
835 961 921 1007 com-

749 294 978 356 EPIS'I’OLAE.
1002 297 1080 358 LIB.
1104 297 1145 358 ll.

1712 306 1772 364 042

975 459 1165 536 praeposito,
1181 458 1308 521 decano
1322 458 1355 521 et
1369 459 1513 538 capitulo
1527 461 1770 525 suessionensi.

1015 554 1120 617 Justls
1143 555 1325 633 petentium
1357 572 1465 631 usone
1488 560 1695 638 :complera
1729 563 1774 623 aa

975 655 1110 731 propter
1123 669 1230 729 usquc
1245 671 1256 713 .·
1270 670 1421 716 assensu.
1437 657 1619 719 Ecclesiam
1643 658 1676 720 et
1696 675 1775 736 per-

976 765 1076 811 sonas
1085 752 1215 811 vestras
1228 752 1466 813 cum'omnibus
1480 752 1576 816 honis
1586 755 1654 816 tam
1666 756 1776 818 eccle-

976 847 1133 918 siasticis,
1147 864 1246 926 quam
1257 849 1434 911 mundanis
1444 866 1517 928 quae
1530 852 1565 912 in
1577 855 1776 930 praesentia·
1819 834 1824 841 ’

977 962 1050 1006 rum
1065 945 1310 1009 rationabiliter
1319 948 1507 1024 possidetis,
1517 951 1574 1012 aut
1584 951 1619 1012 in
1628 951 1776 1015 futurum

120 1046 292 1108 mendara.
306 1046 426 1106 Datum
444 1045 600 1107 Laterani
615 1043 745 1106 declmo
760 1043 920 1106 kalendas
971 1043 1074 1117 justis
1086 1044 1192 1106 modis
1206 1059 1314 1119 enque
1329 1061 1340 1104 .·
1355 1046 1566 1124 suscipimus.
1580 1049 1778 1127 Specialiter

121 1144 235 1206 martii
247 1158 335 1205 anno
351 1142 508 1205 secundo.

444 1286 602 1374 CXLIII

120 1426 171 1486 Ad
183 1426 383 1498 episcopum
402 1422 437 1484 ct
457 1422 645 1492 capitulum
672 1422 921 1482 Vinartcnsem.

426 1535 459 1592 n
471 1533 527 1592 teu.
542 1512 621 1593 laval

163 1634 286 1697 [nonest.
296 1631 344 1683 lib.
354 1632 387 1690 ll,
397 1631 533 1697 cpistsst).
543 1632 600 1682 llss.
614 1633 651 1683 be
662 1632 736 1683 Porto
746 1630 782 1682 du
794 1629 887 1696 Thurii]

183 1732 221 1790 Ut
233 1729 468 1788 archidiaconum
480 1729 510 1787 ln
525 1731 695 1788 canonicum
706 1728 855 1802 recipiant.

161 1840 342 1911 Honorius,
359 1839 436 1911 etc,
448 1839 633 1901 venerabili
645 1837 743 1900 fratri
755 1838 921 1915 episcopo,

121 1940 154 1999 et
168 1936 301 1998 dilectis
317 1936 396 1997 liliis
410 1937 556 2013 capitulo
570 1936 771 1999 vivariensi.

160 2035 377 2097 Praesentatae
392 2033 487 2096 nobis
502 2035 620 2096 vestrae
646 2035 766 2097 litterae
781 2033 925 2097 contine-

120 2133 211 2205 bant,
237 2132 324 2211 quod
349 2149 449 2209 quum
475 2132 615 2210 dilectus
641 2132 731 2194 illius
750 2135 787 2194 P.
802 2133 924 2194 Antio-

121 2231 249 2292 chenus
269 2230 525 2293 archidiaconus
543 2230 682 2292 matrem
700 2246 793 2291 suam
817 2231 924 2291 Viva·

121 2328 487 2405 rien.occlesiam,quae
497 2329 605 2407 ipsum
616 2327 815 2390 educaverat
824 2328 924 2404 longo

120 2429 272 2504 tempore
300 2426 480 2499 visitasset,
496 2444 554 2489 vos
582 2426 789 2488 devotionern
812 2427 923 2489 atten-

121 2524 239 2587 dentes
253 2523 360 2601 ipsius
373 2525 549 2601 quamdam
561 2524 773 2602 praebendam
786 2524 926 2586 canoni-

121 2622 227 2684 calem
243 2620 340 2699 panis
365 2620 491 2682 etvini
513 2621 577 2683 sibi
600 2621 785 2684 liberaliter
807 2624 926 2683 contu-

120 2719 228 2791 listis,
267 2735 307 2781 ao
343 2717 453 2795 ipsum
488 2719 631 2782 libenter
661 2721 697 2782 in
728 2720 925 2782 canonicum

121 2816 345 2895 recepissetis,
362 2817 395 2878 et
409 2817 558 2889 fratrem,
575 2817 640 2879 nisi
657 2818 806 2895 quaedam
822 2834 924 2879 cons-

123 2915 236 2978 titutio
260 2914 301 2976 de
330 2930 396 2976 non
422 2914 623 3003 recipiendis
647 2914 835 2988 canonicis,
859 2915 924 2976 nisi

121 3012 313 3092 quindecim
348 3013 416 3074 sint
447 3014 628 3091 praesentes
658 3029 678 3075 a
709 3011 815 3074 vobis'
837 3012 925 3074 edita

124 3110 322 3174 obstitisset.
340 3110 435 3173 Unde
454 3109 549 3172 nobis
561 3113 722 3189 proparte
736 3110 849 3174 vestra
864 3109 927 3172 fuit

118 3208 294 3271 humiliter
307 3208 539 3287 supplicatum,
550 3210 586 3270 ut
596 3226 671 3272 cum
680 3208 763 3272 adeo
775 3209 820 3270 sit
829 3223 927 3271 cano·

117 3308 273 3369 nicorum
292 3322 452 3369 numerus
477 3306 671 3379 diminutus,
697 3306 784 3385 quod
805 3322 927 3369 secun-

118 3404 197 3466 dum
211 3404 483 3467 constitutionem
493 3404 685 3481 praedictam
701 3405 742 3466 ad
756 3405 927 3482 recipien-

120 3501 199 3563 dum
214 3502 326 3580 ipsum
341 3502 393 3563 vel
409 3501 512 3563 alium
521 3501 700 3578 procedere
713 3517 779 3563 non
792 3502 923 3574 valetis,

119 3598 287 3662 detectum
302 3601 449 3661 vestrum
467 3598 556 3661 circa
571 3600 680 3678 ipsum
692 3599 847 3677 supplere
863 3601 927 3661 ml·

117 3697 336 3759 sericorditer
350 3696 576 3774 dignaremur.
601 3698 670 3760 Nos
690 3697 793 3774 igitur
804 3698 925 3760 vestris

117 3795 276 3874 precibus
290 3794 456 3868 inclinati,
477 3795 511 3857 ei
524 3794 757 3857 canonicatum
772 3795 925 3858 ecclesias

115 3894 253 3965 vestrae,
266 3908 306 3954 ac
318 3893 452 3955 stallum
466 3893 500 3954 in
511 3893 625 3966 choro,
642 3894 675 3955 et
689 3894 798 3954 locum
811 3891 846 3953 in
862 3909 924 3954 ca-

115 3991 225 4068 pitulo
245 3989 402 4053 duximus
427 3991 649 4062 concedenda,
680 3990 721 4052 de
743 3990 925 4068 praemissis

115 4106 222 4151 manu
245 4089 381 4166 propria
407 4089 623 4151 investientes
652 4087 814 4151 eumdem.
833 4091 924 4161 Quo-

116 4186 209 4248 circa
225 4187 479 4249 universitatem
502 4188 647 4249 vestram
662 4202 830 4263 rogamus,
853 4204 926 4248 mo·

116 4300 238 4346 nemus
247 4284 281 4345 et
292 4284 653 4357 exhortamurattente‚
663 4299 723 4362 per
734 4285 924 4362 apostolica

115 4380 215 4443 vobis
239 4381 364 4459 scripta
391 4381 599 4451 mandantes,
627 4384 790 4460 quatenus
816 4381 924 4444 eidem

116 4483 291 4555 tamquam
320 4480 431 4541 vestro
457 4480 684 4542 concanonico
708 4479 749 4542 de
771 4478 924 4542 omnibus

114 4575 253 4655 juribus
272 4576 444 4639 canonicis
463 4577 713 4654 respondentes,
727 4577 833 4655 ipsum
851 4578 923 4639 lra-

117 4675 215 4734 terna
237 4674 274 4734 in
295 4674 435 4736 Domino
461 4675 601 4737 caritate
622 4675 781 4737 tractetis.
805 4677 924 4737 Datum

117 4772 278 4833 Laterani
293 4788 381 4834 nono
397 4771 560 4834 kalendas
577 4772 700 4844 martii,
714 4772 924 4850 pontificatus

119 4868 227 4930 nostri
243 4884 331 4931 anno
347 4869 504 4933 secundo.

445 5003 598 5092 CXLIV

150 5127 206 5186 Ad
217 5128 458 5201 praepositum,
471 5131 641 5190 decertum
654 5128 689 5190 et
701 5129 891 5203 capitulum

413 5228 636 5288 suessionen.

418 5341 454 5398 23
471 5338 527 5398 let.
545 5341 623 5399 1218.

157 5433 279 5497 [Rogant.,
290 5433 334 5483 lib.
346 5436 378 5495 ll,
390 5435 466 5500 epist.
477 5436 533 5489 913.
545 5439 602 5488 llus.
616 5439 652 5489 La
661 5437 778 5488 Portedu
789 5438 884 5504 rheti]

227 5533 429 5590 possessiones
442 5540 472 5591 et
491 5535 640 5609 privilegia
655 5535 816 5594 coufirmat.

160 5640 330 5702 Honorius
359 5642 551 5722 episcopus,
581 5648 657 5718 etc,
687 5645 817 5707 dilectis
844 5645 923 5706 tiliis

265 5777 380 5822 raama.
401 5780 476 5823 roan
495 5768 532 5825 ll.

976 1143 1086 1203 autem
1101 1140 1282 1214 libertates,
1300 1141 1332 1203 et
1344 1142 1569 1206 immunitates
1579 1145 1620 1207 ab
1642 1146 1775 1225 inclytae

976 1238 1216 1301 recordationis
1253 1239 1437 1313 ludovice,
1469 1244 1502 1304 et
1533 1244 1707 1307 carissimo
1740 1246 1776 1308 in
1896 1239 1901 1252 ’

977 1336 1108 1399 Christo
1127 1336 1198 1400 filio
1217 1337 1331 1400 nostro
1349 1337 1503 1416 Philippo
1525 1341 1660 1418 regibus
1675 1345 1777 1404 Fran·

977 1434 1038 1496 ciae
1069 1435 1150 1497 eta
1185 1434 1292 1497 felicis
1319 1436 1562 1500 recordationis
1597 1441 1774 1514 samsone,

977 1532 1122 1594 Henrico
1136 1533 1169 1595 et
1181 1532 1351 1595 willelmo
1365 1534 1626 1614 archiepiscopis
1637 1541 1775 1600 Romen.

978 1631 1012 1691 et
1025 1646 1045 1691 a
1060 1630 1155 1692 honae
1172 1632 1341 1693 memorias
1368 1633 1522 1707 Gosleno,
1537 1635 1690 1710 Ancullo,
1706 1639 1779 1697 llu-

978 1743 1077 1804 gone,
1094 1730 1127 1790 et
1138 1729 1313 1799 Nivelone,
1328 1746 1368 1791 ac
1381 1731 1537 1793 venerab.
1549 1732 1652 1795 fratre
1664 1736 1780 1796 nostro

978 1825 1147 1888 Hamardo
1174 1828 1329 1904 episcopo
1354 1827 1568 1892 suessionen.
1600 1832 1695 1894 vobis
1725 1833 1781 1895 in-

978 1922 1099 1995 dultas,
1114 1924 1200 1986 sicut
1214 1941 1271 1987 eas
1280 1927 1372 2004 juste
1384 1942 1423 1988 ac
1438 1927 1576 2005 pacifice
1589 1929 1777 2006 possidetis,

978 2023 1012 2085 et
1022 2021 1058 2082 in
1069 2021 1303 2100 praedictorum
1318 2024 1439 2086 litteris
1454 2025 1653 2100 continetur,
1671 2028 1778 2103 vobis,

978 2121 1011 2182 et
1026 2136 1156 2197 pervus
1169 2121 1321 2183 ecclesiae
1335 2124 1456 2184 vestrae
1469 2125 1667 2188 auctoritate
1679 2130 1781 2204 Apos-

979 2219 1079 2281 tolica
1094 2219 1329 2281 confirmamus
1350 2220 1383 2281 et
1396 2223 1572 2298 praesentis
1590 2222 1707 2303 scripti
1719 2242 1781 2303 pa-

979 2315 1778 2394 trociniocommunimus,districtiusinhibentes,

978 2430 1022 2477 ne
1049 2414 1124 2493 quis
1147 2416 1463 2491 excommunicatos,
1487 2418 1520 2479 et
1542 2418 1737 2482 interdictos
1759 2437 1780 2483 a

978 2512 1074 2575 vohis
1100 2529 1160 2591 pro
1180 2513 1331 2576 ecclesiae
1350 2516 1469 2577 vestrae
1483 2532 1524 2578 ac
1538 2531 1652 2578 rorum
1672 2518 1780 2596 ipsius

979 2610 1172 2674 defensione
1197 2613 1338 2691 recipiat
1362 2612 1404 2675 ad
1432 2613 1558 2676 divina.
1585 2616 1677 2678 Nulli
1700 2632 1780 2694 ergo

980 2710 1102 2770 nostrae
1117 2711 1342 2788 protectionis,
1352 2711 1625 2787 confirmationis,
1642 2716 1676 2777 et
1689 2715 1781 2776 inhi-

979 2805 1126 2880 bitionis,
1156 2809 1218 2870 etc.
1250 2809 1286 2870 si
1316 2809 1390 2887 quis
1417 2812 1540 2883 autem,
1570 2812 1632 2874 otc.
1660 2814 1780 2875 Datum

980 2905 1137 2967 Laterani
1152 2906 1291 2984 septimo
1308 2906 1471 2970 kalendas
1485 2910 1599 2971 martii
1614 2926 1702 2973 anno
1726 2928 1782 2974 se-

980 3003 1100 3065 cundo.

1045 3264 1097 3323 Ad
1110 3264 1266 3326 abbatem
1284 3265 1491 3327 monasterti
1509 3269 1717 3342 nanneten.

1280 3395 1315 3454 at
1330 3395 1385 3455 leb.
1401 3398 1480 3456 l2l8.

1165 3499 1283 3565 [Ugheffl.
1297 3502 1372 3553 ltalia
1383 3517 1463 3561 sacra,
1474 3503 1519 3563 lx,
1529 3504 1598 3569 son]

980 3605 1119 3664 Abbatiet
1127 3607 1280 3665 conventui
1289 3610 1456 3666 monasterii
1464 3610 1672 3683 Aquaevlvede
1680 3610 1780 3670 ordine

1016 3695 1144 3753 Florensi
1165 3696 1318 3754 ecclesiam
1338 3698 1387 3756 ss.
1408 3699 1504 3755 'lrium
1529 3701 1700 3771 Puerorum,
1718 3715 1783 3774 que

1016 3783 1160 3857 quondam
1174 3784 1227 3842 luit
1238 3787 1400 3844 Groecorurn
1423 3789 1627 3846 monasterium
1644 3796 1674 3846 et
1694 3805 1781 3862 quarn

1015 3873 1059 3931 eis
1078 3873 1216 3932 liebertus
1243 3875 1410 3934 Catacenois
1434 3877 1587 3950 episcopus
1610 3879 1781 3947 contulerat,

1016 3962 1122 4020 inserto
1136 3961 1300 4021 donationis
1313 3963 1514 4034 instrumento,
1524 3964 1685 4025 confirmat.

1018 4078 1138 4141 Abbati
1166 4082 1200 4143 et
1227 4081 1405 4143 conventui
1431 4082 1627 4144 monasterii
1654 4085 1779 4160 Aquae-

979 4177 1065 4239 vivae
1077 4176 1118 4239 de
1128 4177 1199 4239 ord.
1216 4178 1379 4240 Florensi.

1021 4277 1127 4347 Quum
1140 4275 1343 4338 venerabilis
1369 4275 1473 4341 trater
1498 4282 1611 4342 noster
1625 4281 1779 4343 (latacen.

980 4373 1167 4451 episcopus,
1189 4374 1327 4452 capituli
1342 4376 1396 4437 sui
1408 4377 1585 4440 accedente
1601 4395 1777 4451 consensu,

979 4474 1171 4533 sanctorum
1182 4473 1297 4534 Trium
1307 4477 1491 4537 Puerorum
1501 4476 1782 4541 ecclesiamdeso-

980 4567 1081 4631 latam
1093 4572 1297 4633 monasterio
1308 4574 1419 4634 vestro
1428 4573 1584 4647 vicinam,
1594 4591 1783 4652 quaequon-

979 4666 1055 4728 dam
1084 4671 1275 4730 Graecorum
1304 4669 1367 4731 fuit
1399 4673 1654 4740 monasterium,
1685 4670 1780 4734 vobis

979 4764 1102 4826 intuitu
1126 4766 1304 4827 contulerit
1328 4767 1471 4843 pietatis,
1488 4768 1574 4831 sicut
1597 4769 1632 4830 in
1653 4770 1780 4831 instru-

980 4865 1089 4924 mento
1102 4862 1224 4924 exinde
1236 4862 1396 4937 confecto,
1407 4866 1569 4945 nobisque
1579 4868 1779 4945 praesentato

979 4960 1110 5039 plenius
1125 4960 1326 5032 continetur,
1347 4978 1386 5024 ac
1408 4962 1495 5025 idern
1519 4963 1694 5044 episcopus
1720 4981 1780 5042 por

979 5074 1057 5119 suas
1073 5058 1201 5120 litteras
1218 5060 1437 5136 postulaverit
1451 5061 1573 5124 lactum
1588 5062 1780 5141 huJusmodi

978 5155 1176 5218 auctoritate
1187 5156 1282 5217 sedis
1293 5159 1492 5236 ApostolIcae
1503 5161 1705 5233 confirmari,
1717 5176 1778 5221 nos

978 5253 1111 5326 vestris,
1128 5255 1161 5316 et
1175 5254 1323 5331 eJusdem
1347 5258 1494 5335 episcopi
1507 5258 1660 5335 precibus
1676 5258 1777 5319 incli-

978 5351 1060 5425 nati,
1086 5352 1126 5413 de
1143 5350 1359 5430 benignitate,
1382 5371 1421 5416 ac
1442 5356 1550 5431 gratia
1564 5355 1712 5434 speciali,
1733 5372 1777 5417 ne

978 5448 1776 5531 solidonationipraedictaevideamurinviti,prae·

978 5546 1080 5608 fatam
1104 5548 1293 5621 ecclesiam,
1312 5549 1399 5611 sicut
1420 5564 1493 5611 earn
1510 5552 1601 5628 juste
1626 5567 1665 5613 ac
1683 5546 1777 5630 paci-¹

978 5645 1039 5705 lice
1054 5645 1240 5722 possidetis,
1255 5648 1288 5709 et
1307 5651 1523 5710 memoratum
1539 5650 1687 5712 continet
1706 5650 1777 5711 ins·

1599 5772 1633 5830 21
