3900 6202
12 268 154 336 ,tte

94 420 215 493 amalo
231 426 893 505 0000000001,001000110100110100100-

95 532 157 600 tur,
169 527 494 589 discretionivestrae
502 541 562 603 per
570 524 760 603 Apostolica
768 526 892 602 scripta

97 625 302 697 mandamus,
319 626 483 701 quatenus
508 622 586 683 illos
609 621 669 682 sub
684 638 824 698 quorum
834 626 893 700 ju-

98 721 289 783 risdictione
313 719 504 798 hujusmodi
526 719 672 780 usurarii
688 717 894 780 0100010100-

98 822 182 880 tores
205 817 412 888 consistunt,
437 832 494 877 eos
515 815 672 877 inducere
695 816 890 892 procuretis,

102 915 131 976 et
152 915 179 975 si
195 928 278 990 opus
298 912 400 975 luerit
413 928 663 990 percensuram
685 912 892 974 ecclesiasti-

102 1027 169 1073 cam
200 1010 422 1087 compellatis,
459 1009 495 1071 ut
524 1025 545 1069 a
580 1008 650 1069 suis
682 1010 892 1085 compescant

103 1106 264 1170 erroribus
278 1106 418 1167 brachio
433 1105 693 1177 saeculari.Quod
709 1106 739 1166 si
752 1121 892 1167 nonom-

104 1204 247 1275 nes,etc.,
261 1206 297 1264 tu
309 1202 415 1265 irater
425 1202 687 1281 archiepiscope,
703 1203 892 1265 0101101001

104 1305 208 1365 Romae
226 1300 316 1378 apud
337 1300 494 1363 sanctum
513 1301 659 1368 Petrum,
683 1299 810 1361 decimo
829 1298 893 1362 ha·

104 1398 211 1458 landas
238 1396 401 1476 januarii,
426 1395 637 1473 pontificatus
670 1396 775 1459 nostri
802 1411 891 1459 anno

103 1494 211 1572 primo.

435 1695 555 1783 dxvi

164 1919 216 1978 Aa
228 1919 527 1993 archiepiscopum
542 1922 775 1981 1110000000οι
789 1918 824 1980 01

321 2015 563 2093 suffruqcneos
577 2017 663 2088 0100.

379 2144 414 2203 23
439 2143 501 2202 dec.
527 2144 607 2203 laio.

124 2283 245 2348 [11000011
257 2283 306 2335 111).
317 2284 338 2344 1,
349 2284 423 2350 epist.
437 2283 492 2335 lot.
514 2285 572 2335 llss.
583 2286 619 2336 La
631 2286 707 2336 Porta
721 2284 754 2335 du
764 2282 859 2349 rhchp

94 2441 208 2502 landet
224 2451 257 2502 ut
281 2444 499 2518 berengariam,
518 2444 631 2518 Anglie
655 2444 798 2517 quondam
818 2443 892 2517 regi·

128 2545 204 2602 uam,
233 2531 271 2590 ab
304 2533 467 2605 iniquorum
492 2532 640 2591 hominum
667 2532 696 2590 vi
724 2539 753 2589 et
781 2531 892 2605 injuriis

127 2625 272 2690 tueantur,
290 2636 329 2678 ne
344 2636 453 2694 magno
469 2636 535 2679 oum
554 2629 669 2694 sumptu
685 2628 770 2694 atque
786 2620 892 2678 incom-

129 2707 214 2765 modo
233 2709 358 2767 nuncios
376 2709 412 2767 ad
434 2709 629 2782 apostolicam
651 2709 755 2769 sedem
779 2708 891 2768 mittere

128 2804 260 2871 cogatur.

134 2940 326 3010 Honorius,
359 2940 445 3013 eto,
478 2941 663 3003 venerabili
700 2939 796 3003 butri
830 2956 890 3002 ar·

98 3035 310 3115 chiepiscopo
351 3038 559 3110 Turonensi,
596 3039 629 3099 01
669 3037 890 3114 suffraganeis

98 3135 180 3210 ejus.

135 3231 225 3292 Licet
246 3230 438 3308 apostolicae
461 3232 631 3294 servitutis
660 3231 805 3294 officium
829 3247 890 3293 nos

99 3327 247 3387 omnibus
266 3327 303 3388 iu
320 3328 451 3405 justitia
471 3328 595 3389 statuat
614 3328 790 3399 debitores,
810 3344 889 3404 spe-

103 3421 227 3485 cialiter
244 3424 356 3485 tamen
381 3425 535 3486 tenemur
558 3440 601 3486 ex
626 3441 665 3487 eo
687 3424 890 3486 defensionis

0 3591 1 3604 χ
105 3519 212 3596 clypeo
233 3520 354 3581 viduas
380 3523 595 3594 communire,
624 3538 706 3598 quas
732 3522 890 3583 Dominus

102 3630 179 3677 uoce
202 3618 398 3694 prophetica
425 3619 577 3695 praecipit
596 3618 778 3691 defensari,
807 3634 891 3695 qua-

102 3726 171 3774 rum
184 3729 218 3774 se
237 3715 400 3791 promittit
416 3715 594 3777 clamorem
610 3717 651 3777 ad
675 3732 750 3777 eum
764 3715 891 3777 vocife-

102 3811 239 3871 rantium
262 3811 436 3883 exaudire,
459 3828 499 3873 ac
520 3814 635 3875 contra
655 3828 724 3885 oos,
752 3813 808 3889 qui
833 3829 889 3874 eas

104 3904 479 3971 laederuntcommoreri.
501 3911 580 3970 Cum
596 3910 699 3986 igitur
715 3909 889 3970 carissima

104 4000 137 4061 in
159 4003 285 4066 Christo
311 4005 383 4066 fllia
403 4007 606 4081 Berengaria
629 4006 795 4083 quondam
819 4010 891 4067 An-

102 4098 222 4173 glorum
236 4102 356 4178 regina
375 4102 516 4164 illustris
537 4102 727 4180 frequenter
741 4119 761 4163 a
776 4102 889 4164 multis

101 4196 163 4257 tam
177 4198 308 4260 clericis
331 4214 429 4275 quam
444 4200 540 4260 laicis
561 4200 703 4277 injnrias
728 4200 890 4261 sustineat

102 4293 132 4352 et
142 4296 283 4370 rapinas,
306 4311 346 4357 ac
359 4296 459 4356 nimis
478 4297 509 4358 ei
529 4296 778 4372 dispendiosum
802 4298 890 4359 esset

101 4390 131 4449 et
150 4407 261 4466 grave,
285 4408 347 4470 pro
373 4393 520 4470 querelis
542 4394 683 4469 singulis
708 4393 887 4454 adsedem

727 268 955 333 EPISTOLAE.
979 270 1057 332 LIB.
1082 270 1106 331 Ι.

1275 436 1416 527 CXVII

947 616 998 673 Ad
1020 615 1216 687 episcopum
1241 615 1275 676 et
1299 618 1468 677 00000000
1495 617 1530 677 01
1554 618 1743 690 capitonem

1205 714 1476 774 Lemovicenses

1235 820 1271 880 30
1286 823 1350 880 dec.
1375 824 1454 882 llld.

983 942 1101 1006 [Regest.,
1112 942 1183 1002 lib.1,
1197 944 1269 1008 epist.
1285 945 1339 995 133.
1350 948 1407 997 hlss.
1422 947 1458 999 Lu
1470 946 1545 997 Porto
1559 946 1593 999 du
1607 947 1700 1011 TbeiIJ.

946 1058 983 1116 Ut
996 1058 1131 1116 clericum
1155 1061 1305 1132 quemdam
1328 1077 1483 1135 pauperem
1506 1064 1742 1123 nomiueGance·

1043 1146 1132 1204 linum
1145 1149 1223 1206 Boiol
1234 1150 1263 1206 in
1278 1152 1448 1208 canonicum
1464 1150 1625 1209 admittant,

987 1263 1165 1339 Honorius,
1197 1266 1273 1339 eto,
1303 1267 1486 1329 venerabili
1520 1267 1616 1331 fratri
1651 1270 1742 1345 epis-

946 1375 1040 1437 copo,
1068 1362 1101 1422 et
1119 1361 1249 1424 dilectis
1275 1363 1354 1425 filiis
1381 1365 1505 1427 decano
1534 1367 1568 1427 et
1595 1366 1740 1443 capitulo

946 1458 1168 1531 Lemovices,
1185 1460 1337 1530 salutem,
1350 1461 1383 1523 et
1404 1506 1412 1522 .

986 1556 1114 1626 Quanta
1130 1555 1169 1617 de
1188 1558 1378 1633 provisione
1398 1575 1580 1636 pauperum
1596 1559 1740 1622 clerico-

946 1667 1020 1712 rum
1035 1653 1161 1719 utilitas
1175 1654 1332 1716 Ecclesiae
1351 1658 1410 1717 Dei
1422 1659 1493 1733 jam
1508 1657 1698 1734 pervenerit
1709 1657 1742 1718 et

947 1750 1341 1825 perveniatincessanter,
1354 1753 1741 1816 discretionemvestram

945 1862 1013 1907 000
1029 1848 1193 1909 oredimus
1216 1848 1384 1924 ignorare,
1400 1851 1520 1928 quibus
1542 1851 1741 1928 apostolica

947 1944 1042 2004 Sedis
1068 1945 1251 2006 subsidium
1277 1947 1442 2023 denegare
1470 1964 1536 2010 000
1565 1964 1741 2025 possumus

945 2056 1007 2102 neo
1035 2040 1209 2114 debemus,
1246 2045 1302 2120 qui
1331 2045 1512 2105 secundum
1546 2046 1741 2122 Apostolum

945 2136 1024 2199 iacti
1043 2154 1157 2198 sumus
1182 2156 1225 2200 ex
1248 2142 1410 2218 susceptae
1435 2143 1605 2204 servitutis
1631 2142 1741 2204 officio

946 2234 1151 2311 sapientibus
1166 2235 1199 2297 et
1216 2236 1452 2313 insipientibus
1467 2238 1644 2300 debitores.
1662 2239 1741 2302 Inde

946 2331 1101 2410 estquod
1122 2349 1182 2410 pro
1207 2332 1326 2396 dilecto
1352 2335 1421 2396 illio
1445 2336 1626 2397 Gancelino
1647 2337 1741 2399 Boiol

946 2444 1090 2506 paupere
1106 2430 1228 2492 clerico
1243 2431 1284 2492 de
1293 2431 1412 2493 vestris
1426 2432 1574 2509 partibus
1587 2434 1739 2507 oriundo,

946 2527 1197 2590 universitatem
1213 2530 1359 2591 vestram
1380 2530 1563 2605 rogandam
1584 2531 1741 2592 duximus

946 2624 979 2686 01
992 2623 1200 2697 monendam,
1220 2642 1279 2702 per
1302 2627 1484 2703 apostolica
1503 2626 1597 2688 vobis
1618 2628 1741 2704 scripta

945 2704 1152 2794 mandantes,
1168 2723 1330 2799 quatenns
1346 2722 1386 2785 ob
1401 2724 1623 2785 reverentiam
1639 2728 1742 2800 Apos-

945 2818 1054 2880 tolicae
1074 2818 1168 2880 Sedis
1181 2820 1227 2880 et
1248 2820 1397 2882 nostram
1421 2820 1530 2897 ipsum
1545 2821 1580 2881 in
1604 2821 1740 2882 fratrem

946 2918 1092 2977 vestrum
1102 2917 1134 2978 et
1144 2917 1532 2981 canonicumliberaliter
1544 2918 1738 2991 admittatis

945 3028 1081 3089 precum
1108 3015 1297 3077 nostrarum
1323 3015 1487 3091 primitias
1508 3015 1620 3077 taliter
1644 3015 1742 3077 audi-

944 3110 1023 3182 turi,
1045 3110 1129 3187 quod
1145 3111 1232 3172 idem
1247 3114 1435 3174 assecutum
1451 3128 1487 3173 se
1501 3112 1740 3189 gaudeatquod

944 3207 1096 3280 intendit,
1117 3211 1150 3269 et
1172 3225 1232 3269 nos
1250 3209 1457 3271 devotionem
1470 3211 1617 3271 uestram
1632 3207 1742 3286 possi-

945 3321 1018 3365 mus
1033 3305 1068 3366 10
1087 3306 1226 3367 Domino
1241 3308 1483 3368 commendare.
1509 3309 1628 3368 Datum
1643 3307 1742 3367 Late-

944 3403 1030 3475 rani,
1044 3403 1143 3464 100110
1165 3403 1327 3465 kalendas
1345 3404 1507 3481 januarii,
1529 3404 1740 3482 pontilloatus

945 3500 1050 3562 nostri
1065 3516 1153 3562 anuo
1166 3501 1284 3577 primo.

1258 3686 1421 3772 CXVIII

982 3855 1035 3913 Ad
1048 3856 1201 3913 00000100
1215 3853 1249 3913 01
1256 3858 1421 3927 porriciam
1435 3854 1696 3914 Guarcinohou.

1242 3964 1334 4037 tien.
1357 3965 1435 4022 1217.

1066 4087 1238 4153 [spicilegium
1249 4088 1424 4147 Liberianum,
1435 4102 1461 4152 p.
1472 4088 1527 4147 lis,
1539 4102 1566 4138 n.
1577 4088 1613 4152 8].

943 4205 1039 4262 blonct
1056 4210 1086 4261 ut
1099 4204 1303 4261 monasterium
1313 4205 1343 4262 S.
1356 4204 1557 4262 bartholomei
1571 4202 1606 4260 de
1618 4203 1740 4262 lrisulto

978 4300 1006 4349 el
1017 4291 1118 4349 iratres
1127 4291 1231 4349 ibidem
1248 4299 1392 4349 morantes
1405 4291 1736 4351 commendatoshaben-

979 4386 1022 4436 tes
1047 4382 1154 4437 nullam
1178 4381 1221 4437 eis
1243 4397 1329 4453 super
1352 4382 1590 4455 possessionibus,
1614 4382 1738 4454 pascuis,

99 4488 315 4563 Apostoficam
334 4490 475 4551 nuncios
497 4490 678 4563 destinare,
702 4507 763 4550 nos
778 4491 809 4551 ei
823 4507 888 4552 vo,
978 4469 1024 4526 vel
1037 4468 1099 4525 aliis
1107 4468 1189 4526 bonis
1203 4468 1325 4526 inserant
1333 4471 1494 4527 molestiam
1507 4471 1553 4528 vel
1567 4484 1736 4543 gravamen.

99 4581 196 4645 lentes
208 4587 349 4663 paterna
364 4586 587 4648 sollicitudine
605 4587 789 4664 providere,
806 4588 887 4647 uni-
983 4588 1062 4646 Cum
1074 4586 1265 4662 Apostolica
1279 4587 1380 4647 Sedes
1391 4587 1634 4647 cartusiensem
1647 4585 1740 4646 ordi-

98 4684 240 4745 versitati
252 4684 374 4745 vestrae
388 4700 449 4760 per
467 4684 648 4761 apostolica
664 4684 787 4761 scripta
801 4701 889 4762 prae·
943 4699 1017 4743 nem
1037 4684 1071 4744 in
1095 4684 1297 4745 monasterio
1318 4683 1431 4744 Sancti
1453 4682 1688 4743 Bartholomaei
1703 4682 1738 4740 iu

97 4778 242 4855 cipiendo
258 4780 469 4853 mandamus,
489 4781 651 4857 quatenus
670 4782 822 4858 quotiens
847 4780 887 4843 ab
942 4780 1085 4841 Trisulto
1094 4780 1304 4856 plantaverit,
1313 4782 1346 4840 et
1360 4795 1420 4839 nos
1440 4778 1480 4839 ad
1495 4779 1598 4853 ipsius
1613 4779 1738 4853 irriga-

98 4876 282 4940 carueritis
310 4877 475 4954 requisiti,
503 4877 642 4954 quilibet
674 4880 820 4939 vestrum
848 4879 888 4940 do
942 4877 1066 4938 tlouem
1076 4879 1108 4938 et
1119 4877 1342 4938 defensionem
1356 4877 1541 4952 promptum
1556 4874 1737 4936 habeamus

97 4974 305 5047 parochianis
332 4974 403 5034 suis
429 4974 484 5052 qui
515 4990 588 5035 eam
617 4976 890 5052 praesumpserint
942 4973 1102 5045 animum,
1114 4990 1156 5035 00
1168 4972 1582 5035 arescat:uuirersitatem
1592 4974 1737 5035 vestram

97 5067 231 5133 iudebite
249 5071 440 5143 molestare,
457 5072 522 5147 ipsi
544 5071 654 5143 saciat,
668 5074 888 5149 appellatione
942 5089 1098 5149 rogamus
1113 5071 1270 5133 attentius
1286 5073 1319 5133 01
1332 5087 1514 5143 monemus
1526 5087 1587 5148 per
1601 5071 1737 5148 aposto-

96 5168 370 5246 remota,justitiae
383 5169 621 5245 plenitudinem
637 5170 889 5243 exhiberieos-
942 5170 1008 5231 lica
1033 5169 1127 5231 vobis
1164 5169 1287 5245 scripta
1327 5169 1538 5242 0000000100,
1570 5171 1732 5246 quatenus

96 5263 158 5327 dem
171 5267 213 5328 ad
228 5267 263 5328 id
283 5281 344 5343 per
359 5282 533 5328 censuram
544 5267 816 5339 ecclesiasticam,
833 5284 888 5345 ap
943 5268 1179 5329 monasterium
1197 5268 1305 5344 ipsum
1329 5270 1362 5329 et
1382 5268 1502 5329 iratres
1519 5268 1641 5328 ibidem
1665 5283 1738 5327 mo-

95 5363 267 5441 pellatione
291 5364 486 5439 postposita,
510 5365 747 5442 compellendo.
769 5368 887 5427 Datum
942 5364 1517 5427 000100001001000100000011οι0
1538 5364 1736 5440 00οο10110εο

94 5460 195 5522 Romae
204 5459 298 5537 apud
311 5460 345 5519 S.
359 5459 504 5528 Petrum,
515 5459 715 5521 Xkaleudas
723 5460 884 5538 januarii,
944 5463 1037 5523 Sedis
1058 5466 1090 5523 et
1104 5465 1250 5524 nostram
1267 5464 1462 5541 propensius
1477 5461 1734 5533 commendatos,

92 5558 302 5635 pontificatus
315 5555 422 5617 nostri
435 5572 522 5620 anno
537 5557 655 5635 primo.
943 5562 1067 5622 nullam
1092 5561 1141 5621 eis
1165 5576 1264 5637 snper
1297 5558 1572 5637 possessionibus,
1602 5560 1735 5636 pascuis
