3968 6204
204 288 262 352 les
670 270 849 346 sonora
871 280 916 342 ur
937 278 1087 341 ornan.
1100 252 1385 341 -Lsaanosss
1802 279 1866 342 soa

203 450 314 513 semis
340 445 585 510 testamentum
614 458 732 505 meum
753 456 821 519 per
847 456 886 505 os
905 442 1005 505 tuum
1058 440 1122 512 tur,
1139 440 1300 517 stingum
1314 436 1437 500 christi
1452 438 1624 516 suscipiat,
1640 437 1682 501 de
1696 455 1762 518 qno
1777 438 1863 501 dicit

205 544 277 626 (Ps.
295 546 346 615 49,
367 544 431 626 16).
448 546 529 606 Cum
547 542 578 604 is
597 540 653 620 qui
669 539 823 619 displicet
837 539 880 602 ad
898 540 1005 602 inter·
1058 537 1274 614 Evangelium
1298 558 1307 598 ι
1330 540 1461 615 lupum
1487 541 1582 599 enim
1605 553 1722 599 maestm
1749 552 1864 600 suave

205 643 388 707 cedendum
410 642 562 710 mittitur,
586 640 665 702 irati
683 639 814 701 animus
842 638 884 700 ad
904 638 1003 701 dete·
1057 636 1157 697 estet
1172 650 1259 697 onus
1274 650 1393 697 oscum
1411 641 1484 698 teve
1499 633 1630 714 (Mattb.
1650 652 1697 708 xr,
1713 635 1780 714 29).
1796 635 1866 698 Ad·

204 743 295 805 riora
317 740 528 819 provocatur.
545 740 632 800 Nam
654 741 750 817 crpus
764 737 833 800 vita
854 736 1002 814 despici·
1058 731 1158 794 ducat
1172 748 1251 809 ergo
1273 732 1429 795 sacerdos
1445 733 1587 795 situlum
1601 733 1642 795 ad
1668 732 1791 794 ostium
1806 734 1866 796 ta·

205 841 271 912 tur,
294 839 399 901 restat
412 837 449 899 ut
466 841 538 916 ejus
553 836 746 927 pradicatio
761 836 1002 898 contemnatur.
1057 828 1229 892 bernaculi
1248 846 1307 908 per
1331 831 1400 892 oris
1421 830 1679 902 contessionem,
1701 832 1734 893 et
1756 832 1865 909 ponat

184 988 186 993 ,
245 936 304 996 Vae
323 933 455 1010 iis,qui
470 931 589 994 debent
603 947 677 994 esse
696 932 746 994 sal
759 932 870 1003 terroe,
884 930 914 990 si
928 931 1006 991 tan-
1058 943 1192 989 manum
1203 943 1303 1005 super
1315 930 1413 1006 caput
1427 932 1499 1007 ejus
1513 944 1572 1007 per
1583 930 1694 1006 operis
1708 929 1865 990 satisfac·

208 1048 307 1110 quam
329 1030 380 1094 sai
392 1030 593 1093 infatuatum
612 1031 825 1101 evanescunt,
841 1027 883 1090 ab
895 1027 1006 1089 borni·
1057 1025 1194 1100 tionem,
1214 1027 1247 1088 et
1267 1026 1416 1089 immolet
1429 1043 1506 1089 eum
1520 1026 1660 1088 Domino
1675 1042 1734 1104 per
1745 1026 1863 1089 cordis

208 1128 269 1191 bns
294 1128 371 1190 sunt
393 1128 633 1203 conculcand13
662 1143 713 1189 rae
740 1127 783 1189 iis
809 1125 867 1205 qui
885 1124 1005 1186 debent
1058 1124 1304 1197 contritionem,
1328 1125 1365 1186 ut
1377 1124 1526 1187 diluatur
1536 1126 1708 1203 peccatum
1722 1125 1862 1201 cogita·

205 1243 283 1289 esse
303 1227 362 1288 lux
381 1225 506 1301 mundi,
533 1226 562 1288 si
585 1225 624 1287 in
646 1225 830 1288 exteriores
848 1222 1005 1286 tenebras
1059 1222 1159 1284 tionis
1173 1222 1210 1284 in
1224 1221 1334 1294 corde,
1356 1225 1528 1301 peccatum
1542 1222 1719 1286 locutionis
1733 1223 1769 1283 in
1785 1238 1861 1295 ore,

207 1326 286 1388 sunt
311 1324 483 1402 mittendi;
510 1340 562 1387 re
585 1321 836 1386 successoribus
861 1320 1007 1399 Aposto·
1058 1321 1230 1398 peccatum
1265 1321 1469 1399 operationis
1499 1320 1535 1382 in
1567 1336 1678 1398 opere.
1707 1320 1865 1383 Adducet

206 1422 327 1495 lorum,
344 1423 374 1485 si
387 1421 588 1484 mercenarii
598 1421 677 1483 sunt
691 1419 843 1496 dicendi3
858 1434 910 1481 vae
927 1433 1006 1496 pas-
1058 1433 1138 1495 ergo
1153 1418 1321 1493 sacerdos,
1338 1418 1380 1480 ad
1395 1419 1516 1480 ostium
1528 1417 1748 1492 tabernaculi,
1768 1419 1868 1483 vitu·

207 1519 336 1583 torihus
358 1520 482 1592 ovium,
503 1520 533 1580 si
557 1519 646 1582 inter
665 1517 781 1580 hoedos
801 1517 879 1578 sunt
896 1515 1004 1578 collo·
1058 1516 1138 1579 lum.
1160 1519 1226 1579 Per
1239 1516 1491 1580 tabernaculum
1505 1516 1723 1593 intelligimus
1737 1532 1866 1595 corpus

210 1617 327 1693 candi3
344 1633 396 1680 vae
418 1616 601 1679 cultoribus
624 1616 743 1689 vineas,
766 1614 795 1676 si
817 1630 892 1676 cum
907 1612 1004 1674 malis
1059 1613 1094 1675 in
1110 1629 1176 1692 quo
1195 1615 1376 1676 secundum
1394 1614 1588 1693 Apostolum
1607 1614 1867 1692 peregrinamur

210 1715 368 1792 agricolis
383 1715 460 1777 sunt
473 1713 650 1793 pendendi3
665 1729 716 1776 vae
725 1712 888 1791 operariis
898 1711 1006 1773 domi·
1058 1712 1245 1775 abomino.
1268 1712 1421 1775 Proiecto
1439 1728 1500 1791 per
1513 1712 1635 1774 ostium
1650 1712 1865 1774 tabernaculi

209 1813 295 1874 nicae
310 1812 438 1885 messis,
449 1812 477 1874 si
489 1829 564 1873 cum
574 1811 671 1889 pales
681 1811 759 1873 sunt
770 1809 1003 1885 comburendi3
1059 1808 1216 1899 debemus
1248 1826 1286 1872 os
1311 1810 1461 1889 corporis
1487 1810 1693 1887 intelligere,
1722 1811 1764 1873 de
1791 1825 1864 1888 quo

206 1926 258 1972 aas
284 1910 507 1987 piscatoribus
535 1910 718 1982 bominum,
748 1909 777 1970 si
804 1924 879 1970 cum
907 1907 1004 1969 malis
1059 1906 1140 1969 dicit
1154 1908 1332 1970 Psalmista
1346 1930 1354 1968 ε
1367 1911 1475 1981 Pone,
1492 1911 1649 1980 Dorntne,
1665 1909 1864 1970 crestodtam

207 2007 354 2085 piscibus
369 2009 446 2071 sunt
460 2006 549 2069 foras
566 2006 735 2083 mittendi3
759 2023 809 2069 vae
826 2005 1005 2082 clavigeris
1059 2008 1115 2066 ort
1137 2020 1229 2077 mec,
1252 2007 1287 2068 et
1309 2006 1438 2068 ostilam
1462 2005 1737 2067 drcunmtonttae
1760 2007 1865 2068 motu

205 2104 471 2181 regnicoelestis,
485 2104 514 2165 si
527 2120 603 2166 cum
616 2103 1005 2181 habuerintpotestatem
1058 2105 1147 2165 meo
1167 2101 1237 2184 (Ps.
1264 2105 1333 2176 140,
1360 2101 1406 2184 3).
1430 2103 1480 2165 Ad
1501 2102 1566 2165 boc
1588 2103 1710 2164 ostium
1732 2102 1863 2164 vitulus

206 2201 333 2279 ligandi
357 2203 456 2281 atque
478 2201 640 2276 solvendi,
656 2202 721 2280 ipsi
745 2217 765 2265 a
787 2202 883 2279 regni
899 2205 1005 2280 janua
1059 2200 1193 2263 ducitur
1205 2217 1280 2263 curn
1294 2202 1336 2262 ad
1355 2200 1679 2263 contessionemoris
1693 2197 1863 2263 secretum

206 2300 285 2362 sunt
305 2300 514 2362 excludendi.
538 2300 634 2362 Certe
657 2300 686 2361 si
707 2300 778 2361 rita
800 2298 932 2377 praelati
955 2300 1006 2362 est
1059 2298 1170 2359 cordis
1194 2299 1419 2376 progreditur,
1443 2298 1624 2361 secundum
1649 2299 1732 2360 illud
1756 2298 1861 2361 Salo-

209 2397 352 2470 infirma,
368 2398 420 2459 rel
435 2412 606 2474 perversa,
622 2397 785 2476 quomodo
797 2397 919 2475 poterit
933 2412 1006 2458 mo-
1059 2395 1167 2457 monis
1182 2412 1189 2456 :
1204 2397 1327 2458 sertus
1341 2400 1436 2458 enim
1450 2400 1487 2457 tn
1501 2399 1864 2472 perceptoremque

207 2510 288 2557 nere
310 2496 366 2557 vel
380 2496 549 2571 corrigere
562 2494 711 2557 subditos
731 2510 821 2568 suos,
846 2495 879 2557 et
899 2511 1006 2573 popu·
1058 2493 1236 2556 accusator
1245 2494 1364 2556 estrat
1379 2492 1493 2573 (Pras.
1515 2509 1612 2568 xmo,
1627 2493 1692 2581 17).
1714 2494 1861 2556 Gravius

206 2591 277 2654 lum
297 2590 362 2654 sibi
376 2592 610 2655 commissumt
631 2592 715 2665 Quia
736 2592 767 2653 si
784 2593 886 2670 caput
904 2591 1006 2655 luerit
1058 2591 1148 2653 enim
1162 2592 1278 2669 peccat
1292 2592 1449 2654 sacerdos
1461 2593 1519 2670 qui
1531 2593 1702 2670 peccatum
1716 2591 1858 2666 revelat,

206 2690 388 2764 infirmum,
403 2690 508 2753 totum
518 2704 640 2768 corpus
654 2689 849 2767 languidum
860 2688 936 2751 erit.
1059 2705 1158 2766 quam
1169 2690 1269 2752 homo
1283 2690 1340 2768 qui
1354 2693 1525 2768 peccatum
1540 2690 1725 2753 committit

250 2787 344 2851 Unde
358 2788 493 2866 quidam
507 2789 641 2867 sapiens
655 2787 755 2850 dicit:
773 2805 792 2847 ‹
808 2788 843 2849 Si
856 2787 930 2865 quis
943 2803 1006 2848 au·
1100 2788 1256 2866 Sequitur
1279 2809 1286 2848 :
1313 2788 1358 2850 st
1377 2788 1485 2863 portat
1503 2802 1648 2850 mantem
1664 2803 1767 2850 suom
1791 2803 1860 2849 ru·

208 2885 276 2948 tem
290 2887 446 2948 sacerdos
461 2884 545 2948 bene
561 2886 687 2948 vixerit
699 2885 733 2948 et
745 2884 830 2947 bene
842 2884 1002 2959 docuerit,
1056 2901 1123 2960 per
1135 2886 1238 2961 caput
1256 2886 1356 2948 otttttt
1370 2883 1462 2965 (Les.
1478 2901 1525 2958 iv,
1541 2884 1588 2965 4).
1604 2888 1670 2947 Per
1687 2885 1786 2964 caput
1799 2886 1860 2946 vi·

207 2984 355 3047 omnium
368 2984 474 3061 judex
489 2984 564 3044 erit.
580 2983 614 3045 Si
630 2985 741 3045 autem
754 2981 840 3045 bene
855 2982 1004 3045 docuerit
1057 2983 1131 3056 tuli,
1141 2983 1372 3062 principaliter
1381 2999 1485 3057 mens,
1497 2983 1593 3052 idest,
1602 2983 1689 3045 ratio
1701 2983 1862 3059 designa-

208 3081 243 3142 et
265 3081 353 3142 male
376 3080 509 3153 vixerit,
532 3080 605 3158 ipse
628 3080 826 3142 condemnat
845 3080 1002 3157 seipsum.
1058 3081 1113 3143 tur
1131 3082 1312 3144 secundum
1333 3082 1415 3144 illud
1439 3104 1447 3143 ε
1476 3085 1567 3160 Urge
1585 3082 1690 3158 ceput
1708 3082 1805 3144 tuum
1823 3084 1862 3145 et

206 3176 293 3238 Nam
305 3177 389 3239 bene
408 3177 550 3240 vivendo
569 3179 602 3240 et
621 3177 706 3240 bene
721 3177 880 3251 docendo,
899 3192 1005 3255 popu·
1057 3183 1183 3256 factem
1202 3181 1299 3242 tuom
1314 3177 1689 3259 lova(Mattlr.v1,17).
1710 3182 1775 3242 Per
1790 3195 1862 3241 ma·

209 3274 278 3336 lum
293 3275 428 3337 instruit
446 3274 610 3353 quomodo
631 3275 750 3339 debeat
770 3276 894 3339 rivere.
915 3278 1004 3338 Bene
1059 3295 1139 3340 num
1163 3278 1362 3356 intelligitur
1384 3278 1534 3356 operatio
1557 3278 1738 3340 secundum
1757 3278 1859 3340 Psal-

207 3373 319 3435 autsm
334 3373 482 3435 docendo
496 3374 530 3436 et
547 3374 635 3437 male
648 3360 802 3447 vivendo,
820 3376 923 3435 Deum
936 3374 1005 3437 ins·
1058 3377 1191 3439 mistam
1218 3393 1226 3439 :
1255 3379 1382 3439 Anima
1410 3390 1491 3438 ntea
1519 3378 1558 3438 in
1583 3379 1742 3439 mantiae
1768 3378 1861 3438 mets

205 3470 288 3532 truit
312 3470 476 3548 quomodo
504 3488 580 3533 eum
603 3470 699 3534 debet
726 3471 960 3534 condemnare.
985 3489 1005 3535 a
1057 3489 1197 3551 semper
1220 3474 1290 3555 (Ps.
1315 3475 1384 3546 118,
1403 3472 1487 3554 109).
1513 3477 1605 3536 Tunc
1623 3490 1702 3551 ergo
1719 3489 1859 3534 manum

206 3570 292 3630 Nam
307 3568 336 3629 si
360 3569 515 3631 sacerdos
530 3569 588 3647 qni
606 3569 658 3631 est
675 3570 794 3632 unctus
816 3570 1005 3647 peccaverit
1058 3572 1213 3651 ponimus
1226 3588 1326 3650 super
1345 3573 1445 3651 caput
1458 3571 1567 3645 vituli,
1587 3588 1661 3633 cum
1682 3571 1857 3649 operatio·

205 3665 334 3733 laciens
361 3665 554 3745 delinquere
586 3666 755 3745 populum,
789 3666 910 3729 offerat
943 3683 1004 3745 pro
1058 3685 1135 3731 nem
1146 3670 1380 3732 constituimus
1395 3685 1496 3747 super
1504 3668 1679 3741 rationem,
1693 3671 1729 3730 ut
1740 3683 1861 3729 secun·

162 3785 167 3792 ·
206 3764 343 3843 peccato
358 3764 834 3828 suovitulumimmaculatum
851 3765 1002 3827 Domino.
1059 3768 1137 3830 dum
1151 3769 1356 3845 Apostolum,
1378 3767 1577 3829 rationabile
1598 3767 1642 3830 sit
1662 3765 1860 3844 obsequium

206 3864 282 3925 Non
310 3861 433 3925 suflicit
453 3863 618 3927 sacerdoti
645 3863 765 3925 offerre
784 3879 844 3941 pro
869 3865 1004 3940 peccato
1058 3868 1220 3939 nostrum,
1239 3868 1276 3928 ut
1297 3865 1416 3941 dignos
1437 3863 1564 3925 tructus
1582 3864 1787 3940 poenitentiae
1805 3863 1862 3925 fa-

206 3976 267 4022 suo
292 3961 454 4022 turturem
482 3962 535 4022 vel
562 3960 759 4034 columbam,
793 3961 927 4023 lroedum
949 3962 1004 4024 rel
1058 3964 1198 4026 ciamus.

206 4074 341 4134 agnum,
366 4074 502 4135 capram
522 4059 576 4120 val
600 4073 707 4130 ovem,
733 4058 792 4119 sed
816 4059 947 4136 oportet
968 4060 1006 4121 ut
1098 4061 1183 4134 Tibi,
1196 4059 1362 4133 sacerdos,
1379 4058 1680 4135 detumestpanem
1696 4060 1863 4122 etsinum

208 4155 329 4217 oderat
360 4154 511 4228 vitulum,
543 4170 605 4216 nec
637 4155 911 4232 qualemcumque
945 4156 1003 4217 sed
1058 4174 1255 4221 consecrare
1281 4158 1317 4219 in
1345 4172 1469 4235 corpus
1494 4157 1529 4217 et
1554 4156 1751 4233 sanguinem
1777 4160 1863 4221 iesu

206 4252 466 4325 immaculatum,
494 4268 556 4314 nec
580 4252 777 4329 ubicumque
803 4253 861 4313 sed
878 4252 921 4314 ad
947 4269 1005 4315 os·
1058 4256 1192 4319 Christi.
1216 4256 1280 4318 Sed
1294 4255 1324 4317 si
1337 4253 1519 4317 manducas
1533 4253 1680 4330 indigne,
1692 4255 1861 4332 judicium

205 4350 289 4413 tium
313 4349 532 4424 tabernaculi,
554 4366 617 4412 nec
639 4351 717 4412 ante
738 4349 927 4428 quemlibet,
946 4352 1003 4412 sed
1056 4354 1118 4417 tibi
1139 4354 1332 4416 manducas.
1366 4355 1453 4416 Cave
1472 4352 1553 4426 tibi,
1577 4368 1620 4413 ne
1641 4355 1776 4431 peccato
1799 4355 1860 4416 tuo

206 4466 319 4512 coram
341 4453 420 4522 Deo,
442 4465 504 4511 nec
532 4447 789 4527 quomodolibet,
819 4447 878 4510 sed
902 4451 1004 4526 ponat
1058 4451 1163 4515 iacias
1187 4451 1380 4529 delinquere
1404 4451 1573 4531 populum.
1601 4454 1687 4513 (lare
1710 4451 1788 4524 tibi,
1814 4468 1860 4514 ne

206 4565 341 4611 manum
363 4564 459 4611 suam
479 4563 580 4626 super
597 4550 698 4625 caput
716 4547 814 4611 vitun
830 4548 865 4610 et
884 4538 1005 4610 immo-
1058 4552 1171 4629 perte
1192 4566 1313 4612 nomen
1336 4551 1398 4612 Dei
1421 4549 1668 4628 blasphemetur
1686 4549 1721 4611 in
1741 4550 1860 4625 genti-

206 4648 289 4710 labit
313 4665 388 4711 eum
412 4647 564 4710 Domino.
593 4646 718 4709 Oderat
742 4661 822 4722 ergo
847 4644 1004 4707 sacerdos
1057 4648 1130 4709 bos.
1147 4650 1222 4710 Non
1237 4649 1326 4709 enim
1338 4649 1446 4726 potest
1459 4647 1570 4710 iacere
1581 4648 1681 4720 fliius,
1693 4647 1759 4708 nisi
1770 4647 1860 4724 quod

207 4764 267 4824 pro
279 4749 414 4825 peccato
426 4763 487 4809 suo
499 4745 641 4808 vitulum
652 4745 913 4812 immaculatum,
925 4744 1004 4821 quia
1058 4747 1191 4809 Patrem
1214 4745 1337 4808 viderit
1364 4744 1552 4808 facientem.
1583 4746 1618 4807 Si
1641 4761 1722 4807 vero
1745 4745 1861 4806 lumen

205 4845 343 4920 grandis
358 4846 455 4922 culpa
469 4844 589 4923 grandi
602 4843 699 4906 dehet
713 4843 822 4906 hostia
838 4841 982 4920 expiari.
1059 4844 1144 4922 quod
1157 4843 1192 4905 in
1210 4844 1243 4906 te
1252 4844 1314 4913 est,
1327 4843 1474 4905 tenebrae
1486 4843 1577 4916 liant,
1595 4842 1742 4905 tenebrae
1757 4858 1862 4920 quan-

247 4944 312 5003 Per
338 4943 478 5005 situlum
503 4943 752 5005 immaculatum
785 4940 1004 5017 intelligimus
1057 4943 1100 5004 tae
1115 4943 1232 5004 eruntt

206 5038 360 5119 spiritum
395 5040 670 5113 contribulatum,
697 5041 776 5118 quia
802 5038 1004 5102 sacrificium
1098 5041 1174 5102 Non
1186 5039 1248 5112 sic,
1264 5054 1331 5101 non
1346 5039 1395 5101 sic
1405 5037 1446 5099 de
1457 5038 1553 5101 beato
1568 5039 1740 5115 Gregorio.
1763 5037 1861 5099 Unde

206 5140 274 5201 Deo
298 5136 436 5215 spiritus
464 5136 716 5199 contribulatus.
742 5138 806 5198 Cor
826 5137 1003 5200 contritum
1059 5138 1298 5200 convenienter
1316 5138 1424 5214 potest
1442 5135 1508 5197 dici
1527 5135 1611 5197 illud
1626 5135 1666 5198 de
1686 5137 1759 5213 ipso
1772 5134 1858 5213 quod

206 5238 239 5299 et
256 5235 466 5299 humiliatum
488 5235 576 5315 Deus
591 5249 657 5296 non
673 5234 812 5312 spernit.
835 5235 897 5296 ilic
910 5235 1003 5297 ritu·
1059 5237 1219 5313 scripturn
1243 5233 1348 5297 estin
1374 5234 1607 5296 Ecclesiastico
1631 5256 1638 5293 ε
1665 5236 1770 5300 Quasi
1794 5246 1859 5294 vas

206 5334 271 5407 lus,
283 5335 356 5396 baec
365 5332 487 5405 hostia,
499 5332 563 5394 hoc
573 5331 774 5394 sacrificium
785 5331 881 5395 debet
890 5332 1005 5395 offerri
1058 5336 1140 5395 auri
1157 5335 1314 5406 solidum,
1336 5333 1501 5393 ornatum
1524 5335 1620 5393 ‹nnrrt
1641 5334 1753 5406 terme
1769 5344 1857 5405 pre-

206 5431 346 5494 Domino
361 5447 420 5509 pro
436 5430 584 5508 peccato,
607 5429 643 5491 ut
656 5428 791 5504 situlus,
808 5429 905 5504 idest,
930 5431 1003 5508 spi·
1060 5432 1145 5492 ttoso
1169 5429 1285 5511 (ticoli.
1310 5446 1341 5501 n,
1365 5428 1431 5509 10).
1453 5432 1575 5492 Beatus
1597 5429 1777 5505 Gregorius
1797 5427 1861 5490 init

206 5531 291 5594 ritus
305 5529 362 5607 qui
377 5530 544 5609 peccando
560 5528 668 5592 iuerat
682 5528 862 5591 indomitus
876 5544 936 5607 per
947 5547 1006 5592 su·
1060 5544 1119 5591 vas
1140 5528 1226 5590 anri.
1245 5529 1329 5601 Quia
1347 5528 1434 5592 sicut
1451 5544 1511 5590 vas
1526 5528 1601 5590 auri
1615 5527 1667 5589 est
1682 5525 1858 5604 pulchrum

207 5627 366 5708 perbiarn,
381 5628 569 5709 poenitendo
582 5644 643 5708 per
650 5627 872 5692 bumilitatem
887 5627 1004 5693 dome·
1060 5627 1306 5700 adridendum,
1329 5627 1362 5689 et
1381 5626 1563 5704 pretiosum
1582 5625 1623 5688 ad
1643 5623 1856 5701 tangendum,
