3982 6196
71 292 134 356 521
710 290 938 353 EPISTOLAE.
962 294 1040 354 LIB.
1064 294 1104 354 II.
1671 296 1732 358 522

71 453 224 532 capitulo
240 451 354 515 Sancti
369 434 729 516 11611661Ρο61666666.
746 452 877 515 Rotho-
931 453 1093 527 eumdem,
1115 453 1201 532 quod
1226 452 1510 530 iacerepraetextu
1528 450 1727 518 absentiae...

72 551 246 629 magensis
260 551 426 614 dioecesis.
932 550 1049 612 decani
1063 539 1168 614 vestri
1183 551 1344 614 hactenus
1359 552 1548 624 distulistis,
1565 552 1652 615 sicut
1668 569 1731 615 no-

116 649 196 711 Suis
215 649 419 725 adjuvantur
440 647 569 710 meritis
589 647 630 709 ad
649 646 878 708 ecclesiastica
931 647 1019 708 bis...
1040 647 1172 725 prioris,
1189 650 1221 710 et
1235 649 1497 727 archipesbyteri
1523 651 1726 724 166616666,

72 746 233 807 beneficii
246 745 436 817 obtinenda,
454 746 510 823 qui
526 762 588 822 per
602 744 734 805 labores
748 745 782 806 61
797 744 880 818 vigi·
932 760 1014 822 quos
1033 744 1140 805 eidem
1155 747 1335 807 monitores
1358 748 1593 819 concessimus,
1610 748 1730 810 relatio

73 845 141 905 lias
156 858 353 920 comparare
372 843 437 904 sibi
452 842 608 919 satagunt
625 842 774 903 scientiae
785 857 877 901 mar-
933 841 1124 903 declaravit.
1136 844 1298 914 Quoniam
1309 844 1413 920 igitur
1421 845 1541 907 vestrae
1555 862 1619 906 non
1636 845 1732 909 obest

73 939 879 1019 86611666,6661616616116661616666616666661
933 939 1094 1012 ecclesiae,
1113 941 1214 1002 immo
1233 942 1376 1018 prodest,
1396 943 1425 1003 si
1445 942 1602 1018 praefatus
1617 946 1654 1003 P.
1676 944 1730 1005 cui

74 1040 207 1115 fulgore
226 1039 383 1100 decenter
397 1039 553 1110 illustrat,
572 1037 771 1114 ignorantiae
790 1037 881 1098 tene·
933 1038 1082 1099 scientiae
1102 1039 1224 1099 donum
1239 1041 1272 1102 61
1290 1040 1366 1101 vitae
1381 1041 1535 1102 meritum
1551 1041 1730 1117 suffragari

75 1137 352 1214 hraseffugando,
361 1153 477 1198 verum
486 1135 636 1198 etiamab
645 1135 879 1196 baereticorum
933 1136 1098 1204 dicuntur,
1125 1136 1328 1210 instituatur,
1356 1138 1489 1211 ibidem,
1519 1139 1731 1202 universitati

75 1234 332 1313 impugnatione
346 1234 458 1297 tuetur
470 1235 587 1312 clypeo
594 1233 757 1295 veritatis.
770 1234 879 1303 Quare
932 1235 1051 1296 vestrae
1066 1250 1126 1311 per
1136 1234 1254 1297 iterata
1269 1237 1393 1313 scripta
1406 1237 1628 1314 praecipiendo
1641 1254 1732 1299 man·

9 1342 10 1345 ’
77 1334 118 1394 ad
146 1332 376 1410 provisionem
396 1332 514 1393 talium
537 1347 577 1393 66
600 1347 660 1391 nos
687 1330 879 1406 reputamus
933 1331 1061 1404 damus,
1078 1335 1241 1410 quatenus
1252 1333 1380 1412 objecta
1392 1335 1598 1411 exceptionis
1611 1334 1732 1397 frivola

77 1429 205 1493 arctius
218 1429 394 1506 obligatos,
409 1445 474 1506 quo
489 1428 642 1490 decorem
657 1428 773 1488 domus
788 1429 880 1504 ejus·
932 1444 1000 1490 non
1015 1429 1177 1503 obstante,
1194 1431 1303 1508 ipsum
1318 1448 1453 1509 precum
1472 1433 1660 1494 nostrarum
1677 1434 1733 1494 in-

78 1528 152 1589 dem
166 1527 368 1605 propensius
385 1528 537 1589 tenemur
553 1526 693 1601 diligere
705 1540 781 1586 cum
796 1540 878 1601 pro·
932 1526 1028 1598 tuitu,
1044 1528 1077 1589 et
1089 1543 1159 1588 suae
1174 1528 1348 1604 probitatis
1370 1529 1516 1601 obtentu,
1537 1530 1573 1590 in
1594 1529 1731 1592 tratrem

9 1626 11 1705 ξ
77 1625 286 1702 pheta.Hinc
294 1624 438 1700 estquod
447 1639 506 1701 pro
515 1623 711 1685 dilectclilio
720 1622 879 1699 magistro
933 1621 1078 1682 vestrum
1093 1620 1156 1683 hac
1173 1621 1246 1683 vice
1267 1622 1453 1685 liberaliter
1473 1623 1666 1697 admittatis,
1683 1625 1731 1687 ita

80 1723 237 1799 Philippo
250 1721 290 1782 de
306 1721 494 1797 Lupicenis‚
512 1721 569 1799 qui
587 1721 673 1782 sicut
689 1720 878 1797 accepimus
933 1717 1019 1795 quod
1041 1734 1101 1780 vos
1122 1719 1163 1779 ad
1190 1719 1413 1796 receptionem
1437 1736 1531 1783 suam
1555 1722 1730 1783 inveniens

9 1818 11 1841 ⁸
79 1820 242 1881 insudans
265 1818 425 1882 hactenus
448 1818 657 1880 scholasticis
677 1817 877 1894 disciplinis,

78 1916 294 1978 laudabiliter
310 1915 450 1994 proiecit
467 1916 502 1978 in
521 1916 661 1978 scientia
678 1917 877 1986 litterarum,

79 2014 316 2076 discretionem
338 2017 483 2077 vestram
506 2015 688 2091 rogandam
709 2013 878 2081 duximus,

9 2124 11 2127 ·
80 2113 111 2173 61
124 2111 327 2173 monendam
343 2127 403 2187 per
416 2111 605 2188 Apostolica
620 2110 744 2187 scripta
759 2110 880 2188 praeci-

81 2209 201 2286 piendo
217 2208 424 2277 mandantes,
437 2209 600 2285 quatenus
610 2208 718 2285 ipsum
731 2207 772 2269 ob
783 2223 880 2269 reve-

80 2307 224 2368 rentiam
234 2304 433 2383 Apostolicae
447 2305 541 2366 Sedis
551 2306 584 2368 et
593 2308 740 2367 nostram
749 2305 790 2366 ad
799 2321 880 2382 prae·

80 2402 234 2475 bendam,
269 2403 299 2464 si
327 2419 392 2480 qna
418 2403 453 2463 in
481 2402 625 2465 ecclesia
643 2404 755 2465 vestra
769 2404 877 2474 vacat,

79 2501 252 2578 recipiatis
264 2501 300 2561 16
312 2500 509 2562 canonicum
525 2502 559 2563 et
570 2500 605 2562 in
620 2500 768 2570 fratrem,
785 2501 838 2561 vel
851 2501 885 2577 si⁴

9 2674 10 2677 Ἴ
81 2598 165 2660 16616
180 2613 249 2659 666
268 2598 376 2671 vacat,
393 2598 434 2659 ad
448 2614 594 2675 praeseus
607 2598 715 2660 eidem
729 2598 765 2659 in
780 2598 879 2660 scolis

9 2710 11 2773 3
80 2710 250 2772 expensas
262 2710 407 2771 congrue
422 2694 631 2765 ministretis,
644 2694 749 2755 donec
761 2695 792 2756 ei
807 2711 881 2771 pro·

9 2818 11 2869 p
82 2791 226 2853 videatis
238 2792 275 2852 16
297 2791 458 2854 beneflcio
475 2790 692 2869 praebendali,
713 2807 829 2868 preces
849 2793 882 2854 et

9 2878 10 2907 ³
82 2889 284 2966 praeceptum
299 2890 447 2971 nostrum
461 2888 573 2950 taliter
590 2888 772 2964 impleturi,
794 2888 881 2966 quod

9 3036 11 3067 ὲ
82 2985 169 3046 idem
184 2984 227 3047 ad
242 2985 451 3047 devotionem
467 2986 609 3047 vestram
622 2985 747 3047 arctius
758 2985 882 3047 astrin-

9 3076 10 3165 J
82 3084 305 3158 gatur,etnos
316 3081 551 3145 liberalitatem
560 3083 705 3145 vestram
716 3083 881 3160 possimus

83 3181 202 3243 merito
221 3181 464 3242 commendare.
482 3180 638 3258 Alioquin
657 3181 808 3242 nolentes
829 3181 881 3257 ip-

9 3272 10 3277 ’
85 3294 156 3338 sum
172 3280 309 3355 propter
324 3278 386 3340 boc
408 3278 549 3340 distrahi
569 3271 738 3339 laboribus
760 3279 793 3339 et
816 3294 881 3340 ex·

9 3444 10 3449 .
83 3377 207 3452 pensis,
230 3376 415 3437 venerabili
437 3376 533 3437 fratri
555 3377 705 3437 nostro...
727 3376 882 3453 episcopo

9 3452 11 3481 ⁸
83 3475 115 3534 et
127 3473 261 3536 dilectis
276 3473 391 3535 liliis...
408 3473 536 3535 cantori
551 3474 584 3535 et
598 3473 756 3549 magistro
770 3475 824 3534 W.
841 3473 882 3534 (16

9 3578 11 3623 t
83 3571 144 3631 val
168 3570 210 3632 de
237 3571 322 3632 Ruel
346 3572 507 3632 canonico
537 3570 729 3632 Ebroicensi
760 3570 882 3633 nostris

9 3658 10 3689 ff
84 3666 200 3729 damus
213 3667 334 3730 litteris
346 3668 381 3729 16
396 3668 571 3739 mandatis,
588 3668 624 3729 ut
639 3683 700 3729 vos
715 3667 756 3729 ad
767 3667 800 3727 id
816 3684 883 3729 mo·

85 3765 211 3827 uitione
233 3766 405 3842 praemissa
420 3780 665 3844 percensuram
677 3764 883 3828 ecclesiasti-

9 3880 10 3889 *
85 3878 154 3923 cam
166 3863 393 3941 appellatione
402 3864 529 3925 remota
540 3861 749 3938 compellant.
763 3864 882 3923 Datum

85 3961 241 4022 Laterani
257 3960 356 4022 nonis
370 3961 514 4023 octobris
533 3975 621 4021 anno
637 3959 792 4022 secundo.

9 4082 10 4087 ’
123 4092 325 4155 lneumdem
336 4093 405 4155 1666
414 4093 545 4155 modum
556 4092 773 4170 scriptumest
783 4107 883 4169 super

85 4190 145 4253 hoc
167 4192 296 4253 eisdem
318 4207 422 4272 usque
447 4191 483 4255 in
499 4190 609 4263 tinem,
624 4189 734 4251 verbis
749 4205 884 4267 compe-

85 4290 193 4351 tenter
205 4290 351 4351 mutatis.
371 4289 463 4363 Quod
478 4289 507 4349 si
521 4304 587 4349 non
607 4302 731 4361 omnes,
754 4288 829 4358 etc„
846 4288 883 4350 tu

86 4385 190 4449 irater
204 4388 372 4469 episcope,
389 4403 462 4449 cum
478 4402 595 4449 eorum
609 4386 726 4458 611666,
740 4387 804 4448 616.

435 4554 538 4642 XLV

105 4698 156 4759 Aa
169 4699 369 4771 episcopans
382 4696 416 4757 61
429 4697 617 4769 capitelium
631 4697 862 4771 Eupoltsmea.

388 4809 420 4867 17
435 4814 491 4867 oct.
508 4808 586 4867 till.

123 4915 231 4979 [liegest.
242 4915 289 4966 lib.
302 4916 334 4973 11,
348 4915 424 4980 epist.
441 4914 496 4964 1181.
509 4916 567 4965 tiss.
582 4914 619 4964 La
629 4914 701 4963 Parte
711 4912 746 4962 du
756 4912 849 4978 Tbeil.]

103 5022 220 5081 1166161
237 5030 269 5081 ut
286 5028 447 5079 reservetur
462 5018 614 5094 praebenda
629 5020 733 5078 clerico
745 5021 777 5077 P.
793 5019 866 5077 Guil.

932 1815 1089 1877 liberales
1099 1815 1139 1877 de
1149 1817 1257 1892 gratia
1266 1817 1359 1878 sibia
1373 1817 1468 1880 nobis
1478 1818 1731 1881 exhibitavobis

933 1929 1063 1990 quoque
1070 1914 1184 1989 gratus
1197 1915 1340 1976 existere
1349 1915 1511 1989 teneatur,
1520 1917 1553 1978 et
1563 1917 1733 1978 nosdevo-

932 2012 1057 2073 tionem
1068 2011 1101 2073 et
1116 2011 1339 2074 obedientiam
1349 2015 1495 2075 vestram
1505 2014 1684 2076 debeamus
1696 2017 1731 2077 16

934 2109 1073 2170 Domino
1089 2111 1331 2171 commendare.
1344 2111 1511 2189 Alioquin,
1529 2128 1571 2174 ne
1589 2113 1629 2173 ad
1644 2118 1733 2190 prae-

933 2208 1076 2269 sentiam
1100 2208 1248 2269 nostram
1272 2207 1395 2269 frustra
1419 2209 1637 2282 laboraverit,
1660 2214 1731 2287 jam

933 2306 1079 2367 secundo
1096 2304 1225 2367 dilectis
1241 2304 1320 2366 111116
1343 2306 1458 2368 Fontis
1473 2307 1580 2368 dulcis
1602 2309 1671 2368 et...
1688 2308 1730 2369 de

933 2376 1057 2465 (1661616
1070 2401 1244 2465 abbatibus
1255 2406 1325 2464 et...
1337 2403 1441 2481 priori
1455 2404 1630 2466 (1611661616
1642 2407 1731 2467 Xan-

933 2502 1044 2561 tonen.
1071 2500 1235 2573 dioecesis,
1254 2502 1377 2563 nostris
1402 2501 1518 2562 damus
1542 2501 1663 2564 litteris
1692 2504 1729 2564 in

934 2600 1118 2676 praeceptis,
1131 2599 1167 2660 ut
1176 2599 1242 2660 nisi
1257 2596 1382 2676 aliquid
1396 2597 1561 2676 objectum
1573 2598 1684 2670 166611,
1698 2600 1730 2660 61

934 2695 1118 2772 probatum,
1135 2712 1194 2773 per
1208 2696 1294 2774 quod
1315 2695 1348 2756 id
1366 2694 1520 2756 11661666
1540 2696 1659 2758 debeat
1677 2697 1732 2758 vel

934 2808 1001 2853 non
1012 2792 1125 2868 possit,
1136 2792 1201 2869 ipsi
1210 2810 1269 2854 vos
1278 2793 1319 2854 ad
1330 2792 1363 2853 id
1374 2808 1434 2870 per
1443 2809 1618 2854 censuram
1630 2795 1733 2856 eccle·

935 2890 1105 2955 siasticam
1126 2889 1349 2966 appellatione
1372 2892 1499 2952 remota
1520 2891 1729 2967 compellant.

935 2990 1054 3049 Datum
1067 2988 1224 3049 Laterani
1240 2988 1368 3050 decimo
1383 2992 1477 3051 sexto
1490 2989 1651 3051 kalendas
1666 3006 1731 3051 no·

934 3083 1080 3146 66661616
1094 3100 1183 3146 6666
1198 3084 1355 3147 secundo.

976 3218 1141 3295 Scriptum
1153 3220 1204 3282 est
1214 3235 1314 3296 super
1323 3219 1387 3281 hoc
1396 3220 1520 3282 eisdem
1532 3220 1567 3281 in
1580 3220 1731 3282 eumdem

935 3315 1004 3377 fere
1017 3316 1160 3389 modum,
1176 3333 1280 3394 usque
1294 3318 1330 3378 in
1344 3318 1455 3390 tinem,
1472 3317 1584 3379 verbis
1599 3334 1734 3395 compe-

935 3413 1043 3475 tenter
1053 3413 1198 3474 mutatis.
1215 3414 1307 3484 Quod
1320 3415 1349 3474 si
1357 3430 1424 3475 non
1433 3431 1560 3488 omnes,
1578 3416 1653 3486 etc,
1666 3416 1731 3478 duo

934 3511 1092 3582 vestrum,
1109 3509 1171 3571 etc.

1271 3670 1394 3757 XLVI

934 3832 987 3892 Ad
1003 3830 1210 3903 Gaasriaam
1226 3833 1422 3904 6616666661
1442 3831 1732 3892 silvanectensem

975 3927 1012 3989 et
1031 3926 1168 3989 abbates
1190 3927 1413 4003 Larrptpoatts
1444 3927 1478 3989 61
1504 3924 1623 3989 Saactt
1656 3930 1733 3989 Vic-

977 4025 1077 4088 toris.

1236 4119 1338 4177 13661.
1352 4120 1431 4179 1117.

969 4244 1076 4307 [Regest.
1091 4241 1138 4293 lib.
1153 4243 1185 4301 il,
1198 4242 1273 4308 epist.
1283 4244 1339 4293 osb.
1354 4246 1412 4295 1166.
1430 4246 1466 4296 La
1478 4245 1555 4296 Parte
1569 4245 1604 4296 du
1615 4245 1696 4297 Thcil.

1105 4322 1320 4388 116661666166.
1338 4324 1562 4388 1116166.11’,1111.]

937 4442 987 4497 llis
1002 4440 1127 4513 prelatis
1141 4440 1292 4497 committit
1303 4442 1446 4498 Honorius
1455 4443 1648 4500 visitationem
1656 4449 1685 4499 et
1693 4458 1736 4499 re·

972 4525 1172 4586 formationem
1185 4530 1350 4587 monasterii
1366 4530 1462 4588 Sancti
1473 4531 1615 4589 vincentii
1627 4528 1735 4587 ordinis
1798 4569 1802 4578 -

972 4618 1178 4687 canonicorum
1189 4618 1375 4689 regularium.

978 4744 1156 4816 Honorius,
1183 4744 1258 4817 etc,
1287 4742 1471 4804 venerabili
1493 4743 1627 4804 166161...
1650 4744 1736 4820 epis·

938 4857 1021 4919 copo
1050 4840 1270 4901 Silvanecten.
1296 4843 1328 4902 et
1352 4840 1482 4901 dilectis
1504 4841 1582 4901 liliis
1606 4842 1735 4917 Longi·

939 4938 1048 5016 pontis
1084 4937 1314 4998 Cisterciensis
1352 4937 1480 4999 ordinis
1519 4939 1734 5001 suessionen.

939 5034 1104 5108 dioecesis,
1135 5036 1169 5096 et
1192 5035 1305 5096 Sancti
1324 5034 1469 5097 Victoris
1490 5036 1655 5097 Parisien.
1677 5036 1738 5098 ab·

126 5139 295 5201 Honorius
309 5137 494 5198 venerabili
510 5135 605 5198 166161
616 5136 772 5213 episcopo
785 5138 818 5198 61
829 5136 885 5197 di·
939 5132 1082 5194 batibus.

83 5236 182 5296 lectis
197 5236 281 5297 filiis
300 5234 445 5311 capitulo
459 5234 681 5309 Engolismen.
981 5233 1050 5291 Tua
1070 5228 1177 5302 nobis,
1193 5228 1298 5291 irater
1323 5230 1487 5308 episcope,
1510 5232 1633 5293 caritas
1657 5248 1738 5307 sup-

9 5342 10 5385 ῑ
124 5333 341 5394 attendentes
373 5331 595 5393 litteraturam
629 5332 662 5392 61
689 5346 817 5402 mores,
848 5330 888 5391 de
941 5328 1095 5406 plicavit,
1137 5328 1174 5387 ut
1208 5344 1310 5405 quum
1353 5328 1590 5390 monasterium
1625 5328 1739 5390 Sancti

9 5408 11 5437 f
85 5429 206 5507 quibus
221 5430 362 5491 dilectus
377 5427 467 5489 iilius
484 5431 521 5489 Ρ.
535 5418 620 5488 cerv.
637 5428 779 5489 clericus
798 5443 890 5488 com·
942 5425 1109 5487 vincentii
1142 5424 1377 5497 Silvanecten„
1415 5427 1550 5502 propter
1577 5424 1740 5486 malitiam

85 5526 274 5597 mandatur,
289 5525 384 5586 vobis
397 5524 547 5586 dedimus
563 5527 598 5584 in
610 5524 786 5595 mandatis,
803 5523 889 5589 utin
942 5522 1165 5584 habitantium
1183 5522 1219 5583 in
1242 5523 1373 5594 eodem,
1393 5522 1540 5598 graviter
1557 5522 1740 5599 collapsum

84 5622 226 5685 16616666
247 5625 397 5684 vestrum
420 5622 454 5683 61
476 5621 674 5685 canonicum
697 5621 890 5698 reciperetis
944 5621 978 5682 16
1004 5619 1255 5712 temporalibus,
1279 5622 1312 5684 61
1333 5621 1368 5682 16
1387 5619 1620 5697 spiritualibus
1636 5620 1744 5683 (16166-
