3946 6196
167 230 227 290 421
787 224 962 289 bonoad
984 224 1028 288 111
1049 226 1198 289 OPERA.
1761 226 1819 293 tal

167 387 387 452 Prohibemus
404 389 542 467 insuper
566 389 602 451 ut
622 387 707 451 nulli
728 386 868 449 fratrum
891 400 968 449 ves·
1021 384 1222 463 recipiendis
1237 384 1501 463 professionibus
1516 402 1622 465 quasa
1637 386 1821 451 benedictis

166 489 306 561 trorum,
332 488 406 567 post
424 486 545 550 factam
570 486 606 548 in
629 484 831 549 monasterio
854 486 966 550 vestro
1021 483 1074 545 101
1096 482 1330 545 benedicendis
1352 482 1525 546 abbatibus
1549 484 1761 560 exhibentur,
1780 502 1820 549 ea
1955 540 1957 557 ,

167 586 418 664 professionem,
430 584 481 646 fas
495 584 539 646 sit
548 583 620 645 sine
630 582 759 646 abbatis
767 585 819 645 sui
831 584 966 646 licentia
1021 581 1089 642 sint
1103 582 1251 660 episcopi
1268 581 1374 643 forma
1393 585 1427 645 et
1440 583 1657 660 expressione
1676 586 1822 646 contenti
1955 588 1957 647 l

166 685 207 747 de
235 683 350 747 eodem
376 684 450 745 leco
473 681 643 744 discedere
660 698 668 743 :
684 680 873 744 discedente
886 697 965 745 1010
1020 694 1095 756 quae
1118 679 1160 740 ab
1186 679 1318 756 origine
1337 678 1465 741 ordinis
1480 682 1630 743 noscitur
1643 681 1820 757 iustituta3
1955 666 1956 675 ’

166 783 291 860 absque
317 779 541 843 communium
568 778 757 843 litterarum
778 779 965 842 vestrarum
1021 777 1057 837 ut
1072 775 1347 840 scilicetabbates
1360 777 1424 854 ipsi
1439 777 1534 842 salvo
1546 778 1663 841 ordine
1676 794 1824 857 suopro-

166 881 333 951 cautione,
361 878 474 939 nullus
500 877 622 940 audeat
646 877 810 952 retinere;
834 876 966 955 quodsi
1022 873 1110 935 111011
1124 873 1277 947 debeant,
1303 877 1337 937 et
1350 876 1466 938 contra
1486 875 1608 938 statuta
1628 877 1759 939 ordinis
1772 878 1823 939 sui

165 978 241 1056 quis
266 978 350 1040 forte
377 976 523 1039 retinere
546 975 807 1053 praesumpserit,
836 974 966 1038 licitum
1021 972 1149 1035 nullam
1173 972 1413 1050 professionem
1433 973 1543 1035 facere
1566 975 1822 1053 compellantur.

164 1076 306 1151 vobisin
321 1074 412 1152 ipsos
423 1073 604 1136 monachos
614 1074 667 1134 101
677 1087 856 1135 conversos
871 1088 967 1149 regu·
1021 1071 1087 1130 Pro
1102 1070 1352 1133 consecratione
1371 1087 1451 1134 1010
1475 1071 1630 1133 altarium
1645 1072 1826 1134 10100010-

164 1175 270 1236 larem
286 1172 485 1236 sententiam
498 1171 720 1250 promulgare.
733 1170 817 1232 illud
832 1170 967 1232 distric-
1021 1167 1158 1241 siarum,
1185 1168 1257 1230 sive
1281 1184 1341 1246 pro
1362 1168 1436 1230 oleo
1458 1171 1584 1241 sancto,
1600 1170 1654 1231 101
1675 1170 1825 1248 quolibet

164 1273 231 1333 tius
260 1270 449 1333 inhibentes
476 1286 519 1331 ne
549 1271 677 1340 terras,
705 1285 765 1331 seu
799 1268 967 1347 quodlibet
1020 1266 1249 1328 ecclesiastico
1276 1267 1495 1338 sacramento,
1524 1267 1636 1329 nullus
1663 1284 1684 1329 a
1712 1267 1823 1341 vobis,

165 1369 365 1432 beneficium
380 1367 533 1430 ecclesiae
549 1368 669 1430 vestrae
685 1367 852 1438 collatum,
869 1366 967 1429 liceat
1021 1362 1158 1426 obtentu
1176 1363 1427 1426 consuetudinis
1441 1365 1494 1425 101
1509 1364 1577 1425 alio
1591 1366 1702 1434 modo,
1720 1366 1824 1443 quid-

165 1467 268 1530 alicui
277 1465 499 1545 personaliter
513 1464 598 1537 dari,
612 1463 683 1527 sive
694 1464 762 1526 alio
775 1465 873 1526 modo
888 1462 968 1525 alie-
1021 1462 1833 1540 (10111ου10010110101010,10111100010010111-“

165 1567 252 1638 nari,
280 1564 405 1642 absque
428 1579 593 1625 consensu
618 1562 720 1625 totius
742 1562 891 1639 capituli,
912 1559 967 1623 101
1020 1559 1065 1620 tis
1086 1558 1180 1621 robis
1200 1561 1376 1637 episcopus
1402 1560 1611 1623 dioecesanus
1634 1560 1823 1638 impendat;

165 1664 303 1743 majoris
326 1664 386 1724 aut
407 1660 552 1723 sanioris
566 1661 671 1738 partis
693 1660 810 1737 ipsius.
837 1659 873 1721 Si
893 1674 966 1737 quae
1022 1657 1171 1735 alioquin
1179 1658 1279 1720 liceat
1292 1657 1385 1721 vobis
1405 1658 1679 1737 qualemcumque
1694 1660 1824 1721 malue-

165 1777 246 1824 vero
259 1761 454 1823 donationes
462 1759 515 1821 rel
526 1757 747 1819 alienationes
758 1756 856 1818 aliter
867 1772 967 1835 quam
1021 1753 1096 1816 ritis
1111 1755 1311 1818 catholicum
1324 1754 1417 1818 adire
1428 1756 1622 1828 antistitem,
1630 1757 1777 1833 gratiam
1790 1760 1824 1818 et

166 1860 290 1922 dictum
314 1860 365 1920 est
391 1856 488 1918 factae
512 1855 651 1928 fuerint,
682 1870 740 1917 eas
758 1854 874 1917 irritas
893 1870 967 1916 esse
1022 1854 1286 1916 communionem
1305 1854 1504 1931 Apostolicae
1522 1853 1616 1916 Sedis
1630 1853 1821 1927 habentem,

166 1972 352 2021 censemus.
378 1953 428 2016 Ad
455 1954 527 2015 haec
553 1953 653 2015 etiam
683 1951 897 2030 prohibemus
924 1969 967 2014 ne
1022 1949 1824 2031 0111003110101110101011101010111000011001-

165 2055 287 2133 aliquis
303 2051 485 2114 monachus
505 2051 576 2113 sive
597 2066 791 2124 conversus,
807 2049 869 2112 sub
889 2066 969 2128 pro-
1021 2047 1149 2111 tulatur
1162 2048 1342 2127 impendat
1457 2033 1467 2057 ⁸

165 2153 311 2216 sessione
326 2151 448 2213 vestrae
463 2150 579 2211 domus
594 2149 784 2221 adstrictus,
801 2149 874 2210 sine
887 2164 969 2211 con-
1063 2145 1155 2218 Quod
1180 2147 1210 2207 si
1236 2147 1331 2208 sedes
1360 2146 1540 2209 dioecesani
1564 2148 1712 2226 episcopi
1737 2147 1824 2211 forte

167 2266 267 2312 sensu
289 2249 323 2310 et
344 2247 479 2309 licentia
499 2246 628 2309 abbatis
647 2247 681 2308 et
700 2247 838 2323 madoris
863 2246 967 2323 partis
1021 2244 1202 2317 vacaverit,
1224 2245 1358 2306 interim
1379 2245 1490 2307 omnia
1510 2244 1739 2309 ecclesiastica
1762 2262 1824 2308 sa-

167 2347 305 2425 capituli
320 2345 435 2417 103111,
454 2344 640 2422 proaliquo
655 2343 843 2421 fidejubeat,
856 2344 910 2407 vel
925 2343 967 2406 ab
1022 2343 1190 2404 eramenta
1209 2340 1250 2404 de
1272 2342 1391 2404 vicinis
1417 2342 1583 2420 episcopis
1604 2344 1759 2421 accipere
1779 2344 1825 2405 li-

168 2445 281 2523 aliquo
295 2444 471 2521 pecuniam
486 2443 601 2504 mutuo
621 2440 765 2518 accipiat
782 2440 870 2503 ultra
884 2457 966 2518 pre·
1021 2438 1100 2502 bere
1118 2441 1151 2502 et
1174 2438 1301 2517 absque
1322 2440 1584 2503 contradictione
1607 2441 1755 2519 possitis,
1774 2442 1823 2503 sic

167 2544 251 2605 tium
262 2540 398 2619 capituli
406 2541 507 2602 vestri
517 2539 729 2617 providenter
738 2539 964 2612 constitutum,
1021 2540 1132 2600 10111011
1147 2538 1183 2598 ut
1194 2552 1237 2598 ex
1250 2537 1314 2599 hoc
1333 2537 1368 2598 in
1383 2539 1552 2615 posterum
1571 2539 1717 2616 propriis
1731 2540 1824 2617 epis-

167 2640 234 2703 nisi
249 2641 384 2718 propter
397 2637 608 2700 manifestam
622 2637 739 2698 domus
760 2638 880 2699 103110
896 2636 965 2698 uti-
1021 2635 1114 2712 copis
1125 2634 1255 2696 nullum
1269 2635 1499 2712 praejudicium
1520 2636 1710 2712 generetur.
1738 2637 1823 2710 Quia

168 2738 295 2801 litatem
309 2758 319 2814 3
335 2737 420 2815 quod
434 2734 462 2797 sl
480 2734 565 2798 10110
579 2733 690 2797 facere
706 2734 964 2812 presumpserit,
1022 2748 1101 2794 1010
1112 2732 1278 2795 interdum
1291 2733 1501 2809 propriorum
1514 2733 1747 2811 episcoporum
1761 2751 1823 2796 co·

167 2852 235 2898 non
249 2832 593 2898 teneaturconventus
606 2848 666 2910 pro
679 2832 731 2893 his
755 2831 967 2910 aliquatenus
1021 2831 1110 2908 piam
1125 2846 1191 2893 non
1206 2829 1346 2899 habetis,
1369 2831 1398 2891 si
1414 2847 1512 2907 quem
1531 2830 1736 2909 episcopum,
1753 2834 1826 2894 Ro-

167 2932 380 3011 respondere.
403 2930 545 2994 Licitum
569 2933 731 3008 praterea
755 2931 799 2992 311
820 2930 914 2992 robis
930 2930 966 2991 in
1021 2944 1128 2990 manae
1151 2927 1256 3000 Sedis,
1276 2931 1312 2990 ut
1333 2928 1489 3001 diximus,
1514 2929 1658 3005 gratiam
1677 2931 1825 2992 0100111-

167 3032 281 3093 causis
295 3029 450 3107 propriis,
468 3029 539 3091 sive
553 3028 695 3099 civilem,
713 3027 784 3089 sive
805 3027 967 3090 crimina-
1021 3027 1212 3088 munionem
1238 3025 1424 3099 habentem,
1463 3025 1497 3088 et
1524 3026 1566 3088 de
1596 3042 1661 3104 quo
1688 3028 1824 3104 plenam

167 3128 233 3190 lem
246 3127 439 3190 coutineant
448 3125 677 3203 quastionem,
688 3125 828 3186 fratrum
837 3126 969 3186 103110-
1021 3124 1175 3187 notitiam
1199 3123 1362 3196 habeatis,
1387 3138 1447 3201 per
1469 3140 1530 3186 103
1546 3124 1692 3186 transire
1714 3126 1826 3188 conti-

31 3270 34 3275 ·
167 3242 242 3288 rum
255 3223 457 3287 testimoniis
474 3223 532 3295 uti,
550 3238 592 3284 ne
606 3237 666 3299 pro
680 3221 811 3284 defectu
831 3221 967 3284 testium
1021 3222 1118 3298 gerit,
1134 3220 1176 3283 ab
1192 3237 1231 3283 eo
1252 3220 1500 3283 benedictiones
1514 3237 1674 3284 vasorum
1693 3223 1728 3284 et
1747 3239 1827 3284 103-

164 3327 221 3401 jus
238 3323 386 3384 vestrum
401 3320 436 3381 in
452 3320 565 3397 aliquo
591 3320 703 3382 valeat
717 3318 879 3397 deperire.
905 3322 966 3382 ln·
1021 3319 1113 3392 tium,
1131 3320 1399 3381 consecrationes
1410 3318 1579 3393 altarium,
1594 3319 1824 3382 ordinationes

168 3436 269 3498 super
282 3418 480 3483 auctoritate
503 3417 693 3496 apostolica
714 3417 904 3479 inhibemus
924 3434 967 3482 ne
1022 3416 1259 3479 monachorum
1284 3416 1481 3479 auctoritate
1503 3417 1706 3494 Apostolicae
1728 3417 1824 3480 Sedis

167 3519 257 3581 ullus
271 3518 458 3595 episcopus,
475 3515 529 3579 101
548 3514 706 3594 quaelibet
720 3515 788 3578 alia
811 3531 965 3594 persona,
1021 3514 1171 3592 recipere
1185 3515 1337 3577 valeatis.
1359 3517 1463 3575 Porro
1480 3513 1508 3575 si
1524 3515 1671 3592 episcopi
1694 3515 1749 3578 101
1764 3514 1824 3577 alii

167 3617 210 3677 ad
225 3615 370 3694 synodos
391 3614 445 3676 101
460 3614 645 3676 conventus
666 3613 817 3675 forenses
830 3630 889 3677 103
904 3615 965 3687 110,
1022 3611 1238 3675 ecclesiarum
1253 3612 1400 3674 rectores
1420 3612 1456 3673 in
1480 3612 1723 3674 monasterium
1747 3630 1826 3677 103-

169 3715 223 3777 101
242 3712 370 3793 judicio
380 3712 536 3774 saeculari
546 3712 588 3773 de
603 3713 714 3774 vestra
726 3711 862 3790 propria
875 3712 969 3775 subs·
1023 3713 1120 3783 hum,
1140 3710 1193 3772 rel
1217 3724 1379 3788 personas
1401 3708 1483 3771 inibi
1508 3710 1717 3784 constitutas,
1745 3728 1824 3772 sus-

169 3813 285 3884 tantia,
302 3811 355 3873 vel
374 3809 642 3889 possessionibus
656 3810 776 3873 vestris
796 3809 968 3888 subjacere
1022 3808 1202 3887 pensionis,
1213 3807 1578 3880 excommunicationis,
1587 3807 1642 3869 vel
1653 3807 1824 3871 interdicti

168 3909 373 3987 compellat3
399 3923 462 3970 nec
490 3908 531 3970 ad
554 3906 670 3969 domos
695 3908 838 3980 vestras,
866 3923 968 3971 caiisa
1024 3905 1224 3969 sententiam
1248 3905 1543 3987 promulgaverint,
1570 3905 1642 3967 sive
1663 3905 1769 3968 etiam
1788 3906 1825 3967 in

169 4008 303 4070 ordines
325 4005 532 4077 celebrandi,
557 4020 677 4068 causas
704 4005 887 4079 tractandi,
913 4007 968 4069 vel
1023 4003 1246 4066 mercenarios
1267 4004 1407 4075 vestros,
1423 4018 1484 4080 pro
1504 4019 1544 4065 eo
1560 4002 1646 4080 quod
1660 4003 1823 4077 decimas,

169 4104 300 4182 aliquos
338 4103 520 4166 conventus
560 4102 710 4179 publicos
744 4103 967 4175 convocandi,
1023 4100 1322 4173 sicutdictumest,
1340 4100 1659 4178 nonpersolreritis,
1677 4101 1827 4163 3110011-

168 4202 490 4277 venirepraesumate
504 4199 968 4275 necregularemelectionem
1023 4215 1088 4277 qua
1121 4198 1296 4261 occasione
1320 4213 1435 4261 eorum
1459 4215 1532 4276 quae
1559 4198 1600 4260 ab
1631 4199 1826 4276 apostolica

169 4297 299 4361 abbatis
322 4297 425 4358 vestri
446 4295 616 4373 impediat,
632 4297 691 4358 aut
711 4296 752 4358 de
766 4296 968 4360 instituendo
1022 4295 1226 4373 benignitate
1251 4295 1346 4358 vobis
1367 4295 1499 4358 indulta
1519 4298 1608 4368 sunt,
1631 4311 1692 4359 seu
1716 4296 1824 4358 bene-

169 4393 970 4470 velremovendoeoquiprotemporefueritcon·
1024 4395 1164 4457 factores
1184 4395 1313 4455 vestros
1335 4409 1395 4471 pro
1419 4410 1459 4456 00
1482 4394 1568 4470 quod
1591 4393 1706 4471 aliqua
1729 4395 1825 4457 vobis

169 4495 223 4557 tra
243 4491 368 4555 statuta
390 4490 619 4552 cisterciensis
639 4490 764 4552 ordinis
782 4505 818 4553 se
836 4491 969 4569 aliqua·
1022 4492 1195 4563 beneficia,
1211 4491 1265 4553 vel
1281 4490 1452 4569 obsequia,
1468 4507 1512 4553 ex
1526 4491 1667 4553 caritate
1687 4494 1825 4569 praesti-

171 4596 267 4656 tenus
282 4588 492 4651 intromittat.
506 4587 541 4649 si
551 4602 631 4653 vero
641 4587 859 4665 episcopusin
873 4592 968 4667 crpus
1023 4591 1135 4663 tarint,
1159 4589 1213 4651 101
1241 4589 1282 4651 ad
1311 4587 1530 4650 laborandum
1558 4588 1761 4667 adjuverint,
1789 4591 1824 4653 in

170 4688 331 4768 parochia
344 4686 461 4749 domus
473 4686 584 4748 vestra
599 4684 737 4748 fundata
750 4686 896 4760 estotim
910 4687 969 4749 hu·
1023 4687 1091 4749 illis
1112 4685 1228 4749 diebus
1248 4686 1285 4747 in
1309 4684 1428 4764 quibus
1452 4701 1512 4748 vos
1532 4684 1692 4749 laboratis
1707 4689 1742 4750 et
1766 4688 1826 4750 alii

170 4787 311 4850 militate
336 4802 376 4847 ac
398 4785 572 4848 devotione
596 4800 661 4863 qua
682 4784 838 4873 conuenit
855 4785 969 4864 requi·
1023 4784 1195 4857 feriantur,
1219 4783 1369 4846 eamdem
1388 4784 1589 4847 sententiam
1608 4785 1822 4862 protulerint,

171 4888 265 4957 situs,
299 4883 512 4946 substitutum
541 4878 692 4945 abbatem
713 4881 910 4945 benedicere
935 4884 969 4945 et
1023 4884 1130 4961 ipsam
1142 4883 1436 4960 tamquamcontra
1452 4882 1549 4943 Sedis
1562 4882 1827 4959 Apostolicaein·

171 4983 318 5059 aliaquae
331 4980 372 5041 ad
386 4980 532 5042 officium
543 4981 690 5058 episcopi
701 4980 867 5057 pertinent
875 4980 969 5043 vobis
1023 4980 1115 5043 dulta
1144 4980 1307 5058 prolatam
1333 4978 1488 5041 duximus
1515 4979 1726 5053 irritandam,
1762 4996 1826 5044 nec

171 5078 323 5143 conferre
346 5078 506 5149 renuerit,
523 5078 650 5140 licitum
665 5078 709 5141 sit
723 5078 829 5140 eidem
844 5077 967 5152 abbati,
1023 5079 1142 5141 litterae
1158 5078 1347 5140 firmitatem
1364 5075 1508 5140 habeant
1523 5093 1616 5154 quas,
1637 5078 1742 5140 tacito
1761 5094 1826 5140 no-

171 5181 200 5240 31
214 5181 326 5241 tamen
352 5175 509 5237 sacerdos
532 5174 643 5248 fuerit,
661 5177 812 5253 proprios
826 5176 969 5239 novitios
1023 5175 1113 5238 mine
1134 5175 1363 5237 Cisterciensis
1385 5174 1523 5247 ordinis,
1539 5174 1573 5236 et
1591 5174 1707 5237 contra
1732 5176 1826 5238 teno-

169 5275 377 5345 benedicere,
405 5276 439 5335 et
463 5272 531 5334 alia
554 5289 628 5350 quae
654 5273 696 5334 ad
713 5274 859 5336 officium
874 5291 969 5335 suum
1024 5288 1094 5335 rem
1123 5272 1380 5350 apostolicorum
1408 5271 1672 5350 privilegiorum,
1694 5274 1826 5335 consti-

172 5374 338 5452 pertinent
361 5386 530 5443 exercere,
554 5372 587 5433 et
609 5370 704 5434 robis
719 5372 831 5434 omnia
846 5371 887 5433 ab
902 5371 969 5434 alio
1023 5370 1103 5434 terit
1126 5370 1310 5447 impetrari.
1338 5372 1517 5443 Praeterea,
1547 5385 1623 5431 cum
1647 5385 1824 5432 commrme

171 5472 327 5548 episcopo
353 5469 525 5549 percipere
555 5485 628 5547 quae
659 5485 679 5531 a
707 5472 818 5532 vestro
846 5470 970 5533 fuerint
1024 5468 1236 5531 interdictum
1256 5470 1362 5531 terrae.
1382 5466 1492 5540 fuerit,
1518 5467 1618 5529 liceat
1642 5466 1738 5531 vobis
1766 5469 1823 5530 ni·

173 5566 319 5629 indebite
347 5568 519 5641 denegata.
544 5568 628 5630 lllud
657 5557 851 5646 adjicientes
878 5569 969 5630 utin
1024 5566 1205 5630 hilominus
1237 5566 1272 5626 in
1296 5567 1408 5629 103110
1436 5563 1648 5639 monasterio,
1675 5566 1822 5628 exclusis
