<?xml version="1.0" encoding="UTF-8"?>
<!DOCTYPE html PUBLIC "-//W3C//DTD XHTML 1.0 Transitional//EN"
    "http://www.w3.org/TR/xhtml1/DTD/xhtml1-transitional.dtd">
<html xmlns="http://www.w3.org/1999/xhtml" xml:lang="en" lang="en">
 <head>
  <title>
</title>
<meta http-equiv="Content-Type" content="text/html;charset=utf-8" />
  <meta name='ocr-system' content='tesseract 3.04.00' />
  <meta name='ocr-capabilities' content='ocr_page ocr_carea ocr_par ocr_line ocrx_word'/>
</head>
<body>
  <div class='ocr_page' id='page_1' title='image "./mediiaevibiblio00bottgoog_0375.png"; bbox 0 0 3900 6202; ppageno 0'>
   <div class='ocr_carea' id='block_1_1' title="bbox 838 277 1851 354">
    <p class='ocr_par' dir='ltr' id='par_1_1' title="bbox 838 277 1851 354">
     <span class='ocr_line' id='line_1_1' title="bbox 838 277 1851 354; baseline 0.019 -19"><span class='ocrx_word' id='word_1_1' title='bbox 838 277 1015 341; x_wconf 81' lang='lat' dir='ltr'>HONORII</span> <span class='ocrx_word' id='word_1_2' title='bbox 1037 283 1082 342; x_wconf 89' lang='lat'>111</span> <span class='ocrx_word' id='word_1_3' title='bbox 1105 281 1254 344; x_wconf 69' lang='lat' dir='ltr'><strong>OPERA.</strong></span> <span class='ocrx_word' id='word_1_4' title='bbox 1800 290 1851 354; x_wconf 70' lang='lat'>268</span> 
     </span>
    </p>
   </div>
   <div class='ocr_carea' id='block_1_2' title="bbox 223 434 1853 1135">
    <p class='ocr_par' dir='ltr' id='par_1_2' title="bbox 539 434 1853 917">
     <span class='ocr_line' id='line_1_2' title="bbox 539 434 1852 528; baseline 0.011 -30"><span class='ocrx_word' id='word_1_5' title='bbox 539 434 713 525; x_wconf 73' lang='lat' dir='ltr'>CCXVII</span> <span class='ocrx_word' id='word_1_6' title='bbox 1073 443 1109 503; x_wconf 92' lang='lat' dir='ltr'>in</span> <span class='ocrx_word' id='word_1_7' title='bbox 1122 443 1185 504; x_wconf 88' lang='lat' dir='ltr'>hoc</span> <span class='ocrx_word' id='word_1_8' title='bbox 1198 443 1239 504; x_wconf 88' lang='lat' dir='ltr'>ad</span> <span class='ocrx_word' id='word_1_9' title='bbox 1256 441 1474 505; x_wconf 88' lang='lat' dir='ltr'>obediendum</span> <span class='ocrx_word' id='word_1_10' title='bbox 1486 441 1620 520; x_wconf 90' lang='lat' dir='ltr'>paratos</span> <span class='ocrx_word' id='word_1_11' title='bbox 1631 444 1779 521; x_wconf 87' lang='lat' dir='ltr'>existere,</span> <span class='ocrx_word' id='word_1_12' title='bbox 1793 452 1852 528; x_wconf 93' lang='lat' dir='ltr'>qui-</span> 
     </span>
     <span class='ocr_line' id='line_1_3' title="bbox 1074 540 1853 621; baseline 0.01 -20"><span class='ocrx_word' id='word_1_13' title='bbox 1074 540 1150 601; x_wconf 92' lang='lat' dir='ltr'>dam</span> <span class='ocrx_word' id='word_1_14' title='bbox 1171 542 1282 602; x_wconf 90' lang='lat' dir='ltr'>tamen</span> <span class='ocrx_word' id='word_1_15' title='bbox 1300 541 1446 603; x_wconf 89' lang='lat' dir='ltr'>vestrum</span> <span class='ocrx_word' id='word_1_16' title='bbox 1466 558 1502 603; x_wconf 89' lang='lat' dir='ltr'>se</span> <span class='ocrx_word' id='word_1_17' title='bbox 1520 558 1582 619; x_wconf 90' lang='lat' dir='ltr'>per</span> <span class='ocrx_word' id='word_1_18' title='bbox 1599 542 1782 621; x_wconf 91' lang='lat' dir='ltr'>hujusmodi</span> <span class='ocrx_word' id='word_1_19' title='bbox 1805 548 1853 609; x_wconf 93' lang='lat' dir='ltr'>lit-</span> 
     </span>
     <span class='ocr_line' id='line_1_4' title="bbox 1073 639 1852 717; baseline 0.008 -16"><span class='ocrx_word' id='word_1_20' title='bbox 1073 640 1162 701; x_wconf 80' lang='lat' dir='ltr'>teras</span> <span class='ocrx_word' id='word_1_21' title='bbox 1179 655 1244 700; x_wconf 93' lang='lat' dir='ltr'>non</span> <span class='ocrx_word' id='word_1_22' title='bbox 1263 639 1384 700; x_wconf 89' lang='lat' dir='ltr'>debere</span> <span class='ocrx_word' id='word_1_23' title='bbox 1400 639 1485 715; x_wconf 86' lang='lat' dir='ltr'>cogi,</span> <span class='ocrx_word' id='word_1_24' title='bbox 1509 656 1572 702; x_wconf 91' lang='lat' dir='ltr'>nec</span> <span class='ocrx_word' id='word_1_25' title='bbox 1583 656 1681 717; x_wconf 89' lang='lat' dir='ltr'>posse</span> <span class='ocrx_word' id='word_1_26' title='bbox 1695 641 1734 702; x_wconf 93' lang='lat' dir='ltr'>ad</span> <span class='ocrx_word' id='word_1_27' title='bbox 1747 642 1852 707; x_wconf 89' lang='lat' dir='ltr'>vicesi-</span> 
     </span>
     <span class='ocr_line' id='line_1_5' title="bbox 1074 737 1853 814; baseline 0.01 -17"><span class='ocrx_word' id='word_1_28' title='bbox 1074 753 1161 798; x_wconf 93' lang='lat' dir='ltr'>mam</span> <span class='ocrx_word' id='word_1_29' title='bbox 1172 737 1322 814; x_wconf 89' lang='lat' dir='ltr'>pecuniae</span> <span class='ocrx_word' id='word_1_30' title='bbox 1331 738 1521 799; x_wconf 80' lang='lat' dir='ltr'>memorata</span> <span class='ocrx_word' id='word_1_31' title='bbox 1532 737 1853 804; x_wconf 84' lang='lat' dir='ltr'>solvendamflrmiter</span> 
     </span>
     <span class='ocr_line' id='line_1_6' title="bbox 1074 834 1852 917; baseline 0.006 -21"><span class='ocrx_word' id='word_1_32' title='bbox 1074 834 1278 896; x_wconf 86' lang='lat' dir='ltr'>asserebant.</span> <span class='ocrx_word' id='word_1_33' title='bbox 1301 835 1368 896; x_wconf 86' lang='lat' dir='ltr'>Alii</span> <span class='ocrx_word' id='word_1_34' title='bbox 1397 835 1562 905; x_wconf 74' lang='lat' dir='ltr'>dicebant,</span> <span class='ocrx_word' id='word_1_35' title='bbox 1583 836 1669 913; x_wconf 93' lang='lat' dir='ltr'>quod</span> <span class='ocrx_word' id='word_1_36' title='bbox 1690 853 1759 899; x_wconf 89' lang='lat' dir='ltr'>eam</span> <span class='ocrx_word' id='word_1_37' title='bbox 1778 856 1852 917; x_wconf 77' lang='lat' dir='ltr'>pm-</span> 
     </span>
    </p>

    <p class='ocr_par' dir='ltr' id='par_1_3' title="bbox 223 932 1850 1135">
     <span class='ocr_line' id='line_1_7' title="bbox 505 932 1850 1012; baseline 0.01 -25"><span class='ocrx_word' id='word_1_38' title='bbox 505 951 538 1009; x_wconf 57' lang='grc'>13</span> <span class='ocrx_word' id='word_1_39' title='bbox 558 950 627 1011; x_wconf 56' lang='lat' dir='ltr'>seb„</span> <span class='ocrx_word' id='word_1_40' title='bbox 655 953 734 1012; x_wconf 49' lang='grc' dir='ltr'>ΗΠ,</span> <span class='ocrx_word' id='word_1_41' title='bbox 1075 932 1161 994; x_wconf 92' lang='lat' dir='ltr'>dicto</span> <span class='ocrx_word' id='word_1_42' title='bbox 1176 933 1273 994; x_wconf 91' lang='lat' dir='ltr'>modo</span> <span class='ocrx_word' id='word_1_43' title='bbox 1288 933 1430 996; x_wconf 79' lang='lat' dir='ltr'>libenter</span> <span class='ocrx_word' id='word_1_44' title='bbox 1444 934 1628 1006; x_wconf 79' lang='lat' dir='ltr'>solverent,</span> <span class='ocrx_word' id='word_1_45' title='bbox 1651 935 1707 996; x_wconf 89' lang='lat' dir='ltr'>sed</span> <span class='ocrx_word' id='word_1_46' title='bbox 1729 936 1850 1001; x_wconf 87' lang='lat' dir='ltr'>clericos</span> 
     </span>
     <span class='ocr_line' id='line_1_8' title="bbox 223 1029 1849 1135; baseline 0.009 -52"><span class='ocrx_word' id='word_1_47' title='bbox 223 1062 295 1124; x_wconf 81' lang='lat' dir='ltr'>[noc.</span> <span class='ocrx_word' id='word_1_48' title='bbox 316 1062 362 1113; x_wconf 37' lang='lat' dir='ltr'>m·</span> <span class='ocrx_word' id='word_1_49' title='bbox 384 1063 457 1125; x_wconf 78' lang='lat' dir='ltr'>aaut,</span> <span class='ocrx_word' id='word_1_50' title='bbox 476 1082 502 1132; x_wconf 74' lang='lat' dir='ltr'>p.</span> <span class='ocrx_word' id='word_1_51' title='bbox 522 1067 575 1117; x_wconf 29' lang='grc' dir='ltr'>ιω.</span> <span class='ocrx_word' id='word_1_52' title='bbox 593 1070 650 1119; x_wconf 79' lang='lat' dir='ltr'>tiss.</span> <span class='ocrx_word' id='word_1_53' title='bbox 671 1068 847 1135; x_wconf 78' lang='lat' dir='ltr'>bibliotheque</span> <span class='ocrx_word' id='word_1_54' title='bbox 868 1069 1019 1135; x_wconf 71' lang='lat' dir='ltr'>canonae]</span> <span class='ocrx_word' id='word_1_55' title='bbox 1074 1030 1109 1091; x_wconf 92' lang='lat' dir='ltr'>in</span> <span class='ocrx_word' id='word_1_56' title='bbox 1122 1030 1192 1090; x_wconf 89' lang='lat' dir='ltr'>suis</span> <span class='ocrx_word' id='word_1_57' title='bbox 1205 1029 1403 1092; x_wconf 87' lang='lat' dir='ltr'>dioecesibus</span> <span class='ocrx_word' id='word_1_58' title='bbox 1412 1031 1610 1093; x_wconf 90' lang='lat' dir='ltr'>constitutos</span> <span class='ocrx_word' id='word_1_59' title='bbox 1625 1047 1664 1093; x_wconf 90' lang='grc'>00</span> <span class='ocrx_word' id='word_1_60' title='bbox 1685 1033 1776 1097; x_wconf 91' lang='lat' dir='ltr'>modo</span> <span class='ocrx_word' id='word_1_61' title='bbox 1794 1052 1849 1097; x_wconf 91' lang='lat' dir='ltr'>uon</span> 
     </span>
    </p>
   </div>
   <div class='ocr_carea' id='block_1_3' title="bbox 304 687 939 864">
    <p class='ocr_par' dir='ltr' id='par_1_4' title="bbox 304 687 939 864">
     <span class='ocr_line' id='line_1_9' title="bbox 304 687 939 764; baseline 0.019 -19"><span class='ocrx_word' id='word_1_62' title='bbox 304 687 357 745; x_wconf 76' lang='lat' dir='ltr'>Ad</span> <span class='ocrx_word' id='word_1_63' title='bbox 370 689 665 764; x_wconf 73' lang='lat' dir='ltr'>arcnnptseopom</span> <span class='ocrx_word' id='word_1_64' title='bbox 688 694 886 756; x_wconf 68' lang='lat' dir='ltr'>rociacum</span> <span class='ocrx_word' id='word_1_65' title='bbox 905 696 939 757; x_wconf 87' lang='lat' dir='ltr'>ct</span> 
     </span>
     <span class='ocr_line' id='line_1_10' title="bbox 449 787 790 864; baseline 0.026 -21"><span class='ocrx_word' id='word_1_66' title='bbox 449 787 690 864; x_wconf 75' lang='lat' dir='ltr'>sieffrogancoa</span> <span class='ocrx_word' id='word_1_67' title='bbox 703 793 790 863; x_wconf 75' lang='lat' dir='ltr'>cius</span> 
     </span>
    </p>
   </div>
   <div class='ocr_carea' id='block_1_4' title="bbox 222 1128 1850 1599">
    <p class='ocr_par' dir='ltr' id='par_1_5' title="bbox 1074 1128 1849 1208">
     <span class='ocr_line' id='line_1_11' title="bbox 1074 1128 1849 1208; baseline 0.006 -20"><span class='ocrx_word' id='word_1_68' title='bbox 1074 1128 1311 1205; x_wconf 82' lang='lat' dir='ltr'>compellerent</span> <span class='ocrx_word' id='word_1_69' title='bbox 1331 1129 1373 1190; x_wconf 89' lang='lat' dir='ltr'>ad</span> <span class='ocrx_word' id='word_1_70' title='bbox 1405 1128 1610 1202; x_wconf 89' lang='lat' dir='ltr'>solvendam,</span> <span class='ocrx_word' id='word_1_71' title='bbox 1634 1130 1710 1208; x_wconf 89' lang='lat' dir='ltr'>quia</span> <span class='ocrx_word' id='word_1_72' title='bbox 1732 1146 1799 1193; x_wconf 92' lang='lat' dir='ltr'>cum</span> <span class='ocrx_word' id='word_1_73' title='bbox 1819 1133 1849 1193; x_wconf 90' lang='lat' dir='ltr'>in</span> 
     </span>
    </p>

    <p class='ocr_par' dir='ltr' id='par_1_6' title="bbox 1073 1225 1848 1307">
     <span class='ocr_line' id='line_1_12' title="bbox 1073 1225 1848 1307; baseline 0.009 -22"><span class='ocrx_word' id='word_1_74' title='bbox 1073 1225 1244 1303; x_wconf 85' lang='lat' dir='ltr'>rescriptis</span> <span class='ocrx_word' id='word_1_75' title='bbox 1279 1242 1345 1288; x_wconf 91' lang='lat' dir='ltr'>nou</span> <span class='ocrx_word' id='word_1_76' title='bbox 1380 1226 1570 1289; x_wconf 85' lang='lat' dir='ltr'>continetur</span> <span class='ocrx_word' id='word_1_77' title='bbox 1599 1227 1752 1305; x_wconf 90' lang='lat' dir='ltr'>expedire</span> <span class='ocrx_word' id='word_1_78' title='bbox 1777 1232 1848 1307; x_wconf 90' lang='lat' dir='ltr'>quod</span> 
     </span>
    </p>

    <p class='ocr_par' dir='ltr' id='par_1_7' title="bbox 222 1301 1850 1599">
     <span class='ocr_line' id='line_1_13' title="bbox 222 1301 1849 1401; baseline 0.008 -41"><span class='ocrx_word' id='word_1_79' title='bbox 222 1301 339 1361; x_wconf 80' lang='lat' dir='ltr'>Mandat</span> <span class='ocrx_word' id='word_1_80' title='bbox 362 1311 393 1362; x_wconf 88' lang='lat' dir='ltr'>ut</span> <span class='ocrx_word' id='word_1_81' title='bbox 420 1306 533 1364; x_wconf 87' lang='lat' dir='ltr'>solvant</span> <span class='ocrx_word' id='word_1_82' title='bbox 559 1308 732 1381; x_wconf 81' lang='lat' dir='ltr'>vigesimam</span> <span class='ocrx_word' id='word_1_83' title='bbox 760 1309 1020 1368; x_wconf 84' lang='lat' dir='ltr'>ecclesiasticorum</span> <span class='ocrx_word' id='word_1_84' title='bbox 1074 1322 1109 1383; x_wconf 75' lang='lat' dir='ltr'>jn</span> <span class='ocrx_word' id='word_1_85' title='bbox 1126 1324 1267 1401; x_wconf 64' lang='lat' dir='ltr'>pecunia</span> <span class='ocrx_word' id='word_1_86' title='bbox 1287 1324 1454 1386; x_wconf 57' lang='lat' dir='ltr'>solym-0111</span> <span class='ocrx_word' id='word_1_87' title='bbox 1471 1326 1724 1398; x_wconf 41' lang='lat' dir='ltr'>mmmmm</span> <span class='ocrx_word' id='word_1_88' title='bbox 1740 1327 1778 1388; x_wconf 65' lang='lat' dir='ltr'>aq</span> <span class='ocrx_word' id='word_1_89' title='bbox 1797 1327 1849 1390; x_wconf 73' lang='lat'><strong>1100</strong></span> 
     </span>
     <span class='ocr_line' id='line_1_14' title="bbox 258 1398 1850 1499; baseline 0.009 -51"><span class='ocrx_word' id='word_1_90' title='bbox 258 1401 446 1464; x_wconf 80' lang='lat' dir='ltr'>proventuum</span> <span class='ocrx_word' id='word_1_91' title='bbox 464 1398 612 1468; x_wconf 79' lang='lat' dir='ltr'>prolerre</span> <span class='ocrx_word' id='word_1_92' title='bbox 631 1399 734 1456; x_wconf 87' lang='lat' dir='ltr'>Sancta</span> <span class='ocrx_word' id='word_1_93' title='bbox 751 1398 831 1473; x_wconf 86' lang='lat' dir='ltr'>juxta</span> <span class='ocrx_word' id='word_1_94' title='bbox 851 1400 959 1459; x_wconf 87' lang='lat' dir='ltr'>litteras</span> <span class='ocrx_word' id='word_1_95' title='bbox 977 1399 1020 1457; x_wconf 89' lang='lat' dir='ltr'>eis</span> <span class='ocrx_word' id='word_1_96' title='bbox 1074 1436 1193 1497; x_wconf 60' lang='lat' dir='ltr'>cogere</span> <span class='ocrx_word' id='word_1_97' title='bbox 1206 1438 1273 1484; x_wconf 67' lang='lat' dir='ltr'>non</span> <span class='ocrx_word' id='word_1_98' title='bbox 1287 1423 1442 1499; x_wconf 58' lang='lat' dir='ltr'>poterant</span> <span class='ocrx_word' id='word_1_99' title='bbox 1456 1439 1517 1485; x_wconf 62' lang='lat' dir='ltr'>nec</span> <span class='ocrx_word' id='word_1_100' title='bbox 1527 1422 1770 1499; x_wconf 60' lang='lat' dir='ltr'>dehebant3sep</span> <span class='ocrx_word' id='word_1_101' title='bbox 1780 1424 1850 1488; x_wconf 61' lang='lat'>(1109,</span> 
     </span>
     <span class='ocr_line' id='line_1_15' title="bbox 258 1480 1850 1599; baseline 0.009 -61"><span class='ocrx_word' id='word_1_102' title='bbox 258 1480 340 1539; x_wconf 89' lang='lat' dir='ltr'>datas</span> <span class='ocrx_word' id='word_1_103' title='bbox 356 1481 391 1540; x_wconf 85' lang='lat' dir='ltr'>ab</span> <span class='ocrx_word' id='word_1_104' title='bbox 406 1485 573 1543; x_wconf 80' lang='grc'><strong>1110011110</strong></span> <span class='ocrx_word' id='word_1_105' title='bbox 583 1488 625 1545; x_wconf 90' lang='lat'>111</span> <span class='ocrx_word' id='word_1_106' title='bbox 645 1486 856 1563; x_wconf 75' lang='lat' dir='ltr'>predecessore</span> <span class='ocrx_word' id='word_1_107' title='bbox 870 1503 933 1546; x_wconf 91' lang='lat' dir='ltr'>suo.</span> <span class='ocrx_word' id='word_1_108' title='bbox 1073 1516 1156 1580; x_wconf 61' lang='lat' dir='ltr'>bant</span> <span class='ocrx_word' id='word_1_109' title='bbox 1177 1520 1264 1597; x_wconf 70' lang='lat' dir='ltr'>quod</span> <span class='ocrx_word' id='word_1_110' title='bbox 1285 1520 1482 1582; x_wconf 53' lang='lat' dir='ltr'>collectores</span> <span class='ocrx_word' id='word_1_111' title='bbox 1495 1521 1722 1584; x_wconf 57' lang='lat' dir='ltr'>discurrerent</span> <span class='ocrx_word' id='word_1_112' title='bbox 1742 1538 1795 1599; x_wconf 61' lang='lat' dir='ltr'>pe,</span> <span class='ocrx_word' id='word_1_113' title='bbox 1806 1523 1850 1584; x_wconf 62' lang='lat'>31,</span> 
     </span>
    </p>
   </div>
   <div class='ocr_carea' id='block_1_5' title="bbox 211 1616 1916 5697">
    <p class='ocr_par' dir='ltr' id='par_1_8' title="bbox 1075 1616 1848 1697">
     <span class='ocr_line' id='line_1_16' title="bbox 1075 1616 1848 1697; baseline 0.005 -20"><span class='ocrx_word' id='word_1_114' title='bbox 1075 1616 1166 1689; x_wconf 89' lang='lat' dir='ltr'>deas,</span> <span class='ocrx_word' id='word_1_115' title='bbox 1181 1620 1214 1679; x_wconf 89' lang='lat' dir='ltr'>et</span> <span class='ocrx_word' id='word_1_116' title='bbox 1230 1616 1351 1679; x_wconf 88' lang='lat' dir='ltr'>ibidem</span> <span class='ocrx_word' id='word_1_117' title='bbox 1363 1619 1431 1679; x_wconf 90' lang='lat' dir='ltr'>tam</span> <span class='ocrx_word' id='word_1_118' title='bbox 1447 1618 1487 1679; x_wconf 91' lang='lat' dir='ltr'>de</span> <span class='ocrx_word' id='word_1_119' title='bbox 1502 1620 1575 1680; x_wconf 90' lang='lat' dir='ltr'>suis</span> <span class='ocrx_word' id='word_1_120' title='bbox 1592 1635 1690 1697; x_wconf 90' lang='lat' dir='ltr'>quam</span> <span class='ocrx_word' id='word_1_121' title='bbox 1702 1619 1739 1681; x_wconf 90' lang='lat' dir='ltr'>de</span> <span class='ocrx_word' id='word_1_122' title='bbox 1752 1619 1848 1681; x_wconf 87' lang='lat' dir='ltr'>subdi·</span> 
     </span>
    </p>

    <p class='ocr_par' dir='ltr' id='par_1_9' title="bbox 211 1707 1916 5697">
     <span class='ocr_line' id='line_1_17' title="bbox 262 1707 1847 1794; baseline 0.008 -28"><span class='ocrx_word' id='word_1_123' title='bbox 262 1707 342 1768; x_wconf 86' lang='lat' dir='ltr'>Cum</span> <span class='ocrx_word' id='word_1_124' title='bbox 377 1707 485 1772; x_wconf 78' lang='lat' dir='ltr'>felicis</span> <span class='ocrx_word' id='word_1_125' title='bbox 522 1713 763 1778; x_wconf 90' lang='lat' dir='ltr'>recordationis</span> <span class='ocrx_word' id='word_1_126' title='bbox 807 1719 1019 1782; x_wconf 90' lang='lat' dir='ltr'>Innocentius</span> <span class='ocrx_word' id='word_1_127' title='bbox 1073 1714 1182 1775; x_wconf 86' lang='lat' dir='ltr'>torum</span> <span class='ocrx_word' id='word_1_128' title='bbox 1197 1715 1433 1789; x_wconf 89' lang='lat' dir='ltr'>redditibus,iu</span> <span class='ocrx_word' id='word_1_129' title='bbox 1443 1716 1569 1789; x_wconf 89' lang='lat' dir='ltr'>tritico,</span> <span class='ocrx_word' id='word_1_130' title='bbox 1589 1717 1729 1794; x_wconf 85' lang='lat' dir='ltr'>siligine,</span> <span class='ocrx_word' id='word_1_131' title='bbox 1744 1717 1847 1778; x_wconf 87' lang='lat' dir='ltr'>hordeo</span> 
     </span>
     <span class='ocr_line' id='line_1_18' title="bbox 221 1807 1847 1885; baseline 0.009 -23"><span class='ocrx_word' id='word_1_132' title='bbox 221 1807 792 1885; x_wconf 69' lang='grc' dir='ltr'><strong>[10ρο,11100000000011001011011Ῑο</strong></span> <span class='ocrx_word' id='word_1_133' title='bbox 808 1814 930 1876; x_wconf 90' lang='lat' dir='ltr'>dudum</span> <span class='ocrx_word' id='word_1_134' title='bbox 950 1816 1018 1878; x_wconf 85' lang='lat' dir='ltr'>suis</span> <span class='ocrx_word' id='word_1_135' title='bbox 1075 1814 1109 1874; x_wconf 87' lang='lat' dir='ltr'>et</span> <span class='ocrx_word' id='word_1_136' title='bbox 1123 1814 1201 1875; x_wconf 87' lang='lat' dir='ltr'>vino</span> <span class='ocrx_word' id='word_1_137' title='bbox 1213 1814 1247 1876; x_wconf 91' lang='lat' dir='ltr'>et</span> <span class='ocrx_word' id='word_1_138' title='bbox 1258 1814 1335 1875; x_wconf 88' lang='lat' dir='ltr'>aliis</span> <span class='ocrx_word' id='word_1_139' title='bbox 1350 1813 1511 1877; x_wconf 76' lang='lat' dir='ltr'>fructibus</span> <span class='ocrx_word' id='word_1_140' title='bbox 1526 1816 1561 1878; x_wconf 91' lang='lat' dir='ltr'>et</span> <span class='ocrx_word' id='word_1_141' title='bbox 1577 1815 1712 1877; x_wconf 86' lang='lat' dir='ltr'>decimis</span> <span class='ocrx_word' id='word_1_142' title='bbox 1730 1815 1847 1877; x_wconf 81' lang='grc'><strong>0101111-</strong></span> 
     </span>
     <span class='ocr_line' id='line_1_19' title="bbox 222 1898 1848 1990; baseline 0.01 -33"><span class='ocrx_word' id='word_1_143' title='bbox 222 1898 350 1963; x_wconf 89' lang='lat' dir='ltr'>dederit</span> <span class='ocrx_word' id='word_1_144' title='bbox 365 1902 484 1965; x_wconf 90' lang='lat' dir='ltr'>litteris</span> <span class='ocrx_word' id='word_1_145' title='bbox 500 1906 534 1966; x_wconf 90' lang='lat' dir='ltr'>in</span> <span class='ocrx_word' id='word_1_146' title='bbox 547 1911 769 1986; x_wconf 88' lang='lat' dir='ltr'>praeceptione</span> <span class='ocrx_word' id='word_1_147' title='bbox 784 1928 844 1990; x_wconf 91' lang='lat' dir='ltr'>pro</span> <span class='ocrx_word' id='word_1_148' title='bbox 859 1913 1019 1976; x_wconf 90' lang='lat' dir='ltr'>vicesima</span> <span class='ocrx_word' id='word_1_149' title='bbox 1073 1911 1221 1974; x_wconf 86' lang='lat' dir='ltr'>tionibus</span> <span class='ocrx_word' id='word_1_150' title='bbox 1233 1912 1446 1989; x_wconf 70' lang='lat' dir='ltr'>quotidianis</span> <span class='ocrx_word' id='word_1_151' title='bbox 1462 1913 1659 1974; x_wconf 75' lang='lat' dir='ltr'>vicesimam</span> <span class='ocrx_word' id='word_1_152' title='bbox 1673 1913 1848 1974; x_wconf 75' lang='grc'><strong>010110100-</strong></span> 
     </span>
     <span class='ocr_line' id='line_1_20' title="bbox 222 1997 1847 2088; baseline 0.009 -32"><span class='ocrx_word' id='word_1_153' title='bbox 222 1997 524 2064; x_wconf 86' lang='lat' dir='ltr'>ecclesiasticorum</span> <span class='ocrx_word' id='word_1_154' title='bbox 559 2010 800 2081; x_wconf 90' lang='lat' dir='ltr'>proventuum,</span> <span class='ocrx_word' id='word_1_155' title='bbox 829 2027 933 2088; x_wconf 91' lang='lat' dir='ltr'>usque</span> <span class='ocrx_word' id='word_1_156' title='bbox 977 2012 1018 2074; x_wconf 91' lang='lat' dir='ltr'>ad</span> <span class='ocrx_word' id='word_1_157' title='bbox 1073 2011 1148 2071; x_wconf 91' lang='lat' dir='ltr'>rent</span> <span class='ocrx_word' id='word_1_158' title='bbox 1173 2010 1314 2071; x_wconf 81' lang='lat' dir='ltr'>fideliter</span> <span class='ocrx_word' id='word_1_159' title='bbox 1340 2010 1503 2071; x_wconf 88' lang='lat' dir='ltr'>exhiberi.</span> <span class='ocrx_word' id='word_1_160' title='bbox 1518 2010 1612 2072; x_wconf 85' lang='lat' dir='ltr'>Talis</span> <span class='ocrx_word' id='word_1_161' title='bbox 1641 2010 1764 2088; x_wconf 87' lang='lat' dir='ltr'>quidem</span> <span class='ocrx_word' id='word_1_162' title='bbox 1791 2011 1847 2073; x_wconf 85' lang='lat' dir='ltr'>col-</span> 
     </span>
     <span class='ocr_line' id='line_1_21' title="bbox 221 2093 1846 2184; baseline 0.009 -31"><span class='ocrx_word' id='word_1_163' title='bbox 221 2093 402 2157; x_wconf 75' lang='lat' dir='ltr'>trie&#39;nnium</span> <span class='ocrx_word' id='word_1_164' title='bbox 425 2100 554 2177; x_wconf 78' lang='lat' dir='ltr'>integre</span> <span class='ocrx_word' id='word_1_165' title='bbox 578 2103 613 2163; x_wconf 92' lang='lat' dir='ltr'>in</span> <span class='ocrx_word' id='word_1_166' title='bbox 628 2106 740 2167; x_wconf 86' lang='lat' dir='ltr'>Terrae</span> <span class='ocrx_word' id='word_1_167' title='bbox 758 2109 888 2170; x_wconf 87' lang='lat' dir='ltr'>Sanctae</span> <span class='ocrx_word' id='word_1_168' title='bbox 910 2109 1021 2171; x_wconf 86' lang='lat' dir='ltr'>subsi-</span> <span class='ocrx_word' id='word_1_169' title='bbox 1073 2106 1171 2167; x_wconf 89' lang='lat' dir='ltr'>lectio</span> <span class='ocrx_word' id='word_1_170' title='bbox 1188 2106 1351 2183; x_wconf 91' lang='lat' dir='ltr'>dispersio</span> <span class='ocrx_word' id='word_1_171' title='bbox 1368 2107 1673 2184; x_wconf 88' lang='lat' dir='ltr'>potiusvidebatur,</span> <span class='ocrx_word' id='word_1_172' title='bbox 1694 2124 1763 2169; x_wconf 90' lang='lat' dir='ltr'>cum</span> <span class='ocrx_word' id='word_1_173' title='bbox 1782 2107 1846 2184; x_wconf 86' lang='lat' dir='ltr'>ipsis</span> 
     </span>
     <span class='ocr_line' id='line_1_22' title="bbox 222 2190 1844 2283; baseline 0.01 -33"><span class='ocrx_word' id='word_1_174' title='bbox 222 2190 313 2252; x_wconf 91' lang='lat' dir='ltr'>dium</span> <span class='ocrx_word' id='word_1_175' title='bbox 324 2194 536 2271; x_wconf 84' lang='lat' dir='ltr'>conterenda,</span> <span class='ocrx_word' id='word_1_176' title='bbox 549 2201 669 2263; x_wconf 88' lang='lat' dir='ltr'>vestris</span> <span class='ocrx_word' id='word_1_177' title='bbox 684 2203 717 2265; x_wconf 90' lang='lat' dir='ltr'>et</span> <span class='ocrx_word' id='word_1_178' title='bbox 731 2205 936 2269; x_wconf 88' lang='lat' dir='ltr'>subditorum</span> <span class='ocrx_word' id='word_1_179' title='bbox 950 2223 1021 2269; x_wconf 92' lang='lat' dir='ltr'>ves·</span> <span class='ocrx_word' id='word_1_180' title='bbox 1074 2205 1307 2268; x_wconf 86' lang='lat' dir='ltr'>collectoribus</span> <span class='ocrx_word' id='word_1_181' title='bbox 1328 2205 1369 2266; x_wconf 90' lang='lat' dir='ltr'>ad</span> <span class='ocrx_word' id='word_1_182' title='bbox 1394 2221 1564 2283; x_wconf 86' lang='lat' dir='ltr'>expensas</span> <span class='ocrx_word' id='word_1_183' title='bbox 1587 2206 1783 2267; x_wconf 90' lang='lat' dir='ltr'>necessarias</span> <span class='ocrx_word' id='word_1_184' title='bbox 1800 2204 1844 2267; x_wconf 84' lang='lat' dir='ltr'>vix</span> 
     </span>
     <span class='ocr_line' id='line_1_23' title="bbox 220 2288 1842 2380; baseline 0.009 -32"><span class='ocrx_word' id='word_1_185' title='bbox 220 2288 348 2351; x_wconf 91' lang='lat' dir='ltr'>trorum</span> <span class='ocrx_word' id='word_1_186' title='bbox 374 2293 557 2357; x_wconf 87' lang='lat' dir='ltr'>redditibus</span> <span class='ocrx_word' id='word_1_187' title='bbox 583 2298 775 2376; x_wconf 87' lang='lat' dir='ltr'>diligentius</span> <span class='ocrx_word' id='word_1_188' title='bbox 804 2304 1016 2380; x_wconf 90' lang='lat' dir='ltr'>computatis,</span> <span class='ocrx_word' id='word_1_189' title='bbox 1074 2301 1266 2364; x_wconf 81' lang='lat' dir='ltr'>sufficereut</span> <span class='ocrx_word' id='word_1_190' title='bbox 1287 2302 1484 2379; x_wconf 88' lang='lat' dir='ltr'>colligenda.</span> <span class='ocrx_word' id='word_1_191' title='bbox 1506 2304 1591 2364; x_wconf 86' lang='lat' dir='ltr'>Cum</span> <span class='ocrx_word' id='word_1_192' title='bbox 1608 2303 1696 2365; x_wconf 90' lang='lat' dir='ltr'>enim</span> <span class='ocrx_word' id='word_1_193' title='bbox 1708 2303 1842 2365; x_wconf 86' lang='lat' dir='ltr'>Toletana</span> 
     </span>
     <span class='ocr_line' id='line_1_24' title="bbox 222 2388 1842 2478; baseline 0.009 -32"><span class='ocrx_word' id='word_1_194' title='bbox 222 2388 330 2462; x_wconf 89' lang='lat' dir='ltr'>parati</span> <span class='ocrx_word' id='word_1_195' title='bbox 358 2391 476 2453; x_wconf 86' lang='lat' dir='ltr'>essetis</span> <span class='ocrx_word' id='word_1_196' title='bbox 512 2410 616 2471; x_wconf 88' lang='lat' dir='ltr'>usque</span> <span class='ocrx_word' id='word_1_197' title='bbox 646 2397 687 2463; x_wconf 91' lang='lat' dir='ltr'>ad</span> <span class='ocrx_word' id='word_1_198' title='bbox 716 2398 837 2461; x_wconf 81' lang='lat' dir='ltr'>festum</span> <span class='ocrx_word' id='word_1_199' title='bbox 871 2402 1019 2463; x_wconf 92' lang='lat' dir='ltr'>omnium</span> <span class='ocrx_word' id='word_1_200' title='bbox 1073 2398 1244 2476; x_wconf 90' lang='lat' dir='ltr'>provincia</span> <span class='ocrx_word' id='word_1_201' title='bbox 1263 2415 1323 2477; x_wconf 91' lang='lat' dir='ltr'>per</span> <span class='ocrx_word' id='word_1_202' title='bbox 1346 2400 1410 2461; x_wconf 94' lang='lat' dir='ltr'>duo</span> <span class='ocrx_word' id='word_1_203' title='bbox 1435 2401 1478 2462; x_wconf 87' lang='lat' dir='ltr'>sit</span> <span class='ocrx_word' id='word_1_204' title='bbox 1496 2417 1604 2478; x_wconf 88' lang='lat' dir='ltr'>regna</span> <span class='ocrx_word' id='word_1_205' title='bbox 1623 2401 1718 2478; x_wconf 88' lang='lat' dir='ltr'>longe</span> <span class='ocrx_word' id='word_1_206' title='bbox 1734 2401 1842 2478; x_wconf 82' lang='lat' dir='ltr'>lateque</span> 
     </span>
     <span class='ocr_line' id='line_1_25' title="bbox 223 2485 1844 2571; baseline 0.009 -28"><span class='ocrx_word' id='word_1_207' title='bbox 223 2485 419 2547; x_wconf 87' lang='lat' dir='ltr'>Sanctorum</span> <span class='ocrx_word' id='word_1_208' title='bbox 432 2491 583 2564; x_wconf 85' lang='lat' dir='ltr'>proxime</span> <span class='ocrx_word' id='word_1_209' title='bbox 593 2495 664 2571; x_wconf 87' lang='lat' dir='ltr'>jam</span> <span class='ocrx_word' id='word_1_210' title='bbox 679 2495 1020 2561; x_wconf 89' lang='lat' dir='ltr'>transactumdeves-</span> <span class='ocrx_word' id='word_1_211' title='bbox 1073 2496 1207 2570; x_wconf 82' lang='lat' dir='ltr'>diffusa,</span> <span class='ocrx_word' id='word_1_212' title='bbox 1220 2513 1263 2558; x_wconf 90' lang='lat' dir='ltr'>ne</span> <span class='ocrx_word' id='word_1_213' title='bbox 1281 2497 1347 2559; x_wconf 90' lang='lat' dir='ltr'>duo</span> <span class='ocrx_word' id='word_1_214' title='bbox 1370 2496 1486 2559; x_wconf 89' lang='lat' dir='ltr'>clerici</span> <span class='ocrx_word' id='word_1_215' title='bbox 1503 2499 1538 2560; x_wconf 89' lang='lat' dir='ltr'>et</span> <span class='ocrx_word' id='word_1_216' title='bbox 1561 2498 1626 2561; x_wconf 91' lang='lat' dir='ltr'>duo</span> <span class='ocrx_word' id='word_1_217' title='bbox 1647 2498 1770 2571; x_wconf 88' lang='lat' dir='ltr'>iratres,</span> <span class='ocrx_word' id='word_1_218' title='bbox 1781 2512 1844 2558; x_wconf 81' lang='lat' dir='ltr'>vam</span> 
     </span>
     <span class='ocr_line' id='line_1_26' title="bbox 221 2580 1843 2674; baseline 0.01 -34"><span class='ocrx_word' id='word_1_219' title='bbox 221 2580 283 2642; x_wconf 89' lang='lat' dir='ltr'>tris</span> <span class='ocrx_word' id='word_1_220' title='bbox 295 2584 396 2646; x_wconf 90' lang='lat' dir='ltr'>certis</span> <span class='ocrx_word' id='word_1_221' title='bbox 410 2585 594 2651; x_wconf 85' lang='lat' dir='ltr'>redditibus</span> <span class='ocrx_word' id='word_1_222' title='bbox 609 2593 734 2653; x_wconf 90' lang='lat' dir='ltr'>certam</span> <span class='ocrx_word' id='word_1_223' title='bbox 748 2611 909 2656; x_wconf 84' lang='lat' dir='ltr'>summam</span> <span class='ocrx_word' id='word_1_224' title='bbox 924 2597 1020 2673; x_wconf 90' lang='lat' dir='ltr'>vige-</span> <span class='ocrx_word' id='word_1_225' title='bbox 1073 2595 1431 2672; x_wconf 87' lang='lat' dir='ltr'>etiamquinquaginta,</span> <span class='ocrx_word' id='word_1_226' title='bbox 1449 2596 1508 2658; x_wconf 93' lang='lat' dir='ltr'>vix</span> <span class='ocrx_word' id='word_1_227' title='bbox 1521 2596 1567 2657; x_wconf 91' lang='lat' dir='ltr'>ad</span> <span class='ocrx_word' id='word_1_228' title='bbox 1583 2596 1787 2674; x_wconf 90' lang='lat' dir='ltr'>colligendam</span> <span class='ocrx_word' id='word_1_229' title='bbox 1798 2594 1843 2656; x_wconf 89' lang='lat' dir='ltr'>vi·</span> 
     </span>
     <span class='ocr_line' id='line_1_27' title="bbox 221 2678 1844 2772; baseline 0.009 -35"><span class='ocrx_word' id='word_1_230' title='bbox 221 2678 314 2741; x_wconf 77' lang='lat' dir='ltr'>simae</span> <span class='ocrx_word' id='word_1_231' title='bbox 339 2684 550 2758; x_wconf 85' lang='lat' dir='ltr'>proventurae</span> <span class='ocrx_word' id='word_1_232' title='bbox 576 2687 618 2750; x_wconf 89' lang='lat' dir='ltr'>de</span> <span class='ocrx_word' id='word_1_233' title='bbox 646 2689 729 2767; x_wconf 90' lang='lat' dir='ltr'>ipsis</span> <span class='ocrx_word' id='word_1_234' title='bbox 755 2692 882 2753; x_wconf 91' lang='lat' dir='ltr'>nuntiis</span> <span class='ocrx_word' id='word_1_235' title='bbox 915 2693 1020 2756; x_wconf 90' lang='lat' dir='ltr'>dilec·</span> <span class='ocrx_word' id='word_1_236' title='bbox 1073 2691 1231 2753; x_wconf 89' lang='lat' dir='ltr'>cesimam</span> <span class='ocrx_word' id='word_1_237' title='bbox 1247 2692 1355 2769; x_wconf 88' lang='lat' dir='ltr'>ipsam</span> <span class='ocrx_word' id='word_1_238' title='bbox 1375 2693 1572 2757; x_wconf 82' lang='lat' dir='ltr'>sufficerent</span> <span class='ocrx_word' id='word_1_239' title='bbox 1592 2711 1651 2772; x_wconf 90' lang='lat' dir='ltr'>per</span> <span class='ocrx_word' id='word_1_240' title='bbox 1671 2691 1844 2756; x_wconf 88' lang='lat' dir='ltr'>aldeassin-</span> 
     </span>
     <span class='ocr_line' id='line_1_28' title="bbox 220 2776 1841 2867; baseline 0.02 -31"><span class='ocrx_word' id='word_1_241' title='bbox 220 2776 330 2842; x_wconf 89' lang='lat' dir='ltr'>torum</span> <span class='ocrx_word' id='word_1_242' title='bbox 341 2779 486 2842; x_wconf 88' lang='lat' dir='ltr'>tiliorum</span> <span class='ocrx_word' id='word_1_243' title='bbox 498 2786 649 2861; x_wconf 86' lang='lat' dir='ltr'>magistri</span> <span class='ocrx_word' id='word_1_244' title='bbox 661 2787 870 2850; x_wconf 92' lang='lat' dir='ltr'>dominorum</span> <span class='ocrx_word' id='word_1_245' title='bbox 885 2792 1016 2853; x_wconf 82' lang='lat' dir='ltr'>Militiae</span> <span class='ocrx_word' id='word_1_246' title='bbox 1073 2788 1171 2863; x_wconf 68' lang='lat' dir='ltr'><strong>gulas</strong></span> <span class='ocrx_word' id='word_1_247' title='bbox 1186 2786 1418 2863; x_wconf 47' lang='lat' dir='ltr'>discurrenti&amp;</span> <span class='ocrx_word' id='word_1_248' title='bbox 1435 2806 1510 2850; x_wconf 92' lang='lat' dir='ltr'>cum</span> <span class='ocrx_word' id='word_1_249' title='bbox 1526 2789 1632 2866; x_wconf 65' lang='lat' dir='ltr'>igitur</span> <span class='ocrx_word' id='word_1_250' title='bbox 1644 2792 1762 2867; x_wconf 59' lang='lat' dir='ltr'>tempus</span> <span class='ocrx_word' id='word_1_251' title='bbox 1781 2788 1841 2849; x_wconf 63' lang='lat'>5¹¹⁸·</span> 
     </span>
     <span class='ocr_line' id='line_1_29' title="bbox 221 2875 1916 2966; baseline 0.006 -32"><span class='ocrx_word' id='word_1_252' title='bbox 221 2875 347 2952; x_wconf 84' lang='lat' dir='ltr'>Templi</span> <span class='ocrx_word' id='word_1_253' title='bbox 362 2879 395 2939; x_wconf 86' lang='lat' dir='ltr'>at</span> <span class='ocrx_word' id='word_1_254' title='bbox 416 2880 537 2956; x_wconf 89' lang='lat' dir='ltr'>prioris</span> <span class='ocrx_word' id='word_1_255' title='bbox 557 2882 732 2962; x_wconf 85' lang='lat' dir='ltr'>hospitalis</span> <span class='ocrx_word' id='word_1_256' title='bbox 748 2889 1019 2966; x_wconf 79' lang='lat' dir='ltr'>ierosolymitani</span> <span class='ocrx_word' id='word_1_257' title='bbox 1073 2887 1119 2948; x_wconf 89' lang='lat' dir='ltr'>tet</span> <span class='ocrx_word' id='word_1_258' title='bbox 1131 2885 1239 2964; x_wconf 91' lang='lat' dir='ltr'>quoad</span> <span class='ocrx_word' id='word_1_259' title='bbox 1254 2901 1291 2947; x_wconf 89' lang='lat' dir='ltr'>se</span> <span class='ocrx_word' id='word_1_260' title='bbox 1305 2886 1490 2963; x_wconf 87' lang='lat' dir='ltr'>periculum</span> <span class='ocrx_word' id='word_1_261' title='bbox 1502 2889 1609 2951; x_wconf 89' lang='lat' dir='ltr'>trabit</span> <span class='ocrx_word' id='word_1_262' title='bbox 1621 2887 1787 2964; x_wconf 89' lang='lat' dir='ltr'>mora,pati</span> <span class='ocrx_word' id='word_1_263' title='bbox 1800 2899 1843 2945; x_wconf 83' lang='lat' dir='ltr'>no</span> <span class='ocrx_word' id='word_1_264' title='bbox 1915 2900 1916 2909; x_wconf 55' lang='lat'>¹</span> 
     </span>
     <span class='ocr_line' id='line_1_30' title="bbox 221 2970 1841 3065; baseline 0.01 -34"><span class='ocrx_word' id='word_1_265' title='bbox 221 2970 257 3032; x_wconf 93' lang='lat' dir='ltr'>in</span> <span class='ocrx_word' id='word_1_266' title='bbox 282 2973 442 3038; x_wconf 85' lang='lat' dir='ltr'>Toletana</span> <span class='ocrx_word' id='word_1_267' title='bbox 469 2980 642 3053; x_wconf 90' lang='lat' dir='ltr'>provincia</span> <span class='ocrx_word' id='word_1_268' title='bbox 676 2984 950 3059; x_wconf 90' lang='lat' dir='ltr'>constitutorum,</span> <span class='ocrx_word' id='word_1_269' title='bbox 979 3004 1019 3050; x_wconf 92' lang='lat' dir='ltr'>ac</span> <span class='ocrx_word' id='word_1_270' title='bbox 1073 2986 1178 3047; x_wconf 89' lang='lat' dir='ltr'>lentes</span> <span class='ocrx_word' id='word_1_271' title='bbox 1204 3001 1264 3063; x_wconf 90' lang='lat' dir='ltr'>per</span> <span class='ocrx_word' id='word_1_272' title='bbox 1289 2985 1520 3049; x_wconf 83' lang='lat' dir='ltr'>executionem</span> <span class='ocrx_word' id='word_1_273' title='bbox 1552 2988 1676 3065; x_wconf 87' lang='lat' dir='ltr'>negotii</span> <span class='ocrx_word' id='word_1_274' title='bbox 1702 2984 1841 3065; x_wconf 82' lang='lat' dir='ltr'>aliquibus</span> 
     </span>
     <span class='ocr_line' id='line_1_31' title="bbox 221 3072 1841 3162; baseline 0.011 -33"><span class='ocrx_word' id='word_1_275' title='bbox 221 3072 368 3132; x_wconf 88' lang='lat' dir='ltr'>cantoris</span> <span class='ocrx_word' id='word_1_276' title='bbox 392 3075 426 3135; x_wconf 92' lang='grc'>01</span> <span class='ocrx_word' id='word_1_277' title='bbox 449 3077 676 3139; x_wconf 87' lang='lat' dir='ltr'>archidiaconi</span> <span class='ocrx_word' id='word_1_278' title='bbox 709 3084 870 3144; x_wconf 81' lang='lat' dir='ltr'>zamoren</span> <span class='ocrx_word' id='word_1_279' title='bbox 897 3085 1017 3161; x_wconf 88' lang='lat' dir='ltr'>quibus</span> <span class='ocrx_word' id='word_1_280' title='bbox 1072 3084 1323 3161; x_wconf 80' lang='lat' dir='ltr'>exceptionibus</span> <span class='ocrx_word' id='word_1_281' title='bbox 1346 3086 1487 3147; x_wconf 90' lang='lat' dir='ltr'>ulterius</span> <span class='ocrx_word' id='word_1_282' title='bbox 1511 3088 1687 3159; x_wconf 88' lang='lat' dir='ltr'>retardari,</span> <span class='ocrx_word' id='word_1_283' title='bbox 1708 3086 1744 3146; x_wconf 90' lang='lat' dir='ltr'>ad</span> <span class='ocrx_word' id='word_1_284' title='bbox 1761 3098 1841 3162; x_wconf 84' lang='lat' dir='ltr'>quam</span> 
     </span>
     <span class='ocr_line' id='line_1_32' title="bbox 221 3164 1841 3262; baseline 0.01 -37"><span class='ocrx_word' id='word_1_285' title='bbox 221 3164 285 3226; x_wconf 87' lang='lat' dir='ltr'>hoc</span> <span class='ocrx_word' id='word_1_286' title='bbox 308 3167 395 3229; x_wconf 91' lang='lat' dir='ltr'>idem</span> <span class='ocrx_word' id='word_1_287' title='bbox 421 3172 647 3246; x_wconf 70' lang='lat' dir='ltr'>predecessor</span> <span class='ocrx_word' id='word_1_288' title='bbox 665 3180 877 3241; x_wconf 89' lang='lat' dir='ltr'>commiserat</span> <span class='ocrx_word' id='word_1_289' title='bbox 901 3182 1017 3244; x_wconf 86' lang='lat' dir='ltr'>decla·</span> <span class='ocrx_word' id='word_1_290' title='bbox 1072 3182 1149 3244; x_wconf 90' lang='lat' dir='ltr'>totis</span> <span class='ocrx_word' id='word_1_291' title='bbox 1164 3181 1338 3244; x_wconf 86' lang='lat' dir='ltr'>affectibus</span> <span class='ocrx_word' id='word_1_292' title='bbox 1353 3184 1546 3257; x_wconf 84' lang='lat' dir='ltr'>medulliter</span> <span class='ocrx_word' id='word_1_293' title='bbox 1567 3185 1721 3262; x_wconf 88' lang='lat' dir='ltr'>aspirant,</span> <span class='ocrx_word' id='word_1_294' title='bbox 1742 3182 1841 3244; x_wconf 85' lang='lat' dir='ltr'>irater-</span> 
     </span>
     <span class='ocr_line' id='line_1_33' title="bbox 221 3265 1839 3355; baseline 0.009 -34"><span class='ocrx_word' id='word_1_295' title='bbox 221 3276 308 3334; x_wconf 87' lang='lat' dir='ltr'>rare,</span> <span class='ocrx_word' id='word_1_296' title='bbox 332 3278 371 3324; x_wconf 89' lang='lat' dir='ltr'>ac</span> <span class='ocrx_word' id='word_1_297' title='bbox 388 3265 470 3341; x_wconf 89' lang='lat' dir='ltr'>ipsis</span> <span class='ocrx_word' id='word_1_298' title='bbox 490 3286 595 3346; x_wconf 91' lang='lat' dir='ltr'>usque</span> <span class='ocrx_word' id='word_1_299' title='bbox 614 3271 655 3332; x_wconf 93' lang='lat' dir='ltr'>ad</span> <span class='ocrx_word' id='word_1_300' title='bbox 676 3272 743 3334; x_wconf 87' lang='lat' dir='ltr'>kal.</span> <span class='ocrx_word' id='word_1_301' title='bbox 764 3275 845 3337; x_wconf 88' lang='lat' dir='ltr'>Maii</span> <span class='ocrx_word' id='word_1_302' title='bbox 867 3279 1018 3355; x_wconf 91' lang='lat' dir='ltr'>proxime</span> <span class='ocrx_word' id='word_1_303' title='bbox 1072 3280 1166 3342; x_wconf 90' lang='lat' dir='ltr'>nitati</span> <span class='ocrx_word' id='word_1_304' title='bbox 1180 3282 1301 3343; x_wconf 84' lang='lat' dir='ltr'>vestras</span> <span class='ocrx_word' id='word_1_305' title='bbox 1319 3282 1355 3343; x_wconf 93' lang='lat' dir='ltr'>in</span> <span class='ocrx_word' id='word_1_306' title='bbox 1369 3282 1491 3345; x_wconf 89' lang='lat' dir='ltr'>virtute</span> <span class='ocrx_word' id='word_1_307' title='bbox 1506 3282 1703 3347; x_wconf 82' lang='lat' dir='ltr'>obedientiae</span> <span class='ocrx_word' id='word_1_308' title='bbox 1718 3278 1839 3342; x_wconf 86' lang='lat' dir='ltr'>districte</span> 
     </span>
     <span class='ocr_line' id='line_1_34' title="bbox 220 3361 1838 3459; baseline 0.014 -42"><span class='ocrx_word' id='word_1_309' title='bbox 220 3362 395 3434; x_wconf 87' lang='lat' dir='ltr'>sequentes</span> <span class='ocrx_word' id='word_1_310' title='bbox 410 3361 483 3425; x_wconf 88' lang='lat' dir='ltr'>sine</span> <span class='ocrx_word' id='word_1_311' title='bbox 498 3365 693 3431; x_wconf 81' lang='lat' dir='ltr'>difficultate</span> <span class='ocrx_word' id='word_1_312' title='bbox 707 3388 748 3433; x_wconf 92' lang='lat' dir='ltr'>ac</span> <span class='ocrx_word' id='word_1_313' title='bbox 762 3373 922 3436; x_wconf 90' lang='lat' dir='ltr'>dilatione</span> <span class='ocrx_word' id='word_1_314' title='bbox 935 3392 1019 3454; x_wconf 85' lang='lat' dir='ltr'>qua·</span> <span class='ocrx_word' id='word_1_315' title='bbox 1072 3378 1296 3455; x_wconf 88' lang='lat' dir='ltr'>praecipiendo</span> <span class='ocrx_word' id='word_1_316' title='bbox 1314 3380 1520 3453; x_wconf 88' lang='lat' dir='ltr'>mandamus,</span> <span class='ocrx_word' id='word_1_317' title='bbox 1538 3384 1698 3459; x_wconf 90' lang='lat' dir='ltr'>quatenus</span> <span class='ocrx_word' id='word_1_318' title='bbox 1716 3373 1838 3456; x_wconf 82' lang='lat' dir='ltr'>praedicti</span> 
     </span>
     <span class='ocr_line' id='line_1_35' title="bbox 220 3454 1840 3558; baseline 0.013 -44"><span class='ocrx_word' id='word_1_319' title='bbox 220 3454 313 3529; x_wconf 91' lang='lat' dir='ltr'>libet,</span> <span class='ocrx_word' id='word_1_320' title='bbox 328 3458 395 3519; x_wconf 87' lang='lat' dir='ltr'>tam</span> <span class='ocrx_word' id='word_1_321' title='bbox 410 3459 451 3521; x_wconf 89' lang='lat' dir='ltr'>de</span> <span class='ocrx_word' id='word_1_322' title='bbox 468 3461 551 3539; x_wconf 89' lang='lat' dir='ltr'>ipsis</span> <span class='ocrx_word' id='word_1_323' title='bbox 568 3466 669 3528; x_wconf 89' lang='lat' dir='ltr'>certis</span> <span class='ocrx_word' id='word_1_324' title='bbox 688 3472 904 3545; x_wconf 89' lang='lat' dir='ltr'>proventibus</span> <span class='ocrx_word' id='word_1_325' title='bbox 919 3490 1018 3551; x_wconf 90' lang='lat' dir='ltr'>quam</span> <span class='ocrx_word' id='word_1_326' title='bbox 1071 3476 1331 3554; x_wconf 69' lang='lat' dir='ltr'>predecessoris</span> <span class='ocrx_word' id='word_1_327' title='bbox 1355 3477 1483 3540; x_wconf 89' lang='lat' dir='ltr'>litteras</span> <span class='ocrx_word' id='word_1_328' title='bbox 1505 3479 1755 3558; x_wconf 88' lang='lat' dir='ltr'>interpretantes</span> <span class='ocrx_word' id='word_1_329' title='bbox 1775 3486 1840 3534; x_wconf 87' lang='lat' dir='ltr'>sano</span> 
     </span>
     <span class='ocr_line' id='line_1_36' title="bbox 220 3552 1839 3655; baseline 0.012 -43"><span class='ocrx_word' id='word_1_330' title='bbox 220 3552 321 3614; x_wconf 90' lang='lat' dir='ltr'>etiam</span> <span class='ocrx_word' id='word_1_331' title='bbox 349 3554 390 3617; x_wconf 92' lang='lat' dir='ltr'>de</span> <span class='ocrx_word' id='word_1_332' title='bbox 415 3559 552 3623; x_wconf 88' lang='lat' dir='ltr'>incertis</span> <span class='ocrx_word' id='word_1_333' title='bbox 583 3565 778 3629; x_wconf 87' lang='lat' dir='ltr'>vicesimam</span> <span class='ocrx_word' id='word_1_334' title='bbox 810 3569 1018 3647; x_wconf 86' lang='lat' dir='ltr'>integraliter</span> <span class='ocrx_word' id='word_1_335' title='bbox 1071 3575 1105 3636; x_wconf 90' lang='lat' dir='ltr'>et</span> <span class='ocrx_word' id='word_1_336' title='bbox 1115 3574 1260 3651; x_wconf 90' lang='lat' dir='ltr'>simplici</span> <span class='ocrx_word' id='word_1_337' title='bbox 1270 3574 1451 3648; x_wconf 89' lang='lat' dir='ltr'>intellectu,</span> <span class='ocrx_word' id='word_1_338' title='bbox 1460 3578 1558 3653; x_wconf 89' lang='lat' dir='ltr'>juxta</span> <span class='ocrx_word' id='word_1_339' title='bbox 1578 3576 1839 3655; x_wconf 84' lang='lat' dir='ltr'>ipsamiitterarun</span> 
     </span>
     <span class='ocr_line' id='line_1_37' title="bbox 220 3649 1839 3746; baseline 0.012 -37"><span class='ocrx_word' id='word_1_340' title='bbox 220 3649 391 3723; x_wconf 86' lang='lat' dir='ltr'>exhibere,</span> <span class='ocrx_word' id='word_1_341' title='bbox 416 3660 591 3721; x_wconf 88' lang='lat' dir='ltr'>monentes</span> <span class='ocrx_word' id='word_1_342' title='bbox 619 3661 796 3739; x_wconf 89' lang='lat' dir='ltr'>diligenter</span> <span class='ocrx_word' id='word_1_343' title='bbox 818 3670 1017 3732; x_wconf 90' lang='lat' dir='ltr'>auctoritate</span> <span class='ocrx_word' id='word_1_344' title='bbox 1071 3673 1231 3746; x_wconf 90' lang='lat' dir='ltr'>tenorem,</span> <span class='ocrx_word' id='word_1_345' title='bbox 1247 3673 1367 3735; x_wconf 88' lang='lat' dir='ltr'>vestris</span> <span class='ocrx_word' id='word_1_346' title='bbox 1396 3674 1429 3735; x_wconf 92' lang='grc'>01</span> <span class='ocrx_word' id='word_1_347' title='bbox 1456 3673 1666 3737; x_wconf 86' lang='lat' dir='ltr'>subditorum</span> <span class='ocrx_word' id='word_1_348' title='bbox 1688 3668 1839 3736; x_wconf 83' lang='lat' dir='ltr'>redditibus</span> 
     </span>
     <span class='ocr_line' id='line_1_38' title="bbox 219 3749 1838 3847; baseline 0.013 -36"><span class='ocrx_word' id='word_1_349' title='bbox 219 3749 409 3824; x_wconf 77' lang='lat' dir='ltr'>Apostolica</span> <span class='ocrx_word' id='word_1_350' title='bbox 421 3753 454 3816; x_wconf 89' lang='lat' dir='ltr'>et</span> <span class='ocrx_word' id='word_1_351' title='bbox 468 3754 649 3821; x_wconf 81' lang='lat' dir='ltr'>efficaciter</span> <span class='ocrx_word' id='word_1_352' title='bbox 662 3761 857 3826; x_wconf 87' lang='lat' dir='ltr'>inducentes</span> <span class='ocrx_word' id='word_1_353' title='bbox 867 3765 1013 3841; x_wconf 87' lang='lat' dir='ltr'>abbates,</span> <span class='ocrx_word' id='word_1_354' title='bbox 1070 3768 1264 3845; x_wconf 88' lang='lat' dir='ltr'>diligentius</span> <span class='ocrx_word' id='word_1_355' title='bbox 1290 3771 1501 3847; x_wconf 72' lang='lat' dir='ltr'>computatis</span> <span class='ocrx_word' id='word_1_356' title='bbox 1531 3771 1567 3832; x_wconf 92' lang='lat' dir='ltr'>in</span> <span class='ocrx_word' id='word_1_357' title='bbox 1598 3772 1732 3834; x_wconf 91' lang='lat' dir='ltr'>termino</span> <span class='ocrx_word' id='word_1_358' title='bbox 1762 3777 1838 3844; x_wconf 77' lang='lat' dir='ltr'>quem</span> 
     </span>
     <span class='ocr_line' id='line_1_39' title="bbox 219 3845 1838 3946; baseline 0.011 -42"><span class='ocrx_word' id='word_1_359' title='bbox 219 3845 365 3921; x_wconf 86' lang='lat' dir='ltr'>capitula</span> <span class='ocrx_word' id='word_1_360' title='bbox 386 3850 419 3913; x_wconf 92' lang='lat' dir='ltr'>et</span> <span class='ocrx_word' id='word_1_361' title='bbox 441 3850 597 3927; x_wconf 87' lang='lat' dir='ltr'>decanos,</span> <span class='ocrx_word' id='word_1_362' title='bbox 615 3873 744 3921; x_wconf 90' lang='lat' dir='ltr'>necnon</span> <span class='ocrx_word' id='word_1_363' title='bbox 767 3862 854 3924; x_wconf 91' lang='lat' dir='ltr'>etin</span> <span class='ocrx_word' id='word_1_364' title='bbox 875 3864 1016 3941; x_wconf 88' lang='lat' dir='ltr'>singulis</span> <span class='ocrx_word' id='word_1_365' title='bbox 1069 3867 1150 3928; x_wconf 91' lang='lat' dir='ltr'>dicti</span> <span class='ocrx_word' id='word_1_366' title='bbox 1168 3868 1329 3944; x_wconf 89' lang='lat' dir='ltr'>magister</span> <span class='ocrx_word' id='word_1_367' title='bbox 1340 3862 1434 3946; x_wconf 89' lang='lat' dir='ltr'>prior</span> <span class='ocrx_word' id='word_1_368' title='bbox 1458 3871 1492 3931; x_wconf 93' lang='lat' dir='ltr'>et</span> <span class='ocrx_word' id='word_1_369' title='bbox 1511 3871 1632 3932; x_wconf 90' lang='lat' dir='ltr'>cantor</span> <span class='ocrx_word' id='word_1_370' title='bbox 1648 3871 1680 3931; x_wconf 91' lang='lat' dir='ltr'>et</span> <span class='ocrx_word' id='word_1_371' title='bbox 1698 3862 1838 3929; x_wconf 88' lang='lat' dir='ltr'>archidia-</span> 
     </span>
     <span class='ocr_line' id='line_1_40' title="bbox 218 3943 1836 4042; baseline 0.015 -39"><span class='ocrx_word' id='word_1_372' title='bbox 218 3943 339 4005; x_wconf 88' lang='lat' dir='ltr'>vestris</span> <span class='ocrx_word' id='word_1_373' title='bbox 365 3948 501 4024; x_wconf 85' lang='lat' dir='ltr'>synodis</span> <span class='ocrx_word' id='word_1_374' title='bbox 533 3955 743 4018; x_wconf 89' lang='lat' dir='ltr'>sacerdotum</span> <span class='ocrx_word' id='word_1_375' title='bbox 765 3960 799 4020; x_wconf 91' lang='lat' dir='ltr'>et</span> <span class='ocrx_word' id='word_1_376' title='bbox 823 3960 911 4022; x_wconf 89' lang='lat' dir='ltr'>alios</span> <span class='ocrx_word' id='word_1_377' title='bbox 935 3964 1014 4025; x_wconf 88' lang='lat' dir='ltr'>uni-</span> <span class='ocrx_word' id='word_1_378' title='bbox 1070 3980 1175 4025; x_wconf 88' lang='lat' dir='ltr'>conus</span> <span class='ocrx_word' id='word_1_379' title='bbox 1197 3965 1292 4027; x_wconf 89' lang='lat' dir='ltr'>nobis</span> <span class='ocrx_word' id='word_1_380' title='bbox 1312 3965 1469 4028; x_wconf 89' lang='lat' dir='ltr'>duxerint</span> <span class='ocrx_word' id='word_1_381' title='bbox 1484 3968 1703 4039; x_wconf 88' lang='lat' dir='ltr'>statuendum,</span> <span class='ocrx_word' id='word_1_382' title='bbox 1716 3965 1836 4042; x_wconf 79' lang='lat' dir='ltr'>ipsarum</span> 
     </span>
     <span class='ocr_line' id='line_1_41' title="bbox 218 4043 1836 4140; baseline 0.012 -41"><span class='ocrx_word' id='word_1_383' title='bbox 218 4054 334 4103; x_wconf 88' lang='lat' dir='ltr'>versos</span> <span class='ocrx_word' id='word_1_384' title='bbox 348 4043 384 4105; x_wconf 90' lang='lat' dir='ltr'>iu</span> <span class='ocrx_word' id='word_1_385' title='bbox 399 4048 520 4113; x_wconf 83' lang='lat' dir='ltr'>vestris</span> <span class='ocrx_word' id='word_1_386' title='bbox 542 4050 743 4115; x_wconf 88' lang='lat' dir='ltr'>dioecesibus</span> <span class='ocrx_word' id='word_1_387' title='bbox 758 4058 964 4133; x_wconf 87' lang='lat' dir='ltr'>constitutos,</span> <span class='ocrx_word' id='word_1_388' title='bbox 980 4062 1016 4122; x_wconf 93' lang='lat' dir='ltr'>ut</span> <span class='ocrx_word' id='word_1_389' title='bbox 1069 4061 1195 4123; x_wconf 90' lang='lat' dir='ltr'>nuntiis</span> <span class='ocrx_word' id='word_1_390' title='bbox 1206 4061 1359 4125; x_wconf 87' lang='lat' dir='ltr'>intribus</span> <span class='ocrx_word' id='word_1_391' title='bbox 1371 4063 1453 4125; x_wconf 92' lang='lat' dir='ltr'>locis</span> <span class='ocrx_word' id='word_1_392' title='bbox 1469 4065 1654 4127; x_wconf 87' lang='lat' dir='ltr'>statuendis</span> <span class='ocrx_word' id='word_1_393' title='bbox 1665 4063 1704 4125; x_wconf 91' lang='lat' dir='ltr'>ab</span> <span class='ocrx_word' id='word_1_394' title='bbox 1714 4064 1836 4140; x_wconf 87' lang='lat' dir='ltr'>ipsorum</span> 
     </span>
     <span class='ocr_line' id='line_1_42' title="bbox 217 4135 1837 4231; baseline 0.014 -36"><span class='ocrx_word' id='word_1_395' title='bbox 217 4135 253 4196; x_wconf 93' lang='lat' dir='ltr'>in</span> <span class='ocrx_word' id='word_1_396' title='bbox 268 4137 385 4200; x_wconf 89' lang='lat' dir='ltr'>diebus</span> <span class='ocrx_word' id='word_1_397' title='bbox 407 4158 508 4219; x_wconf 90' lang='lat' dir='ltr'>super</span> <span class='ocrx_word' id='word_1_398' title='bbox 525 4145 588 4207; x_wconf 90' lang='lat' dir='ltr'>boc</span> <span class='ocrx_word' id='word_1_399' title='bbox 612 4149 843 4214; x_wconf 90' lang='lat' dir='ltr'>ordinandisa</span> <span class='ocrx_word' id='word_1_400' title='bbox 864 4155 1014 4226; x_wconf 91' lang='lat' dir='ltr'>vobis,in</span> <span class='ocrx_word' id='word_1_401' title='bbox 1069 4159 1247 4221; x_wconf 89' lang='lat' dir='ltr'>occasione</span> <span class='ocrx_word' id='word_1_402' title='bbox 1269 4175 1309 4221; x_wconf 90' lang='lat' dir='ltr'>ac</span> <span class='ocrx_word' id='word_1_403' title='bbox 1337 4160 1498 4223; x_wconf 88' lang='lat' dir='ltr'>dilatione</span> <span class='ocrx_word' id='word_1_404' title='bbox 1522 4161 1741 4231; x_wconf 87' lang='lat' dir='ltr'>cessantibus,</span> <span class='ocrx_word' id='word_1_405' title='bbox 1764 4156 1837 4217; x_wconf 81' lang='lat' dir='ltr'>vice-</span> 
     </span>
     <span class='ocr_line' id='line_1_43' title="bbox 218 4232 1835 4332; baseline 0.018 -41"><span class='ocrx_word' id='word_1_406' title='bbox 218 4232 360 4309; x_wconf 88' lang='lat' dir='ltr'>singulis</span> <span class='ocrx_word' id='word_1_407' title='bbox 374 4237 567 4302; x_wconf 88' lang='lat' dir='ltr'>civitatibus</span> <span class='ocrx_word' id='word_1_408' title='bbox 579 4246 690 4307; x_wconf 89' lang='lat' dir='ltr'>essent</span> <span class='ocrx_word' id='word_1_409' title='bbox 704 4250 813 4323; x_wconf 91' lang='lat' dir='ltr'>parati</span> <span class='ocrx_word' id='word_1_410' title='bbox 823 4252 1015 4325; x_wconf 82' lang='lat' dir='ltr'>praedictam</span> <span class='ocrx_word' id='word_1_411' title='bbox 1069 4255 1187 4318; x_wconf 88' lang='lat' dir='ltr'>simam</span> <span class='ocrx_word' id='word_1_412' title='bbox 1202 4257 1377 4320; x_wconf 79' lang='grc'><strong>0111001110</strong></span> <span class='ocrx_word' id='word_1_413' title='bbox 1396 4261 1430 4321; x_wconf 90' lang='grc'>01</span> <span class='ocrx_word' id='word_1_414' title='bbox 1448 4258 1657 4329; x_wconf 87' lang='lat' dir='ltr'>subditorum</span> <span class='ocrx_word' id='word_1_415' title='bbox 1677 4258 1835 4332; x_wconf 73' lang='lat' dir='ltr'>vestrorutli</span> 
     </span>
     <span class='ocr_line' id='line_1_44' title="bbox 218 4333 1835 4434; baseline 0.016 -46"><span class='ocrx_word' id='word_1_416' title='bbox 218 4333 1012 4424; x_wconf 81' lang='lat' dir='ltr'>summamvicesimae,pertrienniumannuatim,</span> <span class='ocrx_word' id='word_1_417' title='bbox 1068 4353 1251 4416; x_wconf 88' lang='lat' dir='ltr'>redditibus</span> <span class='ocrx_word' id='word_1_418' title='bbox 1266 4356 1421 4419; x_wconf 89' lang='lat' dir='ltr'>omnibus</span> <span class='ocrx_word' id='word_1_419' title='bbox 1431 4373 1536 4434; x_wconf 88' lang='lat' dir='ltr'>usqua</span> <span class='ocrx_word' id='word_1_420' title='bbox 1548 4359 1590 4419; x_wconf 86' lang='lat' dir='ltr'>ad</span> <span class='ocrx_word' id='word_1_421' title='bbox 1600 4355 1768 4422; x_wconf 90' lang='lat' dir='ltr'>triennium</span> <span class='ocrx_word' id='word_1_422' title='bbox 1777 4362 1835 4427; x_wconf 65' lang='lat' dir='ltr'>prr</span> 
     </span>
     <span class='ocr_line' id='line_1_45' title="bbox 216 4427 1834 4530; baseline 0.019 -45"><span class='ocrx_word' id='word_1_423' title='bbox 216 4427 343 4488; x_wconf 89' lang='lat' dir='ltr'>nuntiis</span> <span class='ocrx_word' id='word_1_424' title='bbox 367 4432 544 4496; x_wconf 89' lang='lat' dir='ltr'>antedictis</span> <span class='ocrx_word' id='word_1_425' title='bbox 563 4436 715 4513; x_wconf 89' lang='lat' dir='ltr'>plenarie</span> <span class='ocrx_word' id='word_1_426' title='bbox 740 4442 870 4506; x_wconf 90' lang='lat' dir='ltr'>solvere</span> <span class='ocrx_word' id='word_1_427' title='bbox 894 4462 1016 4509; x_wconf 91' lang='lat' dir='ltr'>secun·</span> <span class='ocrx_word' id='word_1_428' title='bbox 1068 4451 1243 4518; x_wconf 90' lang='lat' dir='ltr'>venturam</span> <span class='ocrx_word' id='word_1_429' title='bbox 1253 4452 1288 4513; x_wconf 89' lang='lat' dir='ltr'>in</span> <span class='ocrx_word' id='word_1_430' title='bbox 1309 4454 1451 4530; x_wconf 90' lang='lat' dir='ltr'>pecunia</span> <span class='ocrx_word' id='word_1_431' title='bbox 1464 4458 1637 4524; x_wconf 87' lang='lat' dir='ltr'>numerata</span> <span class='ocrx_word' id='word_1_432' title='bbox 1654 4446 1834 4526; x_wconf 73' lang='lat' dir='ltr'>integraliter</span> 
     </span>
     <span class='ocr_line' id='line_1_46' title="bbox 215 4524 1835 4624; baseline 0.017 -41"><span class='ocrx_word' id='word_1_433' title='bbox 215 4524 293 4585; x_wconf 96' lang='lat' dir='ltr'>dum</span> <span class='ocrx_word' id='word_1_434' title='bbox 308 4526 469 4590; x_wconf 84' lang='lat' dir='ltr'>terminos</span> <span class='ocrx_word' id='word_1_435' title='bbox 482 4533 689 4609; x_wconf 88' lang='lat' dir='ltr'>constitutos,</span> <span class='ocrx_word' id='word_1_436' title='bbox 704 4537 854 4602; x_wconf 90' lang='lat' dir='ltr'>dolentes</span> <span class='ocrx_word' id='word_1_437' title='bbox 864 4557 929 4604; x_wconf 93' lang='lat' dir='ltr'>non</span> <span class='ocrx_word' id='word_1_438' title='bbox 942 4561 1015 4621; x_wconf 90' lang='lat' dir='ltr'>pos-</span> <span class='ocrx_word' id='word_1_439' title='bbox 1068 4548 1258 4624; x_wconf 89' lang='lat' dir='ltr'>assignetis,</span> <span class='ocrx_word' id='word_1_440' title='bbox 1267 4550 1300 4611; x_wconf 88' lang='lat' dir='ltr'>et</span> <span class='ocrx_word' id='word_1_441' title='bbox 1313 4549 1446 4619; x_wconf 85' lang='lat' dir='ltr'>faciatis</span> <span class='ocrx_word' id='word_1_442' title='bbox 1462 4551 1502 4620; x_wconf 80' lang='lat' dir='ltr'>ab</span> <span class='ocrx_word' id='word_1_443' title='bbox 1516 4553 1640 4619; x_wconf 85' lang='lat' dir='ltr'>eisdem</span> <span class='ocrx_word' id='word_1_444' title='bbox 1653 4545 1779 4613; x_wconf 85' lang='lat' dir='ltr'>subditis</span> <span class='ocrx_word' id='word_1_445' title='bbox 1789 4556 1835 4602; x_wconf 74' lang='lat' dir='ltr'>al·</span> 
     </span>
     <span class='ocr_line' id='line_1_47' title="bbox 215 4628 1834 4721; baseline 0.015 -40"><span class='ocrx_word' id='word_1_446' title='bbox 215 4638 330 4684; x_wconf 90' lang='lat' dir='ltr'>sumus</span> <span class='ocrx_word' id='word_1_447' title='bbox 345 4640 412 4688; x_wconf 92' lang='lat' dir='ltr'>non</span> <span class='ocrx_word' id='word_1_448' title='bbox 432 4628 563 4702; x_wconf 90' lang='lat' dir='ltr'>mirari,</span> <span class='ocrx_word' id='word_1_449' title='bbox 578 4633 666 4708; x_wconf 93' lang='lat' dir='ltr'>quod</span> <span class='ocrx_word' id='word_1_450' title='bbox 681 4633 788 4698; x_wconf 88' lang='lat' dir='ltr'>bostis</span> <span class='ocrx_word' id='word_1_451' title='bbox 802 4638 940 4701; x_wconf 84' lang='lat' dir='ltr'>humani</span> <span class='ocrx_word' id='word_1_452' title='bbox 954 4657 1015 4717; x_wconf 90' lang='lat' dir='ltr'>ge-</span> <span class='ocrx_word' id='word_1_453' title='bbox 1068 4645 1207 4721; x_wconf 88' lang='lat' dir='ltr'>signari,</span> <span class='ocrx_word' id='word_1_454' title='bbox 1228 4646 1274 4708; x_wconf 89' lang='lat' dir='ltr'>ita</span> <span class='ocrx_word' id='word_1_455' title='bbox 1298 4647 1454 4709; x_wconf 88' lang='lat' dir='ltr'>videlicet</span> <span class='ocrx_word' id='word_1_456' title='bbox 1475 4649 1511 4710; x_wconf 93' lang='lat' dir='ltr'>ut</span> <span class='ocrx_word' id='word_1_457' title='bbox 1533 4649 1639 4710; x_wconf 90' lang='lat' dir='ltr'>omnis</span> <span class='ocrx_word' id='word_1_458' title='bbox 1656 4634 1834 4718; x_wconf 82' lang='lat' dir='ltr'>malignandi</span> 
     </span>
     <span class='ocr_line' id='line_1_48' title="bbox 215 4721 1832 4824; baseline 0.011 -44"><span class='ocrx_word' id='word_1_459' title='bbox 215 4721 317 4794; x_wconf 90' lang='lat' dir='ltr'>neris,</span> <span class='ocrx_word' id='word_1_460' title='bbox 335 4725 392 4799; x_wconf 90' lang='lat' dir='ltr'>qui</span> <span class='ocrx_word' id='word_1_461' title='bbox 410 4723 508 4787; x_wconf 90' lang='lat' dir='ltr'>bonis</span> <span class='ocrx_word' id='word_1_462' title='bbox 527 4727 681 4792; x_wconf 89' lang='lat' dir='ltr'>insidiari</span> <span class='ocrx_word' id='word_1_463' title='bbox 701 4735 856 4810; x_wconf 90' lang='lat' dir='ltr'>operibus</span> <span class='ocrx_word' id='word_1_464' title='bbox 873 4754 940 4801; x_wconf 91' lang='lat' dir='ltr'>non</span> <span class='ocrx_word' id='word_1_465' title='bbox 955 4739 1015 4801; x_wconf 90' lang='lat' dir='ltr'>de-</span> <span class='ocrx_word' id='word_1_466' title='bbox 1068 4742 1201 4805; x_wconf 84' lang='grc'><strong>0000010</strong></span> <span class='ocrx_word' id='word_1_467' title='bbox 1215 4746 1420 4821; x_wconf 64' lang='lat' dir='ltr'>amputatum</span> <span class='ocrx_word' id='word_1_468' title='bbox 1437 4745 1523 4824; x_wconf 93' lang='lat' dir='ltr'>quod</span> <span class='ocrx_word' id='word_1_469' title='bbox 1536 4762 1596 4809; x_wconf 88' lang='lat' dir='ltr'>vos</span> <span class='ocrx_word' id='word_1_470' title='bbox 1610 4746 1643 4813; x_wconf 87' lang='lat' dir='ltr'>et</span> <span class='ocrx_word' id='word_1_471' title='bbox 1658 4742 1718 4821; x_wconf 92' lang='lat' dir='ltr'>ipsi</span> <span class='ocrx_word' id='word_1_472' title='bbox 1730 4730 1832 4800; x_wconf 83' lang='lat' dir='ltr'>subditi</span> 
     </span>
     <span class='ocr_line' id='line_1_49' title="bbox 214 4816 1833 4920; baseline 0.007 -42"><span class='ocrx_word' id='word_1_473' title='bbox 214 4816 312 4893; x_wconf 88' lang='lat' dir='ltr'>sistit,</span> <span class='ocrx_word' id='word_1_474' title='bbox 328 4824 528 4897; x_wconf 88' lang='lat' dir='ltr'>promotioni</span> <span class='ocrx_word' id='word_1_475' title='bbox 543 4825 643 4905; x_wconf 83' lang='lat' dir='ltr'>hujus</span> <span class='ocrx_word' id='word_1_476' title='bbox 653 4831 810 4895; x_wconf 86' lang='lat' dir='ltr'>salutaris</span> <span class='ocrx_word' id='word_1_477' title='bbox 825 4837 950 4912; x_wconf 88' lang='lat' dir='ltr'>negotii</span> <span class='ocrx_word' id='word_1_478' title='bbox 964 4838 1013 4899; x_wconf 90' lang='lat' dir='ltr'>sic</span> <span class='ocrx_word' id='word_1_479' title='bbox 1066 4840 1260 4902; x_wconf 90' lang='lat' dir='ltr'>vicesimam</span> <span class='ocrx_word' id='word_1_480' title='bbox 1274 4842 1383 4918; x_wconf 85' lang='lat' dir='ltr'>ipsam</span> <span class='ocrx_word' id='word_1_481' title='bbox 1396 4842 1520 4920; x_wconf 87' lang='lat' dir='ltr'>colligi,</span> <span class='ocrx_word' id='word_1_482' title='bbox 1535 4843 1569 4906; x_wconf 92' lang='lat' dir='ltr'>et</span> <span class='ocrx_word' id='word_1_483' title='bbox 1579 4843 1615 4904; x_wconf 91' lang='lat' dir='ltr'>in</span> <span class='ocrx_word' id='word_1_484' title='bbox 1626 4836 1770 4917; x_wconf 84' lang='lat' dir='ltr'>expensis</span> <span class='ocrx_word' id='word_1_485' title='bbox 1780 4831 1833 4891; x_wconf 90' lang='lat' dir='ltr'>sin·</span> 
     </span>
     <span class='ocr_line' id='line_1_50' title="bbox 214 4919 1831 5012; baseline 0.013 -38"><span class='ocrx_word' id='word_1_486' title='bbox 214 4931 285 4977; x_wconf 90' lang='lat' dir='ltr'>suae</span> <span class='ocrx_word' id='word_1_487' title='bbox 298 4919 518 4995; x_wconf 88' lang='lat' dir='ltr'>malignitatis</span> <span class='ocrx_word' id='word_1_488' title='bbox 531 4924 737 4989; x_wconf 88' lang='lat' dir='ltr'>obstaculum</span> <span class='ocrx_word' id='word_1_489' title='bbox 754 4932 862 5007; x_wconf 89' lang='lat' dir='ltr'>potuit</span> <span class='ocrx_word' id='word_1_490' title='bbox 882 4950 1014 5012; x_wconf 88' lang='lat' dir='ltr'>praepa-</span> <span class='ocrx_word' id='word_1_491' title='bbox 1067 4937 1220 5012; x_wconf 85' lang='lat' dir='ltr'>gularum</span> <span class='ocrx_word' id='word_1_492' title='bbox 1242 4938 1460 5000; x_wconf 88' lang='lat' dir='ltr'>ecclesiarum</span> <span class='ocrx_word' id='word_1_493' title='bbox 1480 4940 1610 5002; x_wconf 80' lang='lat' dir='ltr'>faciatis</span> <span class='ocrx_word' id='word_1_494' title='bbox 1622 4938 1662 4999; x_wconf 92' lang='lat' dir='ltr'>ad</span> <span class='ocrx_word' id='word_1_495' title='bbox 1676 4936 1743 4998; x_wconf 89' lang='lat' dir='ltr'>loca</span> <span class='ocrx_word' id='word_1_496' title='bbox 1756 4941 1831 5007; x_wconf 71' lang='lat' dir='ltr'>prae·</span> 
     </span>
     <span class='ocr_line' id='line_1_51' title="bbox 212 5017 1832 5110; baseline 0.018 -39"><span class='ocrx_word' id='word_1_497' title='bbox 212 5027 301 5081; x_wconf 91' lang='lat' dir='ltr'>rare,</span> <span class='ocrx_word' id='word_1_498' title='bbox 318 5017 404 5090; x_wconf 88' lang='lat' dir='ltr'>quod</span> <span class='ocrx_word' id='word_1_499' title='bbox 422 5023 639 5094; x_wconf 90' lang='lat' dir='ltr'>quorumdam</span> <span class='ocrx_word' id='word_1_500' title='bbox 659 5029 806 5089; x_wconf 88' lang='lat' dir='ltr'>vestrum</span> <span class='ocrx_word' id='word_1_501' title='bbox 820 5033 897 5092; x_wconf 87' lang='lat' dir='ltr'>vota</span> <span class='ocrx_word' id='word_1_502' title='bbox 912 5048 1012 5109; x_wconf 90' lang='lat' dir='ltr'>super</span> <span class='ocrx_word' id='word_1_503' title='bbox 1067 5033 1154 5096; x_wconf 91' lang='lat' dir='ltr'>dicta</span> <span class='ocrx_word' id='word_1_504' title='bbox 1169 5034 1302 5096; x_wconf 82' lang='lat' dir='ltr'>deterri.</span> <span class='ocrx_word' id='word_1_505' title='bbox 1328 5036 1379 5096; x_wconf 94' lang='lat' dir='ltr'>Ne</span> <span class='ocrx_word' id='word_1_506' title='bbox 1402 5038 1513 5098; x_wconf 90' lang='lat' dir='ltr'>autem</span> <span class='ocrx_word' id='word_1_507' title='bbox 1536 5038 1599 5098; x_wconf 92' lang='lat' dir='ltr'>hoc</span> <span class='ocrx_word' id='word_1_508' title='bbox 1617 5046 1731 5110; x_wconf 88' lang='lat' dir='ltr'>urgens</span> <span class='ocrx_word' id='word_1_509' title='bbox 1747 5037 1832 5099; x_wconf 85' lang='lat' dir='ltr'>neii0·</span> 
     </span>
     <span class='ocr_line' id='line_1_52' title="bbox 214 5112 1831 5223; baseline 0.008 -52"><span class='ocrx_word' id='word_1_510' title='bbox 214 5112 412 5174; x_wconf 88' lang='lat' dir='ltr'>executione</span> <span class='ocrx_word' id='word_1_511' title='bbox 427 5116 535 5191; x_wconf 88' lang='lat' dir='ltr'>ipsius</span> <span class='ocrx_word' id='word_1_512' title='bbox 555 5122 680 5196; x_wconf 90' lang='lat' dir='ltr'>negotii</span> <span class='ocrx_word' id='word_1_513' title='bbox 697 5124 804 5188; x_wconf 90' lang='lat' dir='ltr'>divisa</span> <span class='ocrx_word' id='word_1_514' title='bbox 821 5129 899 5190; x_wconf 88' lang='lat' dir='ltr'>sunt</span> <span class='ocrx_word' id='word_1_515' title='bbox 914 5132 1012 5207; x_wconf 92' lang='lat' dir='ltr'>prout</span> <span class='ocrx_word' id='word_1_516' title='bbox 1065 5130 1148 5193; x_wconf 91' lang='lat' dir='ltr'>tium</span> <span class='ocrx_word' id='word_1_517' title='bbox 1169 5131 1210 5193; x_wconf 90' lang='lat' dir='ltr'>de</span> <span class='ocrx_word' id='word_1_518' title='bbox 1234 5133 1344 5194; x_wconf 90' lang='lat' dir='ltr'>cetero</span> <span class='ocrx_word' id='word_1_519' title='bbox 1363 5134 1477 5195; x_wconf 90' lang='lat' dir='ltr'>valeat</span> <span class='ocrx_word' id='word_1_520' title='bbox 1497 5128 1731 5211; x_wconf 89' lang='lat' dir='ltr'>quomodolibet</span> <span class='ocrx_word' id='word_1_521' title='bbox 1743 5124 1831 5223; x_wconf 59' lang='lat' dir='ltr'>impe</span> 
     </span>
     <span class='ocr_line' id='line_1_53' title="bbox 212 5209 1830 5319; baseline 0.011 -51"><span class='ocrx_word' id='word_1_522' title='bbox 212 5209 406 5286; x_wconf 87' lang='lat' dir='ltr'>accepimus</span> <span class='ocrx_word' id='word_1_523' title='bbox 426 5211 461 5272; x_wconf 95' lang='lat' dir='ltr'>in</span> <span class='ocrx_word' id='word_1_524' title='bbox 472 5213 615 5288; x_wconf 90' lang='lat' dir='ltr'>diversa,</span> <span class='ocrx_word' id='word_1_525' title='bbox 632 5219 752 5296; x_wconf 89' lang='lat' dir='ltr'>quibus</span> <span class='ocrx_word' id='word_1_526' title='bbox 771 5240 873 5301; x_wconf 90' lang='lat' dir='ltr'>super</span> <span class='ocrx_word' id='word_1_527' title='bbox 891 5226 964 5300; x_wconf 89' lang='lat' dir='ltr'>boc,</span> <span class='ocrx_word' id='word_1_528' title='bbox 981 5229 1011 5289; x_wconf 86' lang='lat' dir='ltr'>si</span> <span class='ocrx_word' id='word_1_529' title='bbox 1065 5228 1140 5297; x_wconf 88' lang='lat' dir='ltr'>diri,</span> <span class='ocrx_word' id='word_1_530' title='bbox 1149 5230 1307 5292; x_wconf 87' lang='lat' dir='ltr'>noveritis</span> <span class='ocrx_word' id='word_1_531' title='bbox 1318 5245 1378 5291; x_wconf 91' lang='lat' dir='ltr'>nos</span> <span class='ocrx_word' id='word_1_532' title='bbox 1393 5230 1560 5306; x_wconf 68' lang='lat' dir='ltr'>praedictis</span> <span class='ocrx_word' id='word_1_533' title='bbox 1572 5225 1732 5303; x_wconf 88' lang='lat' dir='ltr'>magistro,</span> <span class='ocrx_word' id='word_1_534' title='bbox 1744 5218 1830 5319; x_wconf 57' lang='lat' dir='ltr'>prior}</span> 
     </span>
     <span class='ocr_line' id='line_1_54' title="bbox 212 5306 1829 5405; baseline 0.009 -39"><span class='ocrx_word' id='word_1_535' title='bbox 212 5306 325 5369; x_wconf 89' lang='lat' dir='ltr'>datum</span> <span class='ocrx_word' id='word_1_536' title='bbox 349 5312 439 5371; x_wconf 88' lang='lat' dir='ltr'>esset</span> <span class='ocrx_word' id='word_1_537' title='bbox 462 5313 572 5385; x_wconf 81' lang='lat' dir='ltr'>abac,</span> <span class='ocrx_word' id='word_1_538' title='bbox 586 5329 644 5375; x_wconf 91' lang='lat' dir='ltr'>cor</span> <span class='ocrx_word' id='word_1_539' title='bbox 659 5333 761 5379; x_wconf 90' lang='lat' dir='ltr'>unum</span> <span class='ocrx_word' id='word_1_540' title='bbox 777 5322 810 5381; x_wconf 90' lang='lat' dir='ltr'>et</span> <span class='ocrx_word' id='word_1_541' title='bbox 821 5323 933 5384; x_wconf 90' lang='lat' dir='ltr'>anima</span> <span class='ocrx_word' id='word_1_542' title='bbox 948 5325 1009 5386; x_wconf 87' lang='lat' dir='ltr'>de·</span> <span class='ocrx_word' id='word_1_543' title='bbox 1064 5326 1098 5386; x_wconf 90' lang='lat' dir='ltr'>et</span> <span class='ocrx_word' id='word_1_544' title='bbox 1112 5326 1241 5387; x_wconf 89' lang='lat' dir='ltr'>cantori</span> <span class='ocrx_word' id='word_1_545' title='bbox 1254 5327 1288 5389; x_wconf 92' lang='grc'>01</span> <span class='ocrx_word' id='word_1_546' title='bbox 1304 5326 1540 5388; x_wconf 90' lang='lat' dir='ltr'>archidiacono</span> <span class='ocrx_word' id='word_1_547' title='bbox 1554 5322 1752 5405; x_wconf 86' lang='lat' dir='ltr'>praecepisse,</span> <span class='ocrx_word' id='word_1_548' title='bbox 1768 5312 1829 5374; x_wconf 67' lang='lat' dir='ltr'>otti</span> 
     </span>
     <span class='ocr_line' id='line_1_55' title="bbox 211 5403 1828 5503; baseline 0.018 -40"><span class='ocrx_word' id='word_1_549' title='bbox 211 5403 306 5465; x_wconf 88' lang='lat' dir='ltr'>beret</span> <span class='ocrx_word' id='word_1_550' title='bbox 326 5420 400 5467; x_wconf 88' lang='lat' dir='ltr'>esse</span> <span class='ocrx_word' id='word_1_551' title='bbox 420 5424 498 5468; x_wconf 90' lang='lat' dir='ltr'>una.</span> <span class='ocrx_word' id='word_1_552' title='bbox 523 5411 608 5471; x_wconf 92' lang='lat' dir='ltr'>Nam</span> <span class='ocrx_word' id='word_1_553' title='bbox 630 5413 716 5476; x_wconf 87' lang='lat' dir='ltr'>sicut</span> <span class='ocrx_word' id='word_1_554' title='bbox 730 5416 837 5480; x_wconf 89' lang='lat' dir='ltr'>dictus</span> <span class='ocrx_word' id='word_1_555' title='bbox 853 5411 1011 5498; x_wconf 88' lang='lat' dir='ltr'>magister</span> <span class='ocrx_word' id='word_1_556' title='bbox 1064 5420 1165 5501; x_wconf 90' lang='lat' dir='ltr'>(quod</span> <span class='ocrx_word' id='word_1_557' title='bbox 1180 5439 1247 5484; x_wconf 91' lang='lat' dir='ltr'>non</span> <span class='ocrx_word' id='word_1_558' title='bbox 1271 5423 1451 5503; x_wconf 88' lang='lat' dir='ltr'>credimus)</span> <span class='ocrx_word' id='word_1_559' title='bbox 1482 5422 1667 5502; x_wconf 82' lang='lat' dir='ltr'>supradicta</span> <span class='ocrx_word' id='word_1_560' title='bbox 1689 5413 1828 5490; x_wconf 80' lang='lat' dir='ltr'>neglexe-</span> 
     </span>
     <span class='ocr_line' id='line_1_56' title="bbox 213 5500 1827 5599; baseline 0.004 -39"><span class='ocrx_word' id='word_1_561' title='bbox 213 5500 306 5577; x_wconf 90' lang='lat' dir='ltr'>prior</span> <span class='ocrx_word' id='word_1_562' title='bbox 320 5505 353 5564; x_wconf 89' lang='lat' dir='ltr'>et</span> <span class='ocrx_word' id='word_1_563' title='bbox 368 5506 485 5566; x_wconf 87' lang='lat' dir='ltr'>cantor</span> <span class='ocrx_word' id='word_1_564' title='bbox 497 5508 530 5569; x_wconf 93' lang='lat' dir='ltr'>et</span> <span class='ocrx_word' id='word_1_565' title='bbox 544 5509 800 5576; x_wconf 91' lang='lat' dir='ltr'>archidiaconus</span> <span class='ocrx_word' id='word_1_566' title='bbox 823 5516 919 5579; x_wconf 90' lang='lat' dir='ltr'>nobis</span> <span class='ocrx_word' id='word_1_567' title='bbox 939 5520 1009 5582; x_wconf 87' lang='lat' dir='ltr'>suis</span> <span class='ocrx_word' id='word_1_568' title='bbox 1063 5519 1137 5583; x_wconf 88' lang='lat' dir='ltr'>ritis</span> <span class='ocrx_word' id='word_1_569' title='bbox 1153 5520 1345 5598; x_wconf 90' lang='lat' dir='ltr'>adimplere,</span> <span class='ocrx_word' id='word_1_570' title='bbox 1362 5522 1428 5599; x_wconf 90' lang='lat' dir='ltr'>ipsi</span> <span class='ocrx_word' id='word_1_571' title='bbox 1442 5537 1502 5583; x_wconf 89' lang='lat' dir='ltr'>vos</span> <span class='ocrx_word' id='word_1_572' title='bbox 1513 5523 1547 5585; x_wconf 90' lang='lat' dir='ltr'>et</span> <span class='ocrx_word' id='word_1_573' title='bbox 1567 5518 1705 5583; x_wconf 89' lang='lat' dir='ltr'>subditos</span> <span class='ocrx_word' id='word_1_574' title='bbox 1719 5508 1827 5573; x_wconf 80' lang='lat' dir='ltr'>vestros</span> 
     </span>
     <span class='ocr_line' id='line_1_57' title="bbox 213 5595 1828 5697; baseline 0.007 -38"><span class='ocrx_word' id='word_1_575' title='bbox 213 5595 334 5659; x_wconf 88' lang='lat' dir='ltr'>litteris</span> <span class='ocrx_word' id='word_1_576' title='bbox 346 5599 552 5677; x_wconf 89' lang='lat' dir='ltr'>intimarunt,</span> <span class='ocrx_word' id='word_1_577' title='bbox 565 5605 644 5669; x_wconf 91' lang='lat' dir='ltr'>licet</span> <span class='ocrx_word' id='word_1_578' title='bbox 653 5607 808 5674; x_wconf 87' lang='lat' dir='ltr'>diceretis</span> <span class='ocrx_word' id='word_1_579' title='bbox 823 5629 937 5678; x_wconf 91' lang='lat' dir='ltr'>omnes</span> <span class='ocrx_word' id='word_1_580' title='bbox 949 5635 1008 5681; x_wconf 89' lang='lat' dir='ltr'>vos</span> <span class='ocrx_word' id='word_1_581' title='bbox 1063 5618 1105 5679; x_wconf 90' lang='lat' dir='ltr'>ad</span> <span class='ocrx_word' id='word_1_582' title='bbox 1128 5633 1168 5680; x_wconf 89' lang='lat' dir='ltr'>ea</span> <span class='ocrx_word' id='word_1_583' title='bbox 1190 5618 1319 5681; x_wconf 89' lang='lat' dir='ltr'>sublato</span> <span class='ocrx_word' id='word_1_584' title='bbox 1339 5619 1517 5697; x_wconf 79' lang='lat' dir='ltr'>ctq‘uslibet</span> <span class='ocrx_word' id='word_1_585' title='bbox 1534 5604 1786 5682; x_wconf 78' lang='lat' dir='ltr'>contradictionis</span> <span class='ocrx_word' id='word_1_586' title='bbox 1800 5598 1828 5665; x_wconf 72' lang='lat' dir='ltr'>tt</span> 
     </span>
    </p>
   </div>
   <div class='ocr_carea' id='block_1_6' title="bbox 0 0 1954 6202">
    <p class='ocr_par' dir='ltr' id='par_1_10' title="bbox 0 0 1954 6202">
     <span class='ocr_line' id='line_1_58' title="bbox 0 0 1954 6202; baseline 0 0"><span class='ocrx_word' id='word_1_587' title='bbox 0 0 1954 6202; x_wconf 95' lang='lat' dir='ltr'> </span> 
     </span>
    </p>
   </div>
  </div>
 </body>
</html>
