3928 6200
93 362 144 423 idi
641 356 819 423 HONORII
846 360 972 422 PAPAE
994 361 1040 422 111
1062 357 1170 422 VITA.
1672 361 1734 421 422

124 518 256 584 Accedit
267 518 330 594 bis,
348 518 525 598 quodcum
540 518 580 581 de
597 520 722 597 nuptiis
739 536 778 583 ac
792 520 879 596 legi·
934 535 1015 583 vero
1039 520 1216 598 antequam
1236 516 1398 580 natalium
1427 533 1529 580 causa
1551 518 1732 581 terminata

90 620 161 683 limo
184 618 402 680 matrimonio
426 617 565 697 quaestio
586 619 772 681 verteretur
793 618 881 679 inter
934 618 1034 683 esset.
1045 617 1283 695 dependentem
1293 632 1337 678 ex
1349 616 1408 677 illa
1420 616 1642 679 successionis
1656 634 1735 680 cau·

90 716 247 793 tyresiam
258 715 402 779 loannis
422 716 575 777 Bidauree
591 716 706 787 liliam,
722 730 762 777 ac
775 717 878 777 laco·
934 731 1005 775 sam
1020 714 1180 791 incipere,
1197 714 1281 775 nihil
1297 713 1387 775 aliud
1401 715 1498 786 essct,
1512 729 1611 791 quam
1625 715 1734 776 diver·

88 813 155 874 bum
173 817 369 889 aragonum
388 828 512 887 regem,
528 812 666 888 Tyresia
682 815 820 874 Romam
836 811 878 872 ad
934 813 981 873 sis
994 810 1204 889 processibus
1218 811 1377 873 intricare
1400 811 1581 887 negotium,
1598 817 1632 874 et
1646 829 1731 874 con-

90 910 262 972 ilonorium
289 926 327 972 se
356 910 507 978 contulit,
540 909 597 971 sed
628 909 879 986 probationibus
934 908 1065 971 iusione
1076 909 1217 987 quadam
1228 909 1347 986 Judicii
1358 908 1509 971 ordinem
1521 909 1731 987 perturbare:

88 1006 233 1083 legitimis
254 1007 416 1069 destituta
433 1007 469 1067 in
489 1021 592 1067 causa
611 1006 808 1082 succubuit;
827 1008 880 1068 at·
935 1007 971 1068 Si
987 1006 1072 1069 sorte
1086 1007 1127 1069 ab
1143 1006 1215 1083 ipsa
1226 1006 1344 1082 regina
1364 1006 1467 1068 tueris
1482 1020 1583 1084 super
1595 1007 1658 1069 hoc
1672 1023 1732 1070 re-

88 1105 222 1183 quaideo
234 1104 386 1166 lacobus
397 1120 473 1166 cum
488 1104 529 1166 ad
541 1104 627 1165 alias
640 1104 774 1180 nuptias
787 1111 880 1167 tran·
934 1103 1086 1181 quisitus‚
1112 1102 1217 1165 donec
1238 1106 1309 1181 jam
1331 1103 1419 1164 dicta
1442 1119 1544 1165 causa
1570 1104 1732 1167 natalium

88 1203 197 1275 slbset,
217 1202 322 1264 ducta
342 1204 494 1264 Ieonora
513 1202 665 1264 castellae
686 1202 774 1278 regis
796 1202 876 1274 tilia,
934 1202 1123 1278 apostolico
1144 1200 1273 1280 judicio
1297 1201 1396 1262 ilnem
1418 1202 1585 1279 acceperit
1607 1204 1733 1280 patien-

87 1300 141 1361 sibi
165 1300 435 1376 consanguinea,
463 1315 506 1360 ex
537 1314 601 1376 qua
629 1298 879 1376 Adelphonsum
932 1301 985 1361 ter
998 1298 1186 1375 expectes»
1208 1297 1221 1378 (
1243 1297 1268 1378 ).
1373 1380 1374 1385 ἵ

87 1398 315 1476 progenuerat,
329 1396 741 1475 improbataequoqueillae
755 1396 878 1474 nuptiae
976 1396 1162 1457 Ludovicus
1194 1397 1282 1458 idem
1311 1394 1403 1468 rex,
1437 1413 1512 1459 cum
1537 1398 1733 1475 Albigenses

88 1496 276 1571 adrogorio
290 1496 337 1556 tx
351 1495 465 1568 iuere;
480 1511 555 1556 cum
565 1497 636 1571 jam
655 1494 802 1556 Honorio
816 1493 879 1556 de·
934 1493 1043 1555 denuo
1055 1494 1273 1571 emergerent,
1285 1495 1485 1570 Apostolicae
1510 1496 1605 1557 Sedis
1622 1497 1732 1572 legato

88 1592 197 1665 iuncto,
219 1592 284 1654 ille
304 1592 348 1653 de
365 1608 406 1654 ea
423 1608 460 1653 re
478 1592 597 1653 luisset
612 1592 802 1653 admonitus
817 1589 877 1671 (1).
935 1590 1100 1664 hortante,
1113 1591 1154 1652 de
1166 1607 1265 1654 cruce
1279 1592 1314 1652 in
1329 1607 1386 1653 eos
1398 1592 1560 1655 sumenda
1572 1593 1734 1656 delibera-

87 1692 220 1751 Joannes
242 1691 348 1762 enim,
370 1689 544 1766 episcopus
564 1689 757 1762 cardinalis,
778 1689 818 1751 de
839 1704 879 1752 ea
934 1688 993 1761 vit,
1007 1705 1048 1750 ac
1063 1704 1188 1750 cumeo
1203 1690 1340 1751 comites
1355 1693 1388 1751 et
1400 1706 1557 1766 proceres
1571 1691 1629 1753 sed
1640 1694 1735 1754 etar-

88 1802 119 1847 re
135 1786 324 1863 Jusdicans,
346 1785 600 1864 diremptionem
621 1786 824 1864 nuptiarum,
841 1800 880 1847 ac
935 1786 1139 1863 chlepiscopi
1152 1787 1185 1849 et
1196 1786 1345 1864 episcopi
1357 1787 1469 1863 plures
1482 1787 1570 1864 apud
1583 1789 1732 1850 Parisios

88 1884 164 1945 tbori
178 1885 434 1962 separationem
455 1883 612 1957 decrevit,
632 1883 880 1960 apostolicaque
935 1884 1182 1956 convenientes,
1207 1901 1227 1946 a
1249 1884 1359 1961 legato
1382 1884 1447 1946 sibi
1469 1884 1578 1949 crucis
1602 1887 1734 1962 signum

88 1982 289 2053 auctoritate,
316 1981 565 2059 idelphonsum
588 1981 630 2044 ad
654 1981 802 2057 legitima
819 1997 881 2042 na·
936 1979 1061 2057 imponi
1077 1996 1181 2057 prono
1195 1984 1305 2043 animo
1321 1982 1578 2054 consentientes,
1591 1984 1735 2044 averrio-

87 2079 166 2151 ulia,
181 2080 314 2157 praevia
329 2079 577 2157 dispensatione
591 2077 748 2151 restituit,
767 2077 882 2155 legiti-
935 2092 1010 2138 nem
1023 2076 1288 2153 proficiscuntur.
1303 2078 1383 2138 Erat
1397 2077 1549 2155 equidem
1565 2080 1732 2156 inexpug-

88 2194 233 2256 mumque
276 2177 435 2256 deinceps
468 2194 544 2239 eum
577 2193 652 2239 esse
677 2176 882 2254 pronuncia·
936 2173 1059 2234 nabilis
1074 2173 1164 2246 urbs,
1177 2175 1248 2249 jam
1270 2174 1443 2251 septennio
1462 2178 1735 2238 excommunica-

87 2274 195 2354 ritt2).
934 2270 1732 2349 tionisuhjectaobnaereticaepravitatiscrimen.

119 2374 285 2450 Egicanus
298 2374 460 2451 praeterea
469 2373 645 2451 episcopus
658 2388 733 2436 cum
749 2371 789 2436 de
802 2371 882 2434 dioe·
935 2370 978 2431 At
991 2370 1065 2445 post
1079 2369 1201 2431 multas
1213 2369 1332 2442 caedes,
1349 2385 1425 2432 cum
1438 2386 1475 2432 se
1489 2371 1623 2432 tandem
1639 2372 1730 2434 cives

88 2471 162 2532 cesis
179 2471 346 2533 limitibus
366 2487 441 2533 cum
462 2470 682 2533 Goimbriensi
697 2471 880 2533 contende·
936 2465 1114 2540 dedissent,
1132 2469 1341 2530 sacramento
1356 2483 1392 2529 se
1413 2468 1657 2546 obstringentes
1673 2486 1735 2547 pa-

89 2570 139 2640 ret,
149 2554 508 2646 nullius‘metropolitae
518 2569 682 2646 judicium
692 2567 881 2630 adeundum
935 2558 1060 2627 rituroi
1076 2568 1235 2628 Romanae
1251 2565 1408 2628 Ecclesiae
1430 2568 1615 2644 proeceptis,
1634 2568 1735 2629 abso-

88 2667 217 2741 putavit,
234 2682 336 2744 quam
358 2669 516 2729 Romanae
536 2666 644 2728 Sedis.
661 2664 880 2737 Quamobrem
936 2661 1073 2724 lutionis
1086 2662 1285 2724 beneficium
1298 2679 1486 2740 suscepere.
1500 2667 1624 2725 Verum
1639 2665 1735 2726 diru-

90 2763 249 2826 Honorius
265 2765 303 2825 ut
322 2763 413 2825 omni
434 2764 623 2841 suspicione
638 2764 807 2825 carentem
823 2766 882 2840 ju·
935 2759 979 2820 tis
1014 2759 1271 2837 circumquaque
1307 2760 1491 2834 moenibus,
1529 2762 1732 2840 repletisque

88 2858 187 2923 dicem
198 2860 248 2922 rei
264 2861 454 2939 quaerendae
469 2862 502 2923 el
515 2860 712 2923 definienda
726 2860 882 2936 designa·
936 2858 1037 2920 humo
1051 2860 1187 2934 aggesto
1211 2858 1321 2927 fossis,
1342 2858 1540 2936 apostolice
1562 2860 1656 2920 Sedis
1681 2860 1731 2922 la-

89 2959 143 3026 ret,
159 2959 292 3020 Gallum
312 2974 387 3020 esse
407 2959 518 3036 iussit,
535 2961 635 3036 atque
657 2958 705 3021 ita
726 2958 882 3020 Aurelia·
935 2956 1032 3031 gatus
1049 2971 1180 3017 omnem
1195 2956 1332 3019 navavit
1346 2973 1491 3034 operam,
1509 2958 1545 3018 ut
1559 2957 1648 3018 cives
1661 2974 1735 3019 om-

9 3104 10 3111 ,
89 3055 512 3132 nensemarchiepiscopum
524 3055 655 3131 delegit,
668 3054 880 3132 ulperpensis
935 3068 995 3114 nes
1022 3053 1059 3114 in
1083 3054 1248 3117 catholica
1267 3054 1331 3115 lide
1354 3053 1438 3115 bene
1462 3054 1730 3130 instituerentur3

88 3152 254 3230 utriusque
267 3152 414 3231 juribus,
435 3168 478 3215 ex
492 3152 691 3229 pervetustis
711 3151 880 3214 codicibus
936 3151 1111 3227 propterea
1137 3150 1206 3211 illis
1237 3152 1447 3214 consecrauit
1478 3152 1513 3212 in
1541 3152 1733 3230 episcopum

10 3310 11 3313 ,
89 3248 140 3309 ubi
153 3250 274 3313 limites
293 3250 543 3322 adnotarentur,
560 3250 618 3313 aut
632 3250 708 3310 aliis
724 3250 880 3326 legitimis
935 3248 1110 3310 Nicolaum
1121 3247 1161 3310 de
1172 3248 1329 3321 Gorheia,
1344 3249 1572 3311 Cluniacensis
1589 3249 1733 3312 instituti

87 3345 332 3422 probationibus
357 3347 448 3411 litem
471 3347 654 3424 apostolica
680 3346 880 3409 auctoritate
935 3344 1256 3424 monachumtvinc.
1273 3347 1365 3411 Hist.
1381 3345 1439 3408 lib.
1456 3349 1729 3426 xxx,cap.128;

10 3428 12 3437 ’
88 3442 252 3506 dirimeret
267 3443 419 3524 (Gregor.
436 3446 496 3517 1X;
508 3444 566 3505 lib.
583 3447 625 3516 ΙΙ,
641 3444 692 3506 tit.
709 3443 773 3523 tc).
935 3446 1043 3520 θυαμ.
1059 3443 1116 3504 lib.
1133 3444 1218 3522 vll).

128 3542 291 3604 Gallorum
300 3544 413 3606 autem
422 3558 519 3618 reges
531 3543 565 3605 et
574 3542 721 3620 episcopi
731 3541 879 3604 Honorio
975 3543 1012 3602 ln
1024 3557 1064 3603 ea
1078 3542 1289 3619 expeditione
1310 3543 1497 3621 praecipuus
1513 3543 1576 3607 luit
1588 3544 1731 3606 Tolosa-

10 3642 11 3707 }
90 3635 202 3716 ubique
216 3640 396 3717 primatum
414 3639 575 3702 detulere.
598 3640 684 3701 Nam
699 3640 821 3716 praeter
839 3654 879 3700 ea
935 3642 1602 3718 nuscomesanteaeorumpropugnator3
1617 3644 1733 3719 postea

89 3740 236 3813 quaejam
255 3737 414 3809 diximus,
437 3736 624 3800 ludovicus
645 3752 706 3798 rex
721 3736 777 3814 qui
793 3735 878 3797 Phi·
934 3734 1041 3798 iactus
1053 3738 1257 3813 persecutor,
1269 3737 1311 3799 ad
1322 3740 1478 3800 Ecclesiae
1486 3740 1649 3815 gremium
1659 3756 1732 3801 res-

10 3860 11 3869 κ
89 3832 174 3909 lippo
207 3836 295 3912 patri
327 3835 556 3908 successerat,
593 3834 634 3896 de
668 3833 879 3896 successione
933 3830 1730 3911 titutus;jurejurandoseseobstrinxitRomanae

90 3933 232 4005 agentem
256 3932 411 4009 reginam
435 3932 535 4009 cypri
555 3931 684 4009 iudicio
709 3931 877 3993 audiebat.
935 3930 1092 3992 Ecclesiae
1114 3931 1299 4007 pariturum
1312 3929 1452 4008 (Arctoe.
1475 3931 1533 3992 lib.
1548 3935 1636 4004 XIX,
1653 3948 1681 3993 c.
1698 3936 1729 4005 3,

91 4028 131 4088 nt
141 4044 210 4090 cum
227 4030 280 4091 illi
294 4029 458 4091 natalium
475 4030 705 4107 exceptionem
720 4027 880 4106 objiceret
934 4026 1023 4106 §db
1034 4029 1100 4090 Nec
1114 4026 1186 4104 ipse
1207 4028 1349 4100 tantum,
1363 4043 1479 4090 verum
1503 4030 1604 4091 eliam
1629 4030 1733 4107 pleri-

94 4123 305 4201 adrersarius,
322 4143 424 4189 causa
444 4128 480 4188 in
497 4142 659 4204 suspenso
675 4127 758 4199 erat,
774 4126 879 4189 donec
934 4140 998 4202 que
1012 4141 1088 4186 cum
1100 4125 1172 4202 ipso
1185 4140 1340 4203 proceres
1355 4125 1390 4187 in
1405 4126 1547 4189 concilio
1563 4143 1583 4188 a
1600 4127 1733 4190 Narbo-

11 4238 12 4249 *
94 4220 130 4282 de
145 4223 297 4300 legitimis
321 4224 489 4286 natalibus
510 4225 637 4301 reginae
659 4224 877 4303 probaretur,
935 4222 1304 4301 nensiarcuiepiscopo,
1317 4223 1733 4304 ApostolicaeSedisjussu

11 4324 12 4401 ξ
94 4320 158 4393 ejus
172 4322 274 4398 igitur
293 4322 490 4400 quaestionis
505 4322 664 4397 cognitio,
679 4337 753 4398 quae
765 4321 806 4383 ad
822 4337 880 4383 ec-
934 4323 1059 4394 coacto,
1083 4322 1208 4398 recepti
1230 4323 1316 4384 sunt.
1343 4324 1392 4384 Ita
1413 4324 1483 4384 tum
1499 4326 1609 4386 actum
1630 4322 1733 4387 estat

11 4450 12 4459 κ
94 4414 303 4482 clesiasticum
317 4419 426 4481 iorum
437 4419 604 4496 pertinere
614 4419 757 4491 ridetur,
769 4418 878 4479 delata
933 4418 1729 4501 Tolosanusditionesuaconfirmaretur-(Ancon.

11 4512 12 4553 ἓ
93 4515 185 4577 estad
198 4517 383 4579 Honorium
396 4517 596 4593 pontificem,
617 4532 717 4594 aquo
731 4516 878 4579 exoratae
933 4515 1033 4590 ibid.;
1051 4520 1121 4579 llll.
1137 4520 1262 4580 Ceron.
1280 4518 1424 4597 AEmil.).

91 4608 198 4676 littere
217 4615 306 4687 sunt,
328 4613 449 4692 quibus
465 4614 633 4676 Ludovico
652 4614 726 4690 regi
751 4613 879 4677 inhibi-
974 4615 1157 4677 Parisiensi
1173 4616 1328 4693 episcopo
1346 4633 1406 4678 suo
1426 4616 1656 4680 obluctabatur
1675 4632 1733 4678 ec·

91 4709 150 4769 lum
172 4714 230 4782 est,
256 4728 301 4772 ne
325 4710 367 4772 de
391 4711 613 4773 successionis
637 4725 739 4772 causa
760 4710 878 4775 audire
933 4710 1732 4790 clesiaecapitulum3nequereteresconsuetudl-

92 4812 239 4883 pergeret,
257 4808 365 4870 donec
384 4808 612 4873 ecclesiastico
631 4807 759 4885 judicio
781 4810 880 4871 nata·
934 4824 992 4869 nes
1008 4823 1157 4879 servans,
1172 4824 1281 4885 neque
1295 4809 1390 4870 novis
1405 4809 1588 4872 inferendis
1602 4811 1729 4889 proprii

92 4900 162 4966 lium
183 4922 285 4967 causa
307 4906 514 4969 definiretur.
535 4908 615 4968 Haec
640 4907 717 4968 sunt
738 4906 877 4967 Honorii
933 4906 1079 4983 episcopi
1096 4905 1250 4968 utebatur
1263 4906 1472 4968 auctoritate.
1484 4907 1603 4969 Aditus
1618 4908 1659 4971 ob
1672 4925 1730 4971 eas

91 5001 200 5064 rerba:
231 5004 402 5066 Honorius
435 5003 603 5067 Ludovico
633 5004 704 5079 regi
731 5005 879 5064 Franco-
932 5018 987 5063 res
1002 5003 1336 5080 Honorius,episcopi
1346 5004 1580 5067 auctoritatem
1589 5023 1732 5068 commu·

92 5111 156 5159 rum
170 5122 176 5159 :
192 5103 330 5162 (Tuam
343 5117 410 5162 non
426 5100 592 5163 credimus
607 5100 712 5162 latere
728 5100 877 5176 pruden-
933 5100 1007 5173 niit,
1024 5100 1254 5178 praeceptaque
1269 5101 1335 5163 illis
1353 5101 1443 5163 dedit
1463 5103 1498 5164 in
1512 5104 1584 5167 baec
1603 5106 1704 5167 rerba
1720 5128 1728 5166 :

92 5194 172 5269 fiam,
198 5214 335 5265 causam
360 5198 522 5261 natalium
551 5198 677 5274 reginae
705 5198 805 5275 Cypri
833 5197 877 5259 ad
932 5199 1044 5258 «Cum
1060 5198 1309 5261 consuetudinis
1331 5217 1478 5280 ususque
1504 5201 1648 5279 longaevi
1662 5220 1730 5265 non

93 5304 220 5354 examen
243 5297 406 5365 nostrum,
424 5296 535 5370 utpote
550 5309 624 5371 quae
639 5293 681 5354 ad
695 5292 802 5355 iorum
816 5296 879 5354 Ec-
933 5294 1067 5357 sitlevis
1076 5296 1268 5370 auctoritas,
1277 5299 1311 5360 et
1321 5298 1516 5377 plerumque
1527 5300 1728 5361 discordiam

93 5384 305 5452 cleslasticum
334 5392 488 5468 pertinet,
514 5407 588 5452 esse
615 5390 770 5453 delatam.
794 5390 878 5463 Quia
933 5393 1064 5469 pariant
1075 5393 1250 5468 novitates,
1265 5397 1462 5461 auctoritate
1472 5396 1568 5460 vobis
1577 5412 1731 5474 praesen-

124 5545 161 5616 (ll
175 5550 242 5607 Luc.
255 5549 409 5631 marinaeus
423 5550 503 5677 llice.
517 5548 566 5608 lib.
585 5550 620 5607 x.
837 5620 843 5634 .
970 5550 1009 5624 (3)
1026 5549 1066 5611 ci.
1077 5566 1155 5625 supr.
1173 5553 1275 5637 Quint..
1287 5554 1419 5635 compti„
1435 5553 1483 5611 lb.
1499 5556 1537 5624 11,
1556 5556 1598 5612 tit.
1615 5555 1643 5625 b,
1659 5571 1685 5615 c.
1702 5559 1730 5629 l,

97 5619 347 5759 diiiiissdexffl'
357 5622 437 5692 llup.
448 5621 468 5677 lr
488 5661 496 5679 .
513 5622 635 5694 ill,cup.
646 5619 678 5691 53
691 5622 760 5679 Luc.
774 5622 876 5679 Mario.
932 5624 987 5680 col.
1001 5622 1074 5695 2083
1089 5624 1178 5697 Greg.
1192 5623 1241 5694 lli,
1258 5623 1306 5683 ub.
1320 5627 1357 5687 ΙΙ.
1370 5632 1411 5682 tri.
1428 5625 1470 5683 10.
