3946 6196
578 306 581 311 ,
673 248 904 311 EPISTOLAE.
927 250 1007 313 ΜΒ.
1019 255 1045 317 1.

339 414 600 504 cclxxviii

120 635 170 694 Ad
184 633 346 694 comitem
361 633 403 692 dc
414 634 481 692 Los
495 632 783 709 crucesignatum.

223 864 229 871 -
330 826 365 885 2²
383 833 468 887 mart.
488 825 566 883 ltll.

205 942 246 1007 pn
263 942 351 1004 Quinc
367 942 474 1005 compo.
489 941 538 992 θοι.
555 938 611 1000 aaa,
629 944 648 991 t.
661 941 681 992 1.
684 941 694 1006 J

66 1145 130 1215 Papa
141 1141 286 1199 Honorius
297 1142 338 1200 lll
354 1139 501 1198 arbitrium
512 1141 634 1216 Philippi
648 1141 852 1200 Namurcensis

94 1232 159 1287 inter
172 1229 351 1288 Ludovicum
367 1231 538 1287 Lossensem
553 1237 581 1288 et
594 1230 781 1290 wilhelmum
800 1246 849 1288 eo·

94 1320 184 1377 mitem
200 1319 304 1376 Frisiae
324 1318 360 1376 de
379 1317 530 1377 Hellendia
549 1325 579 1376 et
599 1318 750 1378 Zeelandia
777 1318 849 1377 divi-

93 1406 176 1464 denda
188 1407 306 1478 initum,
322 1406 461 1481 approbat
474 1413 504 1464 et
517 1407 677 1467 confirmat.

98 1610 260 1673 Honorius
272 1610 458 1689 episcopus,
468 1627 584 1674 servus
597 1628 768 1677 servorum
777 1614 849 1688 Dei,

68 1706 155 1769 nobili
165 1708 237 1770 riro
253 1708 368 1770 comiti
383 1709 423 1771 de
435 1711 498 1770 Los
510 1711 750 1789 crucesignato,
765 1713 853 1774 salu·

67 1809 121 1867 tem
134 1806 164 1866 et
176 1806 396 1884 apostolicam
410 1806 686 1870 benedictionem.

100 1903 848 1982 sacrosanctaliomanallcclesia,aicardus:

68 2000 212 2063 incbnati.
225 2002 279 2063 Ad
293 2003 465 2080 exemplar
485 2002 594 2065 felicis
609 2005 850 2067 recordationis

68 2100 234 2161 Innocentii
248 2104 350 2177 Papae
364 2101 620 2180 praedecessoris
636 2104 742 2166 nostri
758 2119 851 2165 eom-

68 2197 249 2273 positionem
265 2198 355 2261 inter
371 2201 405 2261 te
423 2216 463 2261 ac
478 2199 623 2262 nobilem
641 2203 750 2263 virum
764 2203 852 2264 Wil-

67 2294 194 2356 belmum
213 2296 258 2358 de
276 2297 471 2370 Hellandia,
489 2299 713 2375 Trajectensis
733 2300 852 2362 dioece·

68 2393 115 2466 sis,
129 2410 225 2471 super
238 2396 339 2472 raptu
356 2395 478 2457 nobilis
498 2382 651 2458 mulieris
672 2400 710 2459 A.
732 2398 850 2460 uxoris

66 2489 130 2564 tue,
144 2508 202 2554 nec
216 2509 287 2554 non
300 2493 488 2567 Hollandia‚
507 2496 539 2557 et
558 2494 635 2567 aliis
648 2496 749 2558 terris
762 2496 803 2557 ad
818 2498 851 2558 te

67 2587 178 2651 ratione
201 2590 320 2652 uxoris
345 2592 493 2668 eJusdem
515 2592 753 2670 spectantibus,
780 2610 852 2657 me-

68 2682 163 2747 diante
193 2687 340 2765 quodam
372 2688 526 2767 Philippo
553 2691 748 2752 Marcbione
775 2692 850 2753 Na-

68 2785 229 2857 murcensi,
242 2784 408 2848 Tebaluoo
420 2786 538 2864 Bajulo
560 2787 736 2849 comitatus
754 2790 851 2849 Flan-

68 2878 178 2943 drensis
196 2883 422 2946 amicabiliter
442 2884 571 2957 initam,
595 2886 629 2947 et
647 2886 849 2963 juramentis

67 2980 205 3053 prestitis
237 2980 318 3041 binc
346 2981 424 3043 lnde
454 2982 634 3056 firmatam,
661 2984 747 3046 sicut
776 2985 850 3047 sine

19 3156 20 3159 Ἴ
68 3076 214 3150 pravitate
229 3078 369 3155 provide
386 3078 475 3140 facta
494 3081 591 3149 esset,
607 3081 641 3143 et
653 3080 694 3142 ab
710 3082 850 3160 utraque

19 3202 21 3207 ,
69 3176 147 3246 parte
160 3176 277 3252 sponte
294 3176 441 3253 accepta,
458 3178 542 3239 utin
559 3177 691 3255 scriptis
705 3179 850 3241 authen-

68 3267 129 3330 ticis
140 3271 216 3333 inde
231 3272 391 3337 confectis
406 3273 537 3352 plenius
553 3275 751 3348 continetur,
767 3292 850 3337 auo-

68 3364 184 3430 toritate
207 3370 400 3447 Apostolica
425 3371 637 3449 praecipimus
663 3373 846 3437 observari.

19 3516 20 3519 ,
69 3462 219 3528 litantem
235 3467 350 3528 eadem
375 3469 568 3546 compositio
588 3470 716 3531 firmius
733 3470 849 3532 obser-

67 3562 158 3636 vetur,
172 3565 324 3626 tenorem
339 3565 444 3643 ipsius
456 3567 675 3645 praesentibus
685 3569 847 3646 jussimus

69 3662 216 3734 annotari,
231 3663 288 3740 qui
299 3663 379 3724 talis
394 3664 466 3725 est:

98 3755 296 3837 ‹(Sequitur
313 3760 386 3838 ipsa
404 3761 534 3823 arbitrii
555 3760 697 3842 charta).
718 3761 847 3825 »Nulli

19 3854 20 3857 ’
69 3866 135 3929 ergo
152 3858 284 3919 omnino
306 3857 477 3919 bominum
498 3859 609 3930 liceat,
633 3863 695 3923 etc.
718 3860 753 3923 Si
772 3861 846 3939 quis

19 3948 20 3957 ³
67 3952 171 4026 autem,
182 3955 245 4016 etc.
256 3955 375 4018 Datum
391 3956 626 4030 Laterani,Xll
640 3957 843 4036 kalaprilis,

67 4048 260 4121 pontificatus
272 4052 378 4115 nostri
391 4068 481 4114 anno
495 4054 614 4131 primo.

340 4285 561 4375 cccxxix

162 4508 213 4567 Ad
226 4510 507 4584 magaloneusem
522 4512 728 4585 episcopum.

330 4690 366 4749 30
379 4697 463 4750 mart.
478 4693 557 4752 lull.

74 4798 196 4884 'stegest
208 4821 252 4874 lib.
269 4823 290 4883 1,
305 4822 380 4888 epist.
392 4824 448 4875 too.
465 4826 522 4876 blss.
535 4827 573 4878 La
584 4825 661 4877 Porto
674 4826 710 4876 dn
725 4825 806 4877 Thcil.

213 4902 243 4954 n
256 4903 345 4965 θιιθι.
358 4904 464 4969 omar.
477 4906 525 4956 σοι.
537 4906 595 4967 rou,
605 4911 626 4958 t.
638 4906 673 4972 rr.

65 5083 93 5141 lit
105 5086 217 5148 elericm
228 5107 244 5150 a
254 5107 355 5166 prava,
366 5092 501 5168 exigendi
515 5095 667 5168 pecuniam
682 5109 733 5168 pro
748 5095 842 5169 sepul-

92 5182 150 5234 tura
161 5189 345 5253 mortuorum,
355 5182 562 5242 consuetudine
573 5185 691 5242 omuino
705 5183 842 5243 inhibeat.

19 5328 20 5391 l
96 5330 268 5408 Honorius,
295 5336 372 5409 ete,
397 5337 582 5400 venerabili
609 5337 706 5400 fratri
728 5340 846 5414 Maga-

19 5468 21 5495 ,
64 5420 160 5490 lonen.
176 5433 344 5511 episcopo.

95 5524 264 5592 Abolendae
277 5532 539 5605 consuetudinis,
557 5533 657 5595 immo
672 5532 847 5594 abomina-

63 5612 129 5684 bilis
143 5629 338 5707 corruptelae
359 5631 445 5708 apud
466 5632 610 5696 Mentem
627 5631 846 5696 Pessulanum

1643 264 1705 328 eto

905 412 1035 488 vitium,
1055 414 1091 478 ut
1112 414 1244 492 dicitur,
1258 418 1408 494 inolevit,
1425 422 1462 484 ut
1472 421 1628 486 videlicet
1641 423 1703 487 de-

906 505 1098 576 cedentibus
1133 531 1199 577 non
1233 516 1325 594 prius
1358 519 1569 595 permittatur
1602 519 1704 584 effodi

906 610 1087 687 sepultura,
1113 629 1212 690 quam
1235 630 1296 691 pro
1321 616 1423 689 terra,
1453 617 1488 678 in
1515 634 1579 697 qua
1604 636 1703 697 sepe-

906 706 1009 768 liendi
1031 708 1118 781 sunt,
1135 712 1261 771 certum
1283 712 1424 789 pretium
1448 714 1605 776 Ecclesiae
1619 731 1706 795 per<

906 804 1065 867 solvatur.
1082 807 1166 878 Quia
1184 808 1288 884 igitur
1304 809 1337 871 id
1353 808 1450 888 longe
1469 812 1521 873 est
1543 828 1564 874 a
1584 813 1703 890 regula

905 903 1039 981 pietatis
1055 905 1088 966 et
1102 904 1143 966 ab
1158 906 1386 970 ecclesiastica
1404 909 1589 984 honestate,
1609 926 1702 987 prae·
1778 962 1780 969 ,

906 1002 1047 1063 sentium
1070 1002 1131 1063 tibi
1157 1004 1355 1067 auctoritate
1382 1008 1593 1081 mandamus,
1619 1024 1703 1086 qua-

904 1099 1002 1162 tenus
1015 1116 1090 1162 cum
1105 1102 1169 1164 loci
1182 1102 1391 1165 dioeoesanus
1401 1106 1537 1179 existas,
1550 1107 1702 1169 inhibeas

905 1198 1049 1272 clericis,
1075 1199 1317 1278 nequicquam
1341 1204 1476 1265 omnino
1499 1205 1704 1281 praesumant

905 1296 1041 1372 exigere
1062 1297 1125 1359 bac
1148 1298 1189 1360 de
1212 1315 1325 1373 causa,
1347 1300 1525 1379 injungens
1546 1302 1642 1364 laicis
1665 1302 1704 1365 ut

904 1393 1105 1457 laudabilem
1125 1397 1395 1459 consuetudinem
1410 1415 1490 1476 erga
1504 1400 1564 1461 Dei
1581 1401 1700 1464 Eccle-

905 1491 989 1553 siam
1019 1493 1076 1571 pia
1108 1494 1282 1557 devotione
1306 1495 1454 1558 fidelium
1476 1497 1700 1561 introductam

905 1590 1091 1665 observent,
1105 1608 1148 1654 ne
1161 1593 1325 1656 fermento
1346 1595 1512 1658 haereticae
1526 1596 1701 1674 pravitatis

905 1687 996 1750 illam
1023 1705 1234 1769 corrumpere
1255 1691 1430 1754 videantur
1452 1694 1513 1756 sub
1538 1693 1702 1771 praetextu

905 1787 1076 1850 canonicae
1089 1789 1254 1866 puritatis.
1267 1790 1386 1852 Datum
1401 1791 1569 1865 Laterani,
1584 1795 1630 1855 ΙΙΙ
1644 1792 1703 1854 ka·

904 1885 1020 1948 landas
1055 1887 1191 1965 aprilis,
1224 1888 1435 1965 pontificatus
1469 1888 1574 1952 nostri
1613 1904 1701 1951 anno

904 2000 1022 2060 primo.

1189 2311 1389 2400 GCLXXX

1003 2581 1055 2642 Ad
1064 2582 1225 2655 prorem
1239 2580 1599 2643 &auctmentcuscm

1188 2809 1221 2867 31
1237 2815 1322 2867 mart.
1337 2809 1416 2867 121⁷.
1656 2877 1659 2880 ἦ

939 2952 1061 3019 mopsi,
1072 2953 1116 3004 lib.
1127 2952 1148 3013 l,
1158 2953 1234 3019 epist.
1246 2951 1301 3003 330.
1318 2951 1377 3003 idos.
1387 2952 1425 3003 La
1437 2950 1511 3002 Porto
1520 2949 1555 3001 du
1566 2948 1665 3014 Theti]
1775 3025 1777 3029 y

947 3162 983 3220 Ut
996 3158 1093 3218 visitet
1110 3160 1248 3217 ecclesias
1266 3158 1311 3216 sui
1324 3134 1448 3216 'Ordinis
1475 3163 1503 3215 et
1523 3156 1649 3230 corrigat

1209 3246 1391 3321 corrigenda.

941 3465 1122 3537 Honorius,
1137 3464 1213 3537 etc,
1227 3462 1332 3540 priori
1347 3462 1619 3524 Grandlmonten.

943 3564 978 3626 Si
999 3562 1133 3626 Ordinis
1146 3561 1196 3623 tui
1218 3560 1319 3622 cellas
1342 3558 1508 3621 interdum
1532 3549 1704 3637 persona-'

901 3662 978 3724 liter
991 3660 1159 3732 visitares,
1174 3659 1294 3720 fratres
1313 3657 1494 3719 existentes
1512 3657 1548 3718 in
1563 3657 1612 3718 eis
1627 3657 1701 3718 dis-

901 3758 1034 3839 ciplinis
1056 3756 1298 3818 informaturus
1315 3754 1536 3831 regularibus,
1557 3754 1593 3819 in
1613 3755 1697 3831 ipsis

901 3858 1019 3938 siquid
1032 3854 1266 3931 corrigendum
1277 3853 1461 3914 occurrerit
1473 3853 1696 3925 correcturus,

899 3973 966 4019 non
979 3956 1019 4016 ad
1040 3952 1272 4016 detrimentum
1291 3949 1348 4011 sed
1370 3949 1613 4011 incrementum
1633 3964 1697 4026 po-

898 4056 965 4117 tius
979 4055 1028 4117 tui
1043 4051 1175 4115 Ordinis
1192 4047 1384 4127 pertineret,
1401 4046 1438 4108 ut
1452 4062 1494 4108 ex
1508 4047 1571 4108 boc
1589 4045 1693 4108 robo-

898 4155 1031 4215 raretur
1045 4149 1132 4229 qarod
1154 4147 1301 4210 validum
1316 4145 1416 4208 estin
1435 4159 1486 4218 eo;
1511 4145 1545 4206 et
1565 4144 1693 4206 invali-

899 4252 976 4312 dum
987 4248 1178 4322 sanaretur3
1192 4229 1349 4323 expedire
1362 4243 1494 4321 quidem
1507 4242 1572 4319 ipsi
1581 4240 1700 4305 Ordini

860 4408 862 4413 .
898 4348 1074 4419 credimus,
1086 4345 1124 4408 ut
1135 4360 1236 4423 quum
1246 4342 1310 4403 hoc
1320 4341 1479 4419 exipsius
1491 4338 1699 4403 institutione

898 4445 1048 4508 absolute
1063 4459 1129 4505 non
1145 4441 1280 4514 habeas,
1297 4439 1495 4502 auctoritate
1507 4438 1568 4501 tibi
1583 4441 1693 4515 Apos-

897 4544 998 4606 tolica
1024 4540 1236 4604 concedatur.
1272 4538 1455 4616 Eapropter
1480 4535 1695 4613 praesentium

896 4642 958 4705 tibi
972 4642 1005 4702 et
1018 4637 1265 4701 successoribus
1277 4635 1344 4697 tuis
1359 4633 1557 4696 auctoritate
1571 4646 1696 4694 conce·
1749 4658 1753 4663 v

897 4741 1017 4812 dimus,
1033 4737 1070 4799 ut
1091 4736 1192 4799 cellas
1211 4733 1345 4795 easdem
1363 4731 1424 4794 tibi
1446 4731 1547 4792 liceat
1568 4745 1694 4806 oppor-

897 4838 986 4901 tunis
1019 4832 1224 4911 temporibus
1250 4830 1398 4903 visitare,
1426 4828 1636 4890 correcturus
1660 4826 1695 4888 et

897 4934 1137 4999 reformaturus
1152 4928 1252 4991 ineis
1267 4927 1352 5005 quod
1366 4924 1547 4987 secundum
1557 4924 1693 4986 Ordinis

897 5033 947 5096 tui
978 5030 1129 5093 instituta
1157 5026 1363 5089 correctione
1389 5038 1428 5084 ac
1456 5010 1695 5085 reformatione

898 5127 1094 5208 cognoveris
1126 5124 1288 5201 indigere.
1317 5120 1582 5184 contradictores
1610 5136 1694 5182 cen·

899 5245 978 5293 sura
1018 5223 1246 5287 ecclesiastica
1286 5220 1416 5283 sublato
1460 5217 1695 5297 appellationis

898 5324 1070 5392 obstaculo
1097 5318 1348 5398 compescendo.
1376 5316 1469 5379 Nulli
1496 5331 1587 5393 ergo,
1617 5315 1696 5387 etc,

898 5432 1023 5490 nostrae
1035 5417 1292 5491 constitutionis,
1302 5419 1364 5480 etc.
1375 5415 1491 5493 Siquis
1502 5411 1698 5486 autem,etc.

939 5526 1058 5589 Datum
1073 5517 1239 5591 Laterani,
1259 5507 1404 5578 secundo
1422 5511 1584 5574 kalendas
1602 5510 1699 5589 apri-

900 5626 953 5700 lis,
970 5620 1181 5704 pontificatus
1197 5615 1303 5680 nostri
1313 5628 1404 5677 anno
1417 5611 1536 5690 primo.
