3982 6196
230 254 290 315 nea
588 202 591 207 ¹
855 242 1032 308 aenean
1053 242 1098 305 111
1119 242 1268 304 oanan.
1829 232 1888 297 rol
1978 312 1979 323 ,

270 414 378 485 Quum
388 414 487 490 juxta
500 412 689 473 sanctiones
704 407 894 480 canonicas,
905 406 1029 468 aliana·

229 504 337 572 tiones
364 510 396 572 et
421 508 656 587 dispositiones
683 521 795 567 rernm
820 503 1026 566 ecclesiasti-

1452 405 1578 493 GC,

230 623 360 678 carum,
389 604 462 684 quae
488 606 572 667 flunt
598 600 777 681 aliquande
807 602 849 664 ab
878 601 1025 671 intrusis,

231 704 356 765 nullius
375 704 509 781 penitus
536 703 603 765 sint
625 700 794 773 momenti,
818 701 851 763 et
867 698 1027 776 reprobus
1472 768 1479 780 ο

230 801 463 863 Walderamus
496 800 600 862 multa
638 799 678 861 da
708 796 804 859 benis
836 796 1027 859 Bremensis
1373 768 1500 841 ¹9⁰P'11·
1516 767 1594 825 ¹²¹⁸·

231 897 381 959 ecclesiae
397 897 562 959 alienasse
577 895 718 967 dicatur,
735 887 949 973 praesentium
968 907 1029 956 vo-
1205 875 1334 941 ffi⁰⁵¹¹⁰¹v
1345 872 1412 925 ⁵¹⁰⁰·
1424 874 1567 938 uulgaris,
1577 875 1598 931 l,
1612 873 1651 932 ¹²·
1664 887 1689 924 ¹¹·
1701 873 1755 936 Ἀ]

230 988 282 1056 his
305 989 502 1057 auctoritate
523 993 730 1065 mandamus,
753 994 916 1070 quatenns
930 988 1028 1069 qnid·
1081 974 1233 1043 mecenio
1259 976 1435 1040 decimarum
1460 980 1490 1038 in
1507 982 1581 1037 terra
1595 978 1682 1038 Borza
1695 979 1885 1053 abepiscopo

230 1093 308 1170 quid
326 1092 499 1155 abeodem
514 1091 727 1153 Waldaramo
741 1087 937 1151 intrusionis
957 1104 1026 1150 suaa
1062 1142 1065 1147 .
1240 1070 1427 1128 Tffl¹¹⁸fll⁰¹¹⁰
1438 1069 1512 1128 lacta
1522 1067 1717 1126 mmmmm·

230 1193 379 1268 tempere
401 1189 594 1261 alienatum,
621 1188 825 1250 inlaudatam
848 1203 908 1250 seu
928 1185 1028 1264 impi-
1121 1172 1288 1241 Honorius
1304 1178 1480 1256 episcopus
1493 1191 1793 1238 servusserverum
1806 1177 1881 1248 Dei,

230 1290 407 1364 gneratum
431 1302 505 1348 esse
530 1285 726 1357 constiterit,
752 1285 868 1362 adjus
892 1285 925 1346 et
949 1298 1028 1361 pro-
1081 1276 1213 1339 dilactis
1236 1277 1353 1337 tiliis...
1384 1274 1554 1352 magistris
1575 1272 1782 1335 citratrihus
1797 1274 1881 1334 hes-

230 1385 405 1463 prietatem
424 1384 576 1446 acclesiae
596 1382 806 1460 supradictas,
829 1381 958 1443 sublate
973 1397 1027 1443 cn·
1081 1374 1195 1452 pitalis
1209 1375 1339 1436 Sanctae
1354 1372 1470 1435 Mariae
1484 1371 1768 1435 Thentenicerum
1780 1374 1882 1433 tero-

226 1481 365 1560 justitiet
402 1480 675 1543 oentradictionis
720 1480 754 1543 et
793 1478 1027 1557 appellationis
1082 1472 1283 1550 solymitani,
1311 1470 1509 1533 salutemet
1536 1468 1755 1547 apostolicam
1776 1467 1884 1530 bena·

230 1578 415 1651 obstaculo,
448 1577 595 1655 legitime
629 1576 808 1648 revocetis,
840 1575 1028 1638 contradic·
1082 1569 1270 1632 dictionem.

229 1680 317 1739 tores
343 1691 403 1754 per
431 1690 606 1737 censuram
639 1674 901 1737 ecclesiasticam
930 1688 1026 1735 com-
1124 1660 1511 1743 Quumanobispctitnr,
1527 1665 1615 1726 etc...
1631 1677 1764 1738 usquc:
1777 1663 1883 1725 effac·

230 1773 404 1851 pascendo.
419 1771 511 1845 Quod
526 1772 556 1832 si
571 1787 638 1832 non
656 1787 773 1832 omnes
788 1771 831 1832 iis
846 1785 1028 1848 exsequen-
1080 1760 1161 1825 tam.
1185 1765 1291 1834 Quum
1306 1758 1410 1838 igitur
1422 1759 1625 1823 venerabilis
1645 1759 1751 1821 trater
1768 1762 1884 1821 noster

230 1871 281 1931 dis
296 1869 469 1947 potueritis
485 1869 658 1940 interesse,
685 1867 722 1930 tu
736 1867 840 1929 trater
860 1868 1025 1944 episcope,
1081 1862 1135 1921 W.
1163 1858 1407 1922 Ultrasilvanus
1442 1857 1634 1935 episeopus,
1664 1855 1884 1918 considerans

232 1983 305 2027 cum
335 1982 450 2028 eorum
482 1966 588 2028 altere
618 1980 657 2025 aa
685 1964 902 2027 nihilominus
930 1980 1029 2026 exse-
1082 1957 1230 2035 pericula
1254 1957 1287 2018 et
1313 1955 1455 2027 labores,
1471 1970 1554 2032 quos
1569 1956 1693 2016 terram
1715 1953 1757 2015 de
1777 1955 1884 2014 Borza

1261 650 1388 709 Mertae
1403 647 1698 708 Tteutonieorum.

987 599 994 613 .
1082 548 1540 628 Admoptsimtmetsrotres
1554 542 1730 621 hospitatis
1743 502 1889 609 Sonotoe

231 2079 390 2222 qulaiialtiim
415 2159 585 2233 Itaterani,
605 2162 635 2222 11
653 2159 728 2221 idus
748 2154 877 2239 aprilis,
893 2158 1029 2238 pontili-

231 2259 325 2319 catus
339 2256 446 2321 nostri
459 2273 547 2319 anne
563 2257 720 2319 secunde.

530 2407 726 2494 CXCVIII

243 2543 295 2601 Ad
303 2540 534 2615 propositum
546 2541 580 2603 et
593 2543 761 2601 moenium
774 2543 1013 2601 Breencnsem.

518 2653 552 2711 u
566 2652 647 2725 april.
659 2653 738 2710 aava.

311 2756 499 2825 stappenberg,
510 2754 720 2823 llamborgisches
728 2757 943 2813 Urkundanbnch,

543 2838 720 2903 thpfflm

230 2934 360 3006 lnhlbet,
381 2951 418 2993 ne
442 2933 674 3007 archiepiscopus
699 2935 862 2992 Bremcnsis
884 2933 1024 3003 decimas,

265 3025 404 3081 cometias
427 3028 456 3080 et
484 3022 648 3081 advocatias
676 3021 713 3079 ad
727 3016 857 3095 ejusdem
874 3020 1025 3080 eeclesiam

264 3113 441 3187 pertinentes
450 3111 535 3170 elicui
546 3111 674 3183 assignet
690 3111 717 3166 in
733 3109 882 3168 laudum...

269 3219 438 3280 Honorius
473 3212 667 3296 episcopus,
702 3234 819 3279 servus
853 3228 1026 3280 serverum

229 3316 299 3385 Dei.
317 3314 447 3377 dilectis
467 3315 545 3376 llliis
567 3315 756 3393 praeposite,
778 3315 903 3377 decano
923 3317 956 3377 et
969 3331 1027 3378 ca-

229 3412 334 3491 pitulo
344 3413 526 3485 Bremensi,
541 3414 724 3475 salutemet
736 3412 953 3490 apostoheam
967 3412 1027 3474 ba-

228 3510 462 3571 nedictionem.

270 3609 375 3680 Quum
386 3607 421 3667 in
431 3608 543 3669 multis
553 3606 663 3669 vestra
674 3607 717 3669 sit
728 3607 874 3685 collapsa
883 3607 1025 3669 ecclesia

228 3720 288 3782 per
311 3704 488 3780 reprobum
509 3705 774 3777 waldemarum,
801 3715 861 3766 nes
886 3707 1025 3781 paterna

228 3800 376 3863 volentes
392 3801 499 3862 eidem
509 3800 732 3863 sollicitudine
745 3798 932 3879 providere,
950 3818 1026 3862 auc·

178 3898 184 3908 ’
228 3898 362 3960 toritate
378 3899 591 3975 praesentium
610 3898 734 3961 vestris
749 3892 901 3960 inclinati
916 3894 1026 3975 preci-

228 3994 290 4056 bus
314 3995 513 4067 inhibemus,
541 4011 583 4056 ne
604 3995 876 4072 archiepiscopus
901 3997 1022 4069 vester,

229 4092 286 4169 qui
304 4106 364 4169 pre
390 4094 539 4169 tempore
552 4091 664 4164 luerit,
679 4092 836 4163 decimas,
853 4093 1022 4164 cometias,

228 4190 262 4251 et
275 4189 465 4251 advocatias
476 4188 517 4249 ad
532 4190 724 4265 praedictam
737 4190 912 4251 ecclesiam
921 4191 1026 4267 perti·

228 4286 356 4357 nentes,
373 4301 474 4361 quum
489 4299 546 4346 aas
561 4301 682 4348 vacare
695 4287 883 4362 contigerit,
894 4286 927 4346 in
937 4287 1024 4347 dam·

228 4398 307 4442 num
320 4382 425 4457 ipsius
438 4382 589 4444 ecclesiae
614 4382 718 4444 alicui
731 4384 881 4458 assignet
894 4383 935 4444 ad
951 4382 1026 4445 feu-

227 4476 320 4552 dum;
343 4477 437 4539 vobIs
475 4477 694 4539 nihilominus
727 4478 954 4554 indulgentes,
987 4482 1024 4541 ut

228 4574 373 4636 decimas
392 4574 432 4635 ad
453 4574 628 4635 eeclesiam
655 4577 841 4652 spectantes
861 4576 1022 4646 eamdem,

226 4670 330 4732 libere
358 4672 492 4748 possitis
507 4670 671 4733 redimere
690 4672 731 4733 de
752 4672 905 4733 manibus
926 4672 1024 4734 laico

227 4785 311 4829 rum.
327 4772 445 4830 Datum
457 4768 623 4841 Laterani,
639 4772 668 4829 ll
685 4769 759 4831 idus
769 4770 895 4847 aprilis,
913 4770 1025 4847 penti-

226 4865 344 4926 tlcatus
359 4866 463 4929 nostri
480 4882 567 4927 anno
583 4866 737 4929 secundo.

550 4974 701 5103 cxcix
798 5080 799 5083 ψ

373 5151 426 5210 Ad
439 5149 626 5223 capitutum
636 5153 872 5211 Bremensem.

430 5262 508 5334 (Sine
519 5266 587 5318 nete
604 5263 822 5334 chronologice.)

278 5366 383 5429 [Quinta
394 5365 557 5431 compilatio,
568 5366 613 5417 lib.
627 5367 647 5423 l,
661 5366 701 5416 tit.
715 5366 759 5426 IX,
770 5380 824 5431 cap.
837 5367 860 5426 l,
873 5365 973 5418 Anebts

547 5455 698 5517 humiliter]

266 5551 364 5628 (Vide
377 5557 401 5614 t.
416 5556 441 5627 1,
458 5555 556 5631 hujus
572 5554 663 5627 edit,
681 5555 744 5617 col.
764 5554 849 5635 150.)

1081 2071 1221 2117 vacuam
1233 2056 1266 2115 at
1280 2053 1499 2115 inhabitatam
1514 2050 1608 2113 vobin
1624 2051 1835 2113 acarissimo
1848 2051 1884 2111 in

1082 2146 1213 2213 Christo
1232 2150 1427 2213 dlienostro
1446 2150 1578 2211 Andrea
1593 2164 1673 2226 rege
1697 2151 1885 2224 ilungaro-

1082 2266 1156 2311 rum
1171 2249 1304 2322 illustri,
1319 2248 1360 2310 ad
1386 2249 1482 2325 cujus
1506 2244 1689 2307 domimum
1711 2245 1885 2322 pertinere

1082 2344 1299 2423 dignoscitur,
1311 2346 1405 2421 regia
1417 2343 1616 2406 liberalitate
1630 2343 1803 2416 collatam,
1821 2342 1884 2403 de*
1978 2336 1979 2339 ’

1082 2440 1245 2505 tendendo
1261 2459 1281 2504 a
1296 2458 1502 2520 paganorum
1517 2440 1709 2528 incursibus
1729 2440 1883 2501 sustine-

1081 2541 1135 2613 tis,
1152 2540 1297 2601 decimas
1311 2539 1417 2616 ipsius
1427 2541 1526 2600 terrae
1536 2535 1577 2599 ab
1588 2540 1661 2615 ojus
1674 2536 1799 2599 incolls
1814 2538 1882 2598 tam
1978 2578 1979 2587 ,

1082 2637 1201 2698 tuturis
1242 2653 1341 2714 quarn
1379 2634 1598 2713 praesentibus
1637 2633 1884 2701 exsolvendas,

1082 2749 1210 2796 necnon
1246 2735 1279 2794 et
1315 2733 1474 2794 ecclesias
1507 2730 1721 2793 aedificandas
1758 2729 1883 2791 ibidem

1081 2832 1194 2893 domui
1207 2832 1326 2893 vestrae
1339 2831 1379 2891 de
1394 2845 1561 2891 censensu
1575 2825 1714 2905 capituli
1731 2828 1787 2888 sni
1804 2843 1885 2888 eon·

1081 2928 1232 2999 cesserit,
1242 2928 1380 2989 decimis
1392 2928 1627 3002 Hungarorum
1637 2925 1880 2993 astomorum,

1081 3026 1110 3087 sl
1129 3042 1187 3087 eos
1208 3025 1250 3087 ad
1267 3025 1388 3087 dictam
1404 3026 1529 3086 terram
1549 3022 1697 3085 transire
1712 3023 1882 3099 continga-

1081 3125 1142 3195 ret,
1159 3125 1192 3185 et
1215 3124 1471 3201 praesentatione
1490 3120 1620 3184 avobis
1641 3120 1683 3182 de
1704 3120 1881 3198 presbyte-
1978 3156 1979 3159 =

1081 3222 1129 3281 ris
1144 3219 1359 3282 instituendis
1373 3219 1408 3281 in
1431 3218 1515 3296 ipsis
1537 3217 1690 3279 ecclesiis
1712 3217 1878 3287 facienda,

1081 3328 1209 3379 necnon
1216 3317 1431 3396 juridlctienc
1446 3327 1623 3378 cansarum
1636 3314 1877 3381 criminalium,

1081 3432 1155 3493 qnae
1165 3416 1207 3476 ad
1220 3414 1466 3477 destitutionem
1475 3413 1643 3491 pertinent
1655 3412 1879 3483 sacerdotnm,

1081 3514 1313 3590 procuratione
1328 3527 1458 3590 quoqne
1468 3513 1567 3588 juxta
1585 3509 1727 3571 formam
1744 3509 1884 3570 canoni-

1080 3625 1151 3672 cam
1168 3611 1348 3681 moderata,
1363 3608 1392 3669 si
1407 3607 1534 3669 eumad
1550 3609 1661 3684 partes
1675 3606 1756 3667 illas
1769 3607 1883 3667 venire

1080 3708 1299 3782 contingeret,
1316 3705 1381 3766 sibi
1404 3720 1444 3766 ac
1467 3705 1538 3765 suis
1558 3703 1883 3765 successoribusre-

1080 3804 1221 3865 servatis
1238 3825 1246 3863 ε
1262 3820 1323 3864 nos
1342 3802 1463 3865 vestris
1483 3801 1586 3879 justis
1608 3799 1765 3877 precibus
1780 3799 1883 3861 incli-

1081 3900 1162 3971 nati,
1178 3900 1428 3961 concessionem
1450 3898 1569 3974 ipsam,
1586 3897 1672 3958 sient
1686 3896 1743 3972 pie
1755 3897 1790 3958 et
1802 3910 1884 3971 pre-

1079 3997 1155 4058 vide
1178 3996 1266 4058 lacta
1281 3997 1342 4068 est,
1358 3998 1392 4057 at
1415 3996 1449 4055 in
1464 3994 1570 4071 ipsins
1589 3992 1741 4070 episcopi
1760 3992 1882 4053 litteris

1080 4109 1182 4170 snper
1203 4093 1266 4155 hoc
1281 4093 1377 4154 factis
1392 4092 1523 4169 plenius
1541 4091 1744 4162 continetur,
1757 4090 1878 4151 ancto-

1079 4191 1177 4252 ritate
1191 4190 1381 4267 Apestelica
1401 4189 1636 4250 confirmamus
1652 4188 1685 4248 et
1700 4185 1880 4263 praesentis

1079 4288 1195 4364 scripti
1228 4285 1414 4363 patrocinio
1437 4284 1692 4347 communimus.
1732 4286 1882 4358 Quarum
1978 4348 1979 4357 ,

1079 4387 1228 4446 tenerem
1249 4383 1291 4445 ad
1316 4387 1476 4461 majorem
1501 4382 1692 4443 firmitatem
1714 4382 1880 4458 jnssimus

1079 4482 1119 4542 de
1134 4480 1235 4542 verbe
1250 4480 1291 4541 ad
1311 4480 1449 4541 verbum
1462 4478 1682 4557 praesentibus
1703 4477 1880 4539 annotari:

1118 4579 1171 4639 W.
1198 4578 1257 4639 Dei
1280 4578 1388 4654 gratia
1418 4576 1659 4637 Transilvanus
1688 4574 1879 4651 episcopus,

1079 4675 1245 4737 universis
1260 4675 1301 4736 ad
1316 4691 1399 4753 ques
1415 4674 1534 4735 litterae
1554 4672 1736 4749 praesentes
1757 4687 1882 4749 perve-

1078 4773 1200 4845 nerint,
1216 4773 1356 4834 salutem
1379 4772 1414 4832 in
1433 4786 1514 4834 vere
1532 4770 1683 4831 salutari.
1715 4769 1881 4841 Quoniam

1078 4870 1168 4931 vires
1191 4870 1364 4944 religiosos
1388 4870 1421 4930 et
1446 4868 1510 4930 soli
1532 4871 1599 4929 Dae
1632 4867 1818 4929 militantes
1843 4867 1881 4927 in

1078 4968 1234 5045 amplexu
1246 4967 1407 5037 cambitio,
1421 4966 1646 5043 sicutjnstum
1655 4965 1707 5026 est
1716 4967 1752 5026 at
1763 4965 1881 5025 henes·

1077 5068 1158 5137 tum,
1172 5081 1290 5141 regere
1307 5064 1461 5125 velumus
1480 5066 1513 5125 et
1527 5062 1639 5123 lovere
1655 5084 1664 5121 ι
1680 5063 1758 5125 idae
1773 5061 1877 5138 justis

1078 5162 1355 5240 postulationibus
1380 5161 1521 5222 fratrum
1545 5158 1722 5235 hospitalis
1749 5160 1882 5220 Sanctae
1978 5154 1979 5239 j

1077 5262 1192 5322 Mariae
1205 5261 1239 5321 in
1252 5259 1484 5336 Hierosolyma
1497 5256 1645 5318 dedomo
1658 5256 1883 5317 Tbeutenico-
1978 5244 1979 5319 t

1076 5375 1150 5420 rum
1171 5358 1367 5428 annuentes,
1387 5357 1421 5417 in
1442 5355 1633 5431 terraenae
1656 5356 1764 5415 Borea
1786 5369 1880 5413 nun-
1978 5362 1979 5381 ³

1076 5457 1226 5534 cupatur,
1254 5471 1353 5533 quam
1371 5469 1510 5515 vacuam
1525 5455 1558 5514 et
1584 5449 1806 5513 inhabitatam
1833 5466 1882 5511 ex

974 5633 979 5642 Ι
1076 5554 1165 5630 regis
1175 5553 1365 5624 donatione,
1381 5552 1483 5612 imme
1509 5551 1617 5628 petius
1637 5548 1773 5626 proprio
1792 5563 1879 5608 san-
1978 5532 1979 5577 ³
