3958 6204
679 172 857 237 HONORII
879 173 924 235 111
946 170 1095 235 OPERA.
1112 199 1150 217 -·
1166 170 1399 235 SERMONES.

213 175 274 239 315
1800 177 1861 241 310

208 338 319 398 torum
332 333 435 407 venit,
451 332 508 413 qui
523 346 590 395 non
603 330 731 409 antiqui
744 330 850 395 bostis
865 331 1006 394 insidias
1051 346 1149 394 ‘mam
1163 348 1183 394 a
1195 335 1275 409 Deo,
1289 332 1348 412 qut
1370 330 1422 395 est
1444 331 1513 395 vita
1538 333 1681 409 animae3
1706 334 1787 412 qnia
1804 334 1863 413 qui

208 449 328 514 passus
343 432 423 494 sit».
440 432 502 504 Qui
516 429 637 506 gaudet
652 446 726 492 cum
738 446 799 492 nos
817 429 1006 492 insidiando
1061 430 1140 495 lacit
1154 433 1336 509 peccatum,
1353 447 1471 494 servus
1486 433 1537 492 est
1551 431 1690 508 peccati,
1703 434 1736 494 et
1748 432 1797 494 ite
1810 434 1865 497 est

209 526 342 609 decipit.
373 530 467 593 Unde
495 527 600 591 David
632 548 640 587 ι
673 531 737 595 Qut
763 528 928 590 tribulant
950 543 1006 590 mc
1060 528 1313 591 divisusaDeo.
1335 531 1454 590 Frater
1468 544 1548 604 ergo
1560 529 1663 590 tradit
1674 528 1864 593 iratremin

209 629 454 692 emtattabuatst
462 626 576 687 motas
589 628 749 700 literottt
763 624 1006 687 beatusPetrus
1061 626 1211 695 mortem,
1237 625 1368 704 quando
1383 625 1586 689 christianus
1606 625 1736 687 seducit
1755 627 1862 689 cbris-

209 742 272 789 nos
288 724 442 787 admonet
469 723 614 785 dicens:
636 726 871 785 Adversarius
891 725 1007 785 uester
1060 722 1189 784 tianum
1218 723 1261 785 ad
1288 722 1508 801 iniquitatem.
1533 723 1627 787 Unde
1649 726 1799 787 loannes
1829 726 1868 786 in

208 827 359 887 diabotus
374 822 551 896 tamquam
564 827 615 884 teo
629 824 772 897 raptem
784 821 907 883 circuit
919 837 1008 896 puce-
1061 820 1208 897 Epistola
1223 842 1231 880 :
1249 822 1312 888 oui
1326 822 1555 897 adttsratrem
1567 836 1683 893 suunt,
1694 825 1868 884 homicida

209 936 292 983 reas
312 935 413 994 pacm
431 920 572 981 decoret
600 916 629 999 (1
653 920 742 981 Patr.
767 936 800 992 v,
820 917 865 999 8).
902 921 942 980 Et
971 919 1006 982 in
1061 916 1305 996 est(loan.111,
1322 917 1385 998 15).

208 1017 441 1081 Ecclesiastico
465 1017 606 1093 legimus
639 1033 646 1078 :
674 1020 753 1089 Fili,
774 1020 939 1079 arcemus
963 1021 1008 1078 ad
1104 1016 1260 1093 sequitur
1277 1033 1284 1076 :
1301 1016 1687 1091 Oportetprtmumbcec
1700 1017 1869 1088 temera

208 1116 414 1179 sarottatem
427 1119 501 1188 Det,
518 1115 574 1177 sta
593 1119 631 1177 ta
646 1115 781 1186 timore,
798 1115 832 1177 et
840 1130 1008 1190 praepara
1062 1117 1214 1176 amodum
1223 1116 1432 1188 statimstatic
1444 1112 1868 1192 (mattaratiummribus

209 1217 365 1275 amimam
380 1214 476 1275 taam
491 1216 535 1275 ad
550 1210 947 1290 temtationemtEccli.11,
961 1210 1006 1290 1).
1063 1210 1227 1273 decausis
1251 1210 1339 1274 bella
1362 1215 1396 1274 et
1419 1212 1599 1275 seditiones
1622 1212 1753 1287 eportet
1776 1211 1865 1284 lieri,

208 1314 445 1374 Verumtamen
460 1312 489 1373 si
504 1327 565 1372 nos
587 1326 735 1371 essemus
762 1310 850 1371 lirini
872 1310 908 1371 in
930 1308 1005 1381 tide,
1062 1308 1273 1371 uidelicetad
1286 1308 1526 1371 correctionem
1541 1308 1719 1383 malorum,
1730 1309 1773 1370 ad
1785 1325 1870 1386 pro-

208 1408 401 1471 deberemus
419 1408 558 1470 multum
582 1407 739 1484 gaudere,
758 1407 889 1485 quando
910 1408 1008 1483 pate-

209 1523 323 1569 remur
333 1507 561 1579 tentationem,
579 1506 754 1569 sicutdicit
765 1504 1007 1568 beatus-laceb:

208 1608 347 1667 «Omne
373 1604 532 1682 gaudium
557 1604 746 1667 existimate
774 1602 905 1673 tratres,
933 1618 1008 1665 cum

209 1720 227 1763 (ι
249 1702 434 1765 incideritis
456 1702 740 1773 intentationem,
764 1701 842 1778 quia
865 1716 932 1761 non
952 1716 1010 1762 co-

208 1817 226 1860 e
248 1800 422 1863 ronahitur
436 1799 471 1860 in
486 1798 607 1872 futuro,
627 1799 693 1860 nisi
709 1799 766 1877 qni
780 1797 927 1875 legitime
939 1813 1011 1860 cer-

209 1916 228 1958 «
248 1898 369 1960 iuverit
380 1898 414 1959 in
426 1897 610 1974 praesenti»
623 1895 707 1976 (Jac.
722 1912 746 1969 1,
757 1899 792 1971 2;
809 1897 893 1957 Tim.
909 1911 946 1968 11,
961 1892 1007 1975 5).

208 1996 303 2057 Unde
316 1995 396 2057 dicit
410 1994 664 2056 Ecclesiasticus
680 2010 687 2055 :
710 1996 799 2055 Vasa
811 1995 907 2070 nauti
919 2007 1008 2068 pro-

209 2095 264 2154 bat
278 2096 421 2167 formam
434 2093 467 2153 et
481 2092 723 2166 amaesjustos
739 2090 884 2154 tentatio
895 2092 1009 2152 triba-

209 2190 348 2252 tationis
359 2187 473 2269 (Eucti.
485 2205 591 2261 xxvii,
600 2188 646 2268 6).
658 2189 750 2251 Sicut
762 2189 855 2251 calor
864 2188 1009 2251 fornacis

209 2286 345 2349 indurat
356 2302 437 2348 vasa
452 2286 567 2369 tictilia
583 2303 657 2364 quae
671 2288 765 2364 prius
777 2287 873 2349 erant
883 2286 1007 2358 mallia,

210 2385 257 2447 ita
272 2385 411 2448 tentatio
422 2383 646 2446 tribulationis
662 2385 836 2446 confirmat
849 2384 958 2462 justos
977 2386 1010 2447 et

210 2484 344 2544 sanctos
358 2482 498 2543 inomni
513 2482 653 2544 veritate
664 2483 816 2560 justitiae.

250 2580 299 2641 Ab
333 2578 462 2656 angelis
485 2579 631 2655 patimur
649 2578 847 2657 quandoque
872 2594 1009 2641 correc-

210 2678 330 2750 tiones,
348 2677 426 2754 quia
440 2676 520 2738 boni
534 2676 647 2753 angeli
662 2692 728 2738 non
743 2677 883 2755 possunt
897 2693 1011 2755 aequa-

211 2776 348 2837 nimiter
361 2774 487 2846 uidere,
502 2775 633 2851 quando
642 2777 744 2835 Deum
756 2774 1007 2836 contemnimus.

212 2872 307 2935 Unde
317 2871 458 2948 legimus
473 2870 654 2933 indutibus
667 2872 911 2948 Apostolorum,
923 2871 1010 2949 quod

211 2969 359 3033 Herodes
376 2968 511 3032 indutus
529 2969 622 3030 veste
639 2969 732 3045 regia
752 2968 1011 3032 concionabatur

212 3068 253 3129 ad
271 3066 439 3145 populum,
467 3066 499 3127 et
520 3065 661 3143 populus
683 3081 783 3128 voces
807 3066 867 3127 Dei
886 3068 919 3128 et
943 3083 1010 3128 non

211 3164 367 3236 hominis,
392 3161 488 3235 idest,
513 3162 671 3225 laudabat
693 3178 768 3224 eum
789 3164 875 3225 sicut
893 3166 1009 3233 Deum,

211 3278 278 3324 non
301 3260 388 3322 sicut
402 3260 583 3321 bominem.
606 3260 786 3322 Confestim
801 3263 912 3323 autem
928 3275 1029 3339 per-·

212 3358 315 3421 cussit
343 3374 419 3420 eum
440 3357 579 3433 angelus
599 3359 744 3431 Domini,
767 3374 807 3420 eo
836 3358 922 3439 quod
944 3375 1010 3421 uon

212 3456 358 3519 dedisset
382 3456 542 3518 honorem
569 3458 648 3528 Deo,
688 3457 723 3518 et
749 3458 964 3535 consumptus
990 3473 1010 3518 a

210 3553 379 3619 vermibus
394 3554 570 3631 expiravit
591 3554 640 3616 lta
655 3553 782 3616 iaciunt
795 3555 895 3617 hodie
915 3554 1010 3616 multi

213 3653 270 3732 qui
280 3651 396 3714 volunt
410 3651 450 3715 ab
465 3650 655 3713 hominibus
670 3669 772 3730 supra
786 3653 919 3715 modum
931 3654 1009 3715 lau·

213 3752 287 3813 dari
313 3750 346 3811 et
370 3749 536 3811 uenerari.
562 3750 603 3811 Et
622 3750 734 3828 angeli
763 3750 895 3828 quidem
923 3768 1011 3813 nunc

212 3847 377 3910 sustinent
391 3847 557 3924 patienter
571 3849 706 3925 propter
719 3848 925 3910 uoluntatem
939 3849 1009 3921 Dei,

212 3946 269 4023 qui
290 3962 351 4006 nos
379 3946 532 4022 expectat
556 3944 598 4006 ad
630 3947 870 4023 poenitentiam,
892 3947 952 4009 'sed
976 3947 1011 4007 in

212 4043 278 4102 tine
300 4041 423 4102 acriter
445 4040 661 4102 vindicabunt
684 4045 756 4118 ejus
784 4043 953 4119 injuriam.
976 4043 1010 4105 Si

211 4138 315 4214 igitur
330 4136 409 4198 boui
428 4152 552 4207 samue,
568 4137 705 4213 angelos
723 4139 782 4201 Dei
797 4142 933 4216 pacatos
955 4139 1012 4201 ba·

211 4234 327 4295 bemus
340 4233 440 4294 cives.
454 4233 489 4295 Si
504 4236 614 4295 autem
629 4235 720 4306 mali,
738 4236 902 4297 suscitant
916 4237 1011 4298 nobis

213 4331 404 4401 seditiones,
428 4331 505 4408 quia
517 4330 580 4408 ipsi
596 4335 673 4393 sunt
688 4332 812 4394 ultores
824 4334 895 4394 Dei.
918 4335 1010 4397 Unde

212 4429 316 4491 David
335 4446 342 4484 :
359 4430 405 4491 tlt
419 4433 561 4503 abactas
576 4431 716 4489 Domini
728 4445 1011 4504 persequentem

213 4526 282 4609 (Ps.
296 4530 346 4600 34,
368 4525 414 4605 6).
436 4526 528 4599 Quod
547 4526 632 4587 bene
651 4526 774 4588 tactum
800 4530 862 4600 est,
879 4529 1011 4605 quando

212 4627 351 4705 angelus
367 4625 531 4703 percussit
550 4624 585 4685 in
609 4640 675 4685 una
700 4625 797 4689 nocte
817 4625 860 4689 de
877 4627 1011 4704 Assyria

213 4727 344 4786 centum
357 4721 524 4798 octoginta
539 4722 685 4800 quinque
700 4722 817 4785 millia.

251 4820 480 4883 Achristianis
488 4820 633 4897 patimur
643 4820 864 4899 deceptiones
879 4822 1011 4900 quando

211 4935 273 4981 nos
305 4917 476 4996 decipiunt
502 4918 676 4980 invitando
715 4919 757 4980 ad
793 4920 1008 4997 peccandum.

213 5016 307 5081 Unde
332 5013 559 5076 benedicitur
579 5015 718 5093 mystice
743 5017 780 5079 in
802 5018 1009 5093 Evangelio:

212 5111 337 5178 Tradet
361 5113 479 5173 autem
500 5114 615 5186 frater
641 5114 793 5187 fratrem
822 5118 859 5176 ta
884 5116 1007 5188 morte,

209 5214 312 5288 pater
340 5212 450 5284 fitium
473 5208 604 5288 (Mattb.
628 5227 662 5284 x,
686 5209 753 5290 21).
779 5213 912 5274 Fratres
933 5215 1011 5274 sunt

211 5325 325 5372 omnes
358 5307 533 5369 christiani
562 5309 648 5369 inter
679 5324 726 5369 se.
754 5311 931 5372 Peccatum
960 5311 1011 5373 est

211 5423 300 5468 mors
314 5405 446 5477 animae,
470 5406 559 5482 quia,
574 5405 659 5467 sicut
681 5421 772 5469 mors
786 5411 920 5484 separat
932 5408 1009 5468 ani-

209 5519 299 5569 mam
323 5518 342 5562 a
375 5517 487 5575 earne,
515 5504 564 5564 ita
585 5506 756 5579 peccatum
780 5505 914 5582 separat
931 5506 1009 5568 ani·

1062 1405 1229 1468 hattonem
1244 1406 1417 1477 bonorum,
1441 1407 1473 1468 et
1485 1406 1527 1468 ad
1542 1407 1768 1469 ostensionem
1782 1406 1871 1468 divi·

1064 1520 1182 1565 norum
1192 1504 1396 1580 judiciorum
1416 1521 1424 1567 :
1440 1504 1482 1566 ad
1495 1504 1736 1567 correctionem
1752 1504 1868 1566 malo-

1063 1617 1148 1674 rum,
1166 1602 1243 1680 quia
1267 1602 1404 1679 dignum
1418 1602 1520 1664 estut
1539 1602 1688 1679 perversi
1712 1601 1869 1663 homines

1064 1699 1120 1777 qui
1132 1698 1363 1761 indifferenter
1375 1699 1515 1777 peccant
1528 1698 1564 1761 in
1578 1699 1731 1763 omnibus
1740 1714 1869 1776 pecca-

1064 1795 1123 1868 us,
1161 1797 1310 1873 graviter
1345 1797 1542 1876 puniantur,
1582 1796 1661 1875 quia
1697 1797 1870 1859 modicum

1064 1895 1183 1959 curant
1209 1893 1250 1958 de
1277 1894 1474 1957 commissis.
1505 1894 1600 1957 Unde
1630 1895 1867 1971 Augustinus:

1064 1992 1238 2054 «Peccata
1253 1991 1404 2070 quamvis
1418 2007 1538 2069 magna
1555 1993 1589 2053 et
1604 1990 1770 2055 horrenda
1785 1992 1868 2063 sint,

1064 2106 1139 2151 cum
1155 2090 1478 2154 inconsuetudinem
1501 2091 1665 2163 uenerint,
1688 2092 1747 2153 aut
1760 2107 1870 2168 parua

1065 2188 1123 2249 aut
1145 2188 1238 2250 nulla
1258 2189 1486 2251 creduntur».
1512 2189 1571 2251 Isti
1599 2188 1686 2250 tales
1713 2189 1770 2265 qui
1797 2205 1869 2253 non

1064 2285 1292 2355 emendantur,
1309 2286 1386 2348 dum
1397 2287 1566 2349 Deusillos
1578 2286 1732 2363 expectat
1746 2287 1789 2349 ad
1799 2303 1871 2364 pue·

1065 2383 1250 2457 nitentium,
1276 2384 1486 2460 corrigantur
1507 2400 1567 2461 per
1591 2384 1734 2446 aliorum
1761 2384 1868 2445 mali-

1063 2481 1599 2559 tiam‚utmaliqui-vident1nalos
1614 2482 1868 2559 pertranseam
1932 2541 1938 2550 .

1064 2579 1204 2641 timeant
1215 2579 1256 2640 de
1270 2580 1387 2641 morte.

1105 2678 1253 2751 Quatuor
1268 2680 1344 2739 sunt
1356 2692 1428 2756 quae
1439 2676 1775 2755 adjuvanthominem
1789 2679 1869 2756 post

1065 2774 1214 2847 mortem,
1231 2774 1329 2846 idest,
1346 2774 1531 2836 oblationes
1547 2776 1768 2847 sacerdotum,
1793 2791 1870 2838 ora·

1065 2872 1171 2934 tiones
1198 2873 1378 2950 Justorum,
1410 2872 1630 2950 eleemosynae
1670 2872 1867 2943 charorum,

1060 2969 1191 3048 jeJ'unia
1205 2970 1400 3033 amicorum.
1415 2972 1484 3031 Nec
1498 2971 1563 3033 ista
1577 2971 1689 3032 umen
1703 2971 1869 3049 adjuvant

1065 3069 1139 3145 post
1158 3068 1298 3131 mortem
1313 3083 1381 3141 eos,
1398 3069 1537 3145 quinon
1556 3067 1591 3133 in
1611 3068 1676 3132 bac
1696 3069 1767 3131 vita
1780 3085 1868 3146 pro-

1065 3167 1268 3229 meruerunt.
1285 3165 1460 3228 Orationes
1474 3182 1534 3243 pro
1553 3165 1651 3227 valde
1672 3166 1769 3228 bonis
1786 3183 1869 3243 gra-

1064 3263 1185 3325 tiarum
1196 3263 1346 3325 artiones
1357 3264 1445 3336 sunt,
1457 3280 1517 3340 pro
1532 3263 1628 3326 valde
1640 3264 1738 3327 malis
1750 3280 1871 3327 conse-

1065 3359 1207 3422 lationes
1229 3361 1433 3436 viventium,
1462 3378 1521 3438 pru
1543 3377 1610 3423 nou
1639 3362 1738 3425 valde
1767 3362 1867 3424 bonis

1066 3458 1319 3536 propitiationes
1340 3460 1430 3528 sunt,
1457 3475 1518 3537 pro
1547 3475 1615 3522 non
1641 3460 1737 3523 ualde
1765 3460 1868 3521 malis

1066 3556 1107 3617 ad
1131 3556 1194 3617 boc
1209 3557 1398 3634 proliciunt,
1430 3558 1466 3620 ut
1489 3556 1695 3621 tolerabilior
1716 3557 1776 3619 tlat
1796 3557 1868 3619 ista

1066 3653 1245 3716 damnatio.
1271 3654 1366 3717 Unde
1392 3654 1548 3716 Salomon
1565 3675 1572 3714 ε
1588 3654 1776 3718 Pestitcnte
1799 3655 1872 3726 tta-

1065 3752 1186 3828 acttato
1198 3754 1391 3827 saptaattor
1402 3753 1472 3814 erit
1479 3758 1650 3827 paremus
1661 3751 1775 3830 (Prot.
1791 3768 1866 3825 nx,

1065 3847 1130 3926 25).
1145 3834 1322 3920 Paruulus
1334 3848 1430 3920 idest,
1440 3848 1603 3925 insipiens
1612 3848 1675 3910 erit
1682 3849 1869 3926 sapientior

1067 3944 1223 4007 mulctato
1238 3945 1372 4007 bomine
1386 3946 1572 4022 pestilente,
1590 3946 1668 4023 quia
1686 3961 1762 4007 cum
1776 3945 1869 4009 videt

1066 4043 1232 4104 bominem
1246 4042 1367 4120 perire,
1394 4043 1488 4105 timet
1501 4044 1574 4121 ipse
1595 4042 1635 4104 de
1655 4045 1763 4106 morte
1791 4059 1865 4106 sua.

1067 4140 1150 4211 Quia
1162 4140 1249 4201 sicut
1259 4139 1340 4201 dicit
1349 4140 1453 4201 David
1471 4162 1478 4199 ι
1493 4143 1557 4207 Qut
1571 4142 1730 4214 aequiter
1744 4140 1866 4216 apum,

1066 4236 1406 4309 eatermtaabuutar,
1451 4239 1510 4310 aad
1553 4250 1638 4298 uero
1680 4237 1868 4310 expectant

1065 4337 1187 4413 Deam,
1203 4337 1271 4406 ipsi
1285 4334 1487 4395 hereditate
1494 4334 1717 4407 possidebunt
1730 4335 1868 4396 terram

1064 4428 1136 4508 (Ps.
1151 4433 1207 4504 36,
1223 4428 1269 4510 9).

1105 4528 1154 4591 Ad
1176 4528 1406 4606 probationem
1424 4527 1597 4601 bonorum,
1615 4527 1694 4606 quia
1714 4528 1868 4591 homines

1066 4626 1216 4688 videntes
1226 4625 1332 4688 Belial
1344 4626 1496 4688 homines
1504 4627 1653 4700 interire,
1669 4624 1866 4703 probantur,

1067 4723 1152 4786 idest
1165 4724 1350 4797 firmantur,
1372 4725 1408 4786 ut
1434 4723 1575 4801 diligant
1588 4724 1690 4785 aliam
1704 4724 1810 4787 vitam
1830 4724 1868 4786 in

1066 4823 1134 4883 toto
1147 4821 1257 4885 corde.
1280 4823 1321 4884 Et
1341 4822 1427 4893 ideo,
1444 4822 1531 4886 deut
1549 4821 1630 4885 dicit
1650 4820 1769 4885 beatus
1784 4825 1870 4885 Gre-

1066 4919 1204 4996 gorius:
1231 4921 1335 4981 ‹Non
1354 4919 1405 4981 est
1426 4919 1609 4981 mirandum
1634 4919 1721 4997 quod
1735 4919 1870 4983 accidat

1066 5018 1103 5079 ut
1116 5017 1268 5079 homines
1296 5017 1492 5090 moriantur,
1520 5017 1549 5081 si
1568 5017 1741 5081 mmendo
1761 5018 1868 5096 aliqui

1066 5115 1313 5192 corrigantur».
1330 5117 1377 5176 De
1392 5114 1455 5177 bac
1480 5114 1688 5179 correctione
1711 5115 1870 5183 admonet

1065 5212 1349 5275 ieremiasdicens
1362 5234 1369 5272 ι
1381 5214 1554 5275 Catttrttio
1567 5214 1869 5288 supercommu-

1064 5325 1145 5371 aem
1159 5311 1341 5372 uocataest
1361 5310 1497 5388 (ierem.
1512 5325 1559 5383 iv,
1575 5310 1640 5391 ab).
1655 5310 1756 5383 Quasi
1769 5310 1868 5373 diue-

1065 5409 1116 5470 ret
1129 5428 1137 5468 :
1152 5410 1236 5470 Ecce
1248 5408 1345 5470 venit·
1353 5407 1526 5470 tribulatio
1541 5409 1577 5471 ut
1589 5409 1741 5470 homines
1756 5411 1870 5472 conte-
1961 5490 1962 5495 ἵ

1065 5506 1192 5578 rantur,
1207 5505 1265 5569 sed
1279 5505 1399 5567 iterum
1413 5505 1625 5584 superveniet
1639 5504 1707 5568 alia
1717 5506 1755 5566 ut
1766 5506 1868 5573 citius
