3968 6204
163 350 204 412 21
455 347 497 406 11.
513 344 610 407 -IN
625 343 951 431 Pdalrlclrloltu
971 341 1127 433 ‘BeaTAE
1148 340 1300 402 MARIAE
1320 341 1521 403 VIRGINIS.
1772 339 1815 400 22

164 507 280 572 credas
307 504 371 568 tibi
396 521 474 567 eum
496 520 570 567 esse
593 504 801 583 praesentem.
826 502 965 565 Dilectio

163 603 308 684 proximi
329 604 366 665 in
388 603 518 664 duobus
542 602 709 677 consistit3
726 602 763 663 ut
777 601 888 662 omnia
909 600 964 662 sa-

163 704 291 765 ciamus
304 701 355 762 illi
371 718 445 778 quae
458 701 610 762 volumus
624 700 660 761 ut
672 700 729 760 ille
742 699 842 761 iaciat
856 698 963 771 nobis,

163 802 194 862 et
208 800 296 860 nihil
310 798 392 859 mali
411 797 575 860 iaciamus
590 797 653 868 illi,
668 797 754 875 quod
769 797 810 857 ab
826 796 883 857 illo
899 813 963 857 no-

164 899 273 957 lumus
296 897 378 973 pati.
408 896 503 957 Unde
523 896 681 956 Dominus
704 896 738 955 in
758 894 963 969 Evangelio:

165 996 289 1057 mairia
301 1008 525 1067 graecamque
546 994 649 1053 cautis
669 992 708 1052 ut
725 996 818 1053 eoois
835 993 966 1066 fuciunt

163 1096 333 1162 homines,
350 1093 385 1152 et
399 1105 460 1151 uos
473 1092 578 1165 facite
597 1093 662 1151 iltis
678 1087 807 1167 (Matth.
826 1106 883 1161 vu,
899 1088 962 1168 12).

202 1191 288 1250 ltem
303 1211 311 1248 z
328 1187 450 1248 Mulier
464 1203 538 1264 quae
557 1188 709 1264 suscepto
732 1187 858 1248 semine
878 1188 966 1264 parit

163 1284 363 1358 masculum,
380 1284 478 1346 debet
499 1300 536 1345 se
557 1283 724 1345 abstinere
745 1285 964 1362 quadraginta

163 1383 280 1444 diebus
296 1382 338 1444 ab
354 1382 509 1459 ingressu
521 1382 646 1458 templi.
659 1383 884 1459 Quadraginta
895 1384 964 1444 dies

163 1480 357 1556 significant
373 1496 471 1541 omne
485 1483 613 1557 tempus
628 1479 705 1541 vitae
721 1483 804 1558 ejus,
821 1496 885 1557 quo
901 1479 966 1540 dil-

163 1577 270 1638 fertur
289 1594 312 1639 a
333 1593 437 1654 regno
452 1578 533 1653 Dei3
550 1579 583 1639 et
596 1578 631 1637 in
648 1577 715 1638 illis
730 1577 846 1639 diebus
871 1578 967 1640 debet

164 1673 302 1751 purgari
326 1688 346 1734 a
371 1674 536 1750 profluvio
562 1673 751 1750 sanguinis
780 1673 876 1746 idest,
907 1690 967 1751 per

166 1770 396 1846 paenitentiam
422 1771 456 1832 et
481 1771 713 1833 contritionem
737 1772 847 1832 cerdis
871 1771 967 1834 debet

165 1868 322 1928 mundari
334 1868 376 1928 ab
389 1868 544 1929 omnibus
558 1868 648 1929 vitiis
663 1870 695 1929 et
707 1870 863 1945 peccatis.
882 1872 967 1930 San-

165 1964 241 2040 guis
266 1966 358 2025 enim
389 1965 556 2040 significat
582 1966 769 2042 peccatum,
797 1968 883 2028 siout
907 1984 966 2043 per

165 2062 374 2123 Ezechielem
396 2062 543 2123 dicitur:
568 2064 690 2124 Sinon
715 2065 965 2125 annuntiaveris

165 2159 282 2235 iniquo
304 2159 517 2235 iniquitatem
540 2176 643 2232 suam,
665 2161 860 2236 sanguinem
881 2164 963 2238 ejus

165 2256 267 2327 idest,
300 2258 492 2333 peccatum,
520 2257 560 2317 de
590 2273 691 2317 manu
713 2259 772 2319 tua
797 2260 965 2335 requiram

167 2351 300 2432 (Erech.
325 2370 377 2425 111,
405 2353 469 2432 18).
485 2354 524 2415 Et
542 2354 646 2414 David
671 2376 678 2414 ε
703 2359 828 2417 Libere
848 2372 903 2416 rue
924 2360 965 2417 dc

165 2454 394 2527 sanguinibus
434 2456 545 2523 Deua,
585 2456 679 2514 Deos
717 2455 838 2515 0010110
878 2469 966 2514 inere

166 2546 237 2627 (Ps.
253 2550 305 2620 50,
321 2549 386 2629 16).
398 2552 445 2610 De
458 2548 676 2624 sanguinibus
691 2550 786 2621 idest,
799 2551 839 2611 de
852 2567 966 2627 pecca-

163 2646 207 2707 tis
226 2646 337 2707 libera
358 2664 411 2708 me
424 2651 523 2720 Deus,
538 2649 634 2709 dator
647 2647 700 2710 vel
715 2649 831 2709 auctor
848 2649 964 2710 salutis

163 2760 260 2805 nreae.
277 2747 370 2816 Quod
383 2747 493 2806 autem
509 2746 794 2824 quadragenarius
807 2763 964 2807 numerus

165 2847 367 2919 praesentem
394 2843 497 2903 vitam
525 2845 690 2921 designet,
721 2845 800 2905 hinc
828 2847 966 2921 apparet

165 2939 243 3016 quia
266 2939 356 3000 idem
376 2956 534 3001 numerus
555 2942 685 3004 constat
699 2958 742 3003 ex
757 2943 918 3020 quaterno
933 2944 966 3004 et

163 3035 314 3097 denario.
342 3040 407 3098 Per
421 3040 618 3114 quaternum
634 3039 867 3114 intelliguntur
881 3055 966 3116 qua-

163 3135 439 3210 tuorEvangelia‚
450 3135 663 3212 quibustotus
673 3137 813 3197 mundus
824 3138 963 3213 rigatur.

164 3233 228 3291 Per
241 3231 419 3293 denarium
434 3233 664 3309 significantur
679 3235 791 3296 decem
806 3235 964 3295 mandata

164 3328 267 3405 legis,
296 3346 370 3407 quae
399 3330 476 3391 data
503 3331 581 3392 sunt
612 3332 732 3409 populo
761 3333 963 3394 ludaeorum.

165 3428 316 3498 Quatuor
333 3429 421 3487 enim
442 3430 519 3489 sunt
536 3429 686 3507 tempora
708 3430 798 3501 anni,
816 3446 875 3507 per
892 3447 965 3507 quae

164 3524 275 3586 omnis
303 3525 408 3585 status
433 3525 533 3603 hujus
558 3527 636 3588 vitae
660 3527 806 3589 volvitur
833 3527 866 3589 et
891 3544 967 3588 mu-

163 3623 265 3693 tatur,
276 3621 363 3683 idest
375 3624 784 3695 VenAEstasAutumnus
796 3625 828 3687 et
838 3626 962 3685 Hiems.

164 3721 239 3796 lpse
262 3735 392 3797 quoque
407 3720 565 3781 denarius
580 3738 600 3782 a
615 3723 829 3798 quaternario
848 3723 964 3783 nasci-

163 3820 229 3888 tur,
260 3818 294 3879 et
329 3817 363 3878 in
399 3818 613 3895 quaternario
650 3819 848 3880 continetur.
880 3821 965 3880 Nam

165 3930 268 3975 unum
293 3916 328 3976 et
349 3914 416 3976 duo
439 3916 508 3976 tres
531 3916 668 3989 faciunt,
686 3918 719 3978 et
734 3919 803 3978 tres
822 3917 901 3978 item
914 3917 966 3979 ta-

165 4013 257 4075 ciunt
272 4028 343 4085 sex,
359 4014 393 4075 et
405 4017 548 4091 quatuor
565 4014 692 4077 faciunt
707 4015 832 4076 decem.
849 4018 965 4077 Decies

165 4114 276 4172 autem
301 4112 460 4187 quatuor,
476 4112 529 4172 vel
551 4112 799 4188 quaterdecies
821 4113 966 4189 quadra-

165 4208 258 4283 ginta
278 4208 419 4270 saciunt.
443 4210 483 4270 ut
505 4209 579 4271 ideo
604 4225 664 4287 per
685 4209 773 4271 hunc
791 4227 965 4270 numerum

165 4320 315 4383 praesens
339 4306 408 4368 vita
436 4306 654 4382 significatur.
690 4308 776 4368 Hinc
802 4308 853 4369 est
879 4309 964 4384 quod

166 4403 226 4463 tilii
239 4404 346 4464 Israel
358 4404 578 4481 quadraginta
591 4422 696 4466 annos
711 4405 966 4468 ambulaverunt

166 4516 225 4576 per
234 4502 414 4562 desertum.
431 4505 496 4562 Per
508 4503 728 4579 quadraginta
744 4520 851 4564 annos
866 4504 966 4564 intel-

166 4597 283 4672 ligitur
298 4599 375 4659 vitae
390 4600 564 4675 praesentis
580 4600 696 4672 status,
714 4617 777 4677 quo
798 4600 890 4663 linito
903 4602 964 4661 filii

166 4696 283 4767 lsrael,
299 4695 385 4757 idest
405 4696 472 4757 viri
495 4701 598 4758 Deum
622 4697 772 4759 videntes
793 4698 967 4760 intrabunt

165 4793 290 4853 terram
306 4794 550 4870 promissionis
566 4796 629 4856 hoc
644 4796 695 4857 est
708 4797 833 4856 terram
848 4796 967 4857 000100-

166 4890 208 4952 tis
228 4891 338 4967 regni.
362 4892 448 4953 Hinc
463 4892 515 4953 est
529 4893 643 4970 utique
665 4894 750 4971 quod
774 4897 877 4955 Jonas
892 4894 963 4955 ait:

165 4991 282 5050 Adbuc
292 4991 528 5067 quadruplata
542 4994 617 5053 dier
633 4992 667 5053 et
680 4993 809 5054 Ninive
822 4995 967 5053 subver-

168 5086 260 5148 tetur
275 5084 308 5165 (J
314 5104 369 5148 on.
385 5103 437 5156 111,
454 5086 498 5165 4).

206 5185 298 5256 Quod
326 5189 407 5246 tunc
433 5185 556 5261 legitur
583 5186 804 5247 historialiter
829 5185 963 5258 sactum,

1020 501 1105 563 idest
1126 501 1315 563 destruetur
1337 501 1479 561 mundus
1499 498 1573 562 iste.
1600 502 1637 560 In
1660 498 1714 560 hls
1735 513 1815 574 ergo

1021 600 1239 676 quadraginta
1262 598 1389 671 diebus,
1412 599 1522 660 anima
1544 614 1611 659 000
1630 596 1816 673 ingreditur

1019 697 1270 759 tabernaculum
1297 699 1430 759 aeternae
1455 695 1684 767 beatitudinis,
1710 696 1816 755 donec

1019 795 1222 873 impleantur
1236 796 1306 855 dies
1319 796 1536 871 purgationis,
1551 794 1637 854 idest
1651 793 1755 853 donec
1770 791 1815 850 fi-

1020 895 1132 955 niatur
1151 894 1292 953 mundus
1313 893 1386 954 iste.
1416 895 1509 954 Sicut
1533 908 1593 968 per
1618 891 1815 967 sauguinem

1020 993 1201 1069 peccatum,
1227 992 1275 1052 sic
1294 1006 1353 1067 per
1376 992 1605 1067 purgationem
1621 987 1814 1065 poenitentia

1020 1088 1226 1164 intelligitur.
1244 1089 1320 1148 Dies
1334 1104 1413 1163 ergo
1428 1088 1633 1163 purgationis
1648 1086 1725 1146 sunt
1744 1084 1816 1143 dies

1020 1185 1120 1262 hujus
1143 1185 1232 1256 vitae,
1249 1184 1417 1260 inquibus
1439 1184 1551 1243 anima
1568 1183 1637 1242 sive
1652 1197 1712 1257 per
1732 1180 1815 1255 bap-

1020 1282 1153 1342 tismum
1164 1283 1234 1343 sive
1245 1299 1305 1359 per
1316 1282 1543 1359 poenitentiam
1554 1282 1612 1342 aut
1622 1279 1698 1339 aliis
1708 1277 1816 1338 modis

1020 1397 1056 1440 se
1071 1396 1089 1440 a
1106 1381 1269 1456 sanguine
1281 1380 1372 1459 ‚idest
1391 1396 1411 1440 a
1433 1381 1567 1455 peccato
1582 1378 1711 1455 purgat.
1736 1375 1817 1446 Qui·
1886 1412 1891 1419 „

1019 1477 1081 1538 bus
1103 1477 1287 1554 completis,
1312 1478 1398 1538 sicut
1418 1476 1520 1539 Beata
1541 1476 1648 1536 Maria
1668 1473 1760 1535 venit
1775 1471 1817 1532 ad

1019 1576 1178 1652 templum
1207 1591 1281 1636 cum
1307 1575 1391 1647 tilio,
1421 1575 1468 1635 sio
1496 1576 1529 1635 et
1556 1572 1663 1633 fidelis
1690 1571 1814 1641 anima,

1021 1673 1113 1735 linita
1128 1673 1284 1750 praesenti
1299 1674 1366 1735 vita
1380 1674 1414 1733 in
1424 1673 1582 1749 templum
1595 1670 1729 1731 aeternae
1742 1667 1818 1728 bea-

1020 1772 1171 1833 titudinis
1190 1789 1265 1832 cum
1285 1772 1364 1843 filio,
1388 1771 1483 1842 idest,
1510 1784 1609 1844 opere
1623 1767 1709 1828 bono
1724 1780 1816 1840 prae-

1021 1869 1216 1930 sentabitur.
1228 1870 1320 1930 Unde
1331 1870 1366 1929 in
1376 1870 1462 1943 Lege
1473 1865 1630 1944 praecepit
1640 1863 1814 1925 Dominus:

1019 1970 1099 2029 Non
1121 1970 1303 2041 apparebis
1326 1972 1363 2028 in
1388 1966 1569 2040 conspectu
1591 1978 1668 2024 oreo
1688 1974 1818 2022 000000

1022 2062 1138 2141 (Enod.
1164 2081 1279 2135 xxmv,
1297 2064 1362 2144 20),
1379 2065 1474 2136 idest,
1492 2080 1558 2124 non
1573 2061 1641 2122 eris
1656 2073 1781 2121 vacuus
1797 2072 1816 2116 a

1020 2160 1105 2221 bono
1131 2177 1230 2237 opere
1259 2163 1344 2222 sicut
1374 2177 1433 2236 per
1459 2160 1642 2220 masculum
1663 2157 1818 2217 rationa-

1020 2258 1120 2318 bilem
1146 2274 1280 2319 seusum
1304 2259 1496 2334 accipimus,
1513 2257 1559 2317 ita
1575 2271 1634 2332 per
1647 2252 1817 2314 foeminam

1020 2356 1171 2417 carnales
1187 2356 1324 2416 affectus
1338 2355 1524 2428 intelligere
1546 2352 1713 2413 debemus.
1725 2352 1818 2410 Tunc

1019 2453 1387 2528 ergomuliersuscepto
1398 2453 1524 2512 semine
1535 2448 1814 2527 paritsoeminam,

1020 2551 1150 2628 quando
1172 2550 1283 2612 anima
1308 2550 1439 2626 recepto
1454 2548 1556 2609 verbo
1571 2542 1817 2624 praedicationis

1019 2648 1172 2709 carnales
1185 2648 1221 2707 in
1235 2664 1271 2708 se
1286 2647 1391 2708 nutrit
1406 2646 1556 2706 affectus.

1058 2745 1178 2807 Anima
1194 2745 1281 2806 enim
1296 2745 1435 2805 audiens
1449 2743 1587 2803 verbum
1604 2740 1665 2802 Dei
1683 2739 1712 2801 si
1731 2738 1817 2798 mol-

1019 2844 1096 2904 liter
1121 2844 1239 2906 vivens
1264 2842 1300 2902 in
1325 2841 1550 2917 voluptatibus
1575 2839 1678 2899 vitam
1711 2835 1813 2906 ducit,

1020 2941 1142 3017 epulis,
1165 2939 1380 3002 ebrietatibus
1407 2939 1440 2999 et
1464 2936 1679 3015 impudicitiis
1706 2933 1819 2994 delec-

1018 3042 1118 3111 tatur,
1141 3056 1209 3101 non
1232 3038 1415 3099 masculum
1440 3036 1497 3097 sed
1523 3035 1693 3096 foeminam
1714 3030 1814 3109 parit,

1020 3138 1105 3215 quod
1130 3136 1283 3198 carnales
1305 3135 1443 3196 affectus
1464 3148 1605 3210 sequens
1628 3147 1694 3192 non
1718 3127 1818 3189 tortia

1020 3235 1107 3296 tacta
1120 3234 1268 3310 spiritus,
1286 3234 1343 3294 sed
1359 3233 1470 3293 carnis
1486 3230 1659 3292 mollitiem
1675 3242 1816 3289 consec-

1019 3334 1119 3393 tatur.
1138 3333 1213 3393 Istae
1233 3331 1310 3392 sunt
1336 3330 1480 3391 soeminae
1500 3345 1582 3406 quas
1604 3327 1736 3388 Pharao
1758 3340 1819 3384 rex

1019 3431 1157 3506 AEgppti
1170 3429 1384 3506 praecipiebat
1397 3428 1578 3490 reservari.
1590 3426 1679 3486 Talis
1693 3423 1816 3494 anima,

1020 3529 1083 3589 etsi
1108 3528 1261 3603 suscepto
1286 3526 1412 3587 semine
1441 3523 1684 3587 exhortationis
1708 3520 1821 3597 pariat

1020 3625 1206 3686 masculum
1221 3623 1380 3701 praefocat
1391 3625 1502 3685 tamen
1516 3623 1647 3683 Pharao
1663 3619 1818 3680 rationa-

1020 3724 1119 3783 bilem
1147 3739 1292 3793 sensum,
1309 3722 1342 3782 et
1361 3721 1513 3782 carnales
1537 3719 1676 3780 affectus
1700 3713 1816 3784 nutrit,

1020 3821 1107 3897 quod
1134 3836 1232 3897 quum
1267 3818 1476 3893 cognovisset
1493 3820 1612 3885 Deum,
1629 3829 1695 3874 000
1729 3811 1815 3872 sicut

1020 3922 1123 3979 Deum
1153 3915 1336 3991 glorificat3
1369 3914 1544 3989 propterea
1573 3909 1710 3972 tradidit
1742 3923 1816 3968 eam

1019 4013 1153 4075 Deusin
1163 4012 1336 4089 passiones
1348 4004 1818 4086 ignominiae.Undeadmonet

1020 4113 1107 4172 idem
1138 4109 1315 4187 Apostolus
1345 4108 1458 4169 dicens
1487 4128 1493 4167 :
1521 4110 1559 4168 st
1586 4119 1703 4175 caree,
1733 4102 1820 4163 idest

1020 4208 1211 4280 carnaliter,
1232 4207 1408 4277 viceritis
1423 4206 1633 4267 moricrniot.
1649 4206 1687 4263 ‚st
1701 4201 1819 4262 autem

1019 4308 1146 4381 spiritu
1171 4306 1265 4381 fucta
1287 4308 1406 4365 curtata
1429 4301 1737 4375 mortificaveritis,
1759 4301 1816 4358 ct-

1019 4406 1108 4466 vrtis
1123 4401 1184 4483 (Ad
1199 4406 1293 4464 Rom.
1307 4418 1381 4473 vui,
1400 4400 1464 4481 13).

1060 4502 1180 4563 Mulier
1200 4516 1279 4576 ergo
1301 4515 1374 4576 quae
1397 4499 1485 4575 parit
1504 4497 1685 4561 foeminam,
1705 4492 1817 4569 signi--

1021 4598 1098 4661 fleat
1120 4599 1212 4660 illam
1234 4598 1379 4658 animam
1403 4613 1476 4673 quae
1491 4595 1572 4656 tacit
1590 4609 1672 4670 opus
1690 4591 1819 4665 imper-

1020 4694 1152 4757 fectum.
1170 4698 1258 4771 Opus
1275 4692 1504 4770 imperfectum
1519 4692 1570 4752 est
1586 4688 1743 4750 mandata
1757 4684 1819 4745 Dei

1020 4810 1087 4855 non
1101 4794 1290 4863 observare,
1309 4790 1419 4851 cibum
1434 4789 1487 4850 vel
1503 4790 1615 4864 potum
1630 4786 1818 4863 plusquam

1020 4906 1157 4952 necesse
1180 4891 1232 4950 est
1256 4888 1418 4964 accipere,
1435 4886 1509 4963 plus
1524 4884 1616 4962 loqui
1631 4885 1689 4946 aut
1706 4884 1819 4945 tacere

1020 5005 1119 5067 quam
1141 4985 1305 5063 expediat,
1329 4999 1530 5061 exasperare
1556 4998 1736 5060 pauperem
1755 4982 1821 5042 im-

1020 5086 1161 5163 portune
1187 5084 1375 5161 petentem
1403 5082 1445 5143 ad
1477 5081 1661 5142 Ecclesiam
1690 5079 1818 5142 tardius

1021 5199 1170 5259 surgere,
1187 5183 1325 5258 excepto
1340 5180 1485 5242 illiorum
1500 5178 1666 5241 desiderio
1680 5190 1818 5237 uxorem

166 5282 356 5359 implebitur
375 5284 488 5345 tamen
513 5284 742 5359 spiritualiter.
762 5288 826 5345 Per
844 5284 965 5345 Ninive
1021 5298 1115 5343 suam
1140 5295 1358 5356 cognoscere3
1391 5279 1427 5339 in
1461 5293 1596 5339 carcere
1617 5274 1742 5352 positos
1764 5272 1818 5334 vel

166 5381 306 5442 mundus
329 5383 395 5443 iste
418 5381 636 5456 intelligitur,
662 5397 722 5459 per
745 5382 965 5458 quadraginta
1020 5380 1169 5440 infirmos
1204 5378 1331 5439 tardius
1357 5377 1510 5447 visitare,
1542 5372 1674 5436 incaute
1701 5373 1818 5446 jurare

166 5478 234 5539 dies
245 5481 354 5540 omnis
366 5479 474 5540 status
486 5479 963 5556 praesentisvitaedesignatur3
1021 5478 1105 5554 quod
1130 5493 1205 5537 cuni
1227 5492 1287 5552 per
1309 5475 1456 5551 aliquam
1481 5469 1711 5532 necessitatem
1736 5468 1817 5527 illud

166 5576 266 5639 linitis
280 5594 360 5655 ergo
376 5577 601 5655 quadraginta
622 5578 749 5649 diebus,
766 5579 854 5639 idest
872 5578 965 5640 finito
1022 5575 1159 5651 implere
1185 5590 1252 5635 non
1278 5588 1463 5650 possumus.
1488 5573 1535 5630 De
1557 5568 1619 5629 hac
1638 5566 1817 5644 imperfec-

166 5676 251 5738 statu
276 5675 456 5769 praesentis
484 5674 563 5736 vitae
595 5675 803 5739 subvertetur
832 5677 963 5747 Ninive,
1019 5674 1110 5735 tione
1126 5672 1207 5733 dicit
1221 5671 1398 5733 Psalmista
1416 5691 1423 5729 :
1439 5667 1687 5741 [namnetum
1702 5678 1817 5726 iterum
