3946 6196
769 350 1165 418 eenamcenam.
1227 326 1231 329 ”
1739 350 1798 410 iao

147 365 209 479 489ι

147 521 295 601 sigillum
312 518 586 597 suumapposuit.
598 515 709 579 Abbes
719 518 753 577 et
765 516 947 578 conventus
1002 512 1090 574 sicut
1101 527 1145 573 ex
1158 511 1252 589 parte
1266 508 1377 572 vestre
1390 506 1455 570 tuit
1468 507 1672 586 propositum
1687 523 1800 570 coram

147 620 256 683 sancti
272 616 445 697 Stephani,
462 617 607 678 decanus
631 614 664 676 et
678 614 858 690 capitulum
873 628 948 689 cap·
1002 609 1108 682 uobis,
1138 611 1171 670 et
1196 607 1231 669 in
1258 606 1407 684 ejusdem
1432 606 1651 668 absolutionis
1678 606 1799 669 litteris

146 720 255 798 pellae,
267 716 305 778 ut
319 717 383 778 hoc
398 717 507 777 retum
519 715 555 775 in
574 714 742 791 posterum
756 710 944 781 haberetur,
1001 707 1123 768 dicitur
1144 705 1318 767 contineri.
1347 707 1453 777 Quum
1479 704 1582 780 igitur
1603 703 1699 765 nobis
1718 720 1801 781 sup-

147 816 260 893 sigille
276 830 337 877 sua
360 813 514 874 similiter
526 811 683 889 praesenti
703 809 826 885 scripto
843 823 947 885 appo-
1000 803 1204 881 plicaveritis
1248 802 1419 864 humiliter
1470 803 1502 863 et
1541 801 1722 874 instanter,
1765 802 1801 863 ut

147 913 298 975 suerunt.
326 913 443 973 Actum
459 925 547 971 anno
561 910 679 985 gratiae
693 906 870 968 millesimo
885 905 947 965 du-

147 1010 331 1074 centesimo
367 1009 494 1070 decimo
525 1008 676 1084 septimo,
704 1020 817 1066 mense
845 1003 944 1064 maio.

147 1108 242 1170 Nulli
252 1122 345 1183 ergo,
357 1107 432 1178 etc,
448 1120 551 1181 usque
564 1125 572 1164 ε
584 1104 706 1165 nostrae
716 1096 945 1162 confirmatioss

147 1206 200 1266 uis
216 1203 411 1280 intringere,
428 1201 482 1264 vel
497 1200 540 1274 ei,
555 1204 617 1263 etc.
632 1215 736 1277 usque
747 1220 754 1259 :
767 1197 944 1260 contraire.

148 1303 185 1364 Si
210 1302 288 1379 quis
309 1300 431 1372 autem,
461 1299 536 1367 etc„
565 1314 669 1375 usque
690 1318 698 1357 r
722 1295 944 1357 incursurum.

147 1399 268 1461 Datum
285 1396 454 1458 Ferentini
468 1393 567 1458 tertio
582 1393 657 1455 idus
672 1392 816 1470 augusti,
830 1391 945 1469 ponti-

148 1495 267 1557 ficatus
282 1492 389 1555 nostri
402 1507 490 1554 anno
500 1489 658 1553 secundo.

502 1669 593 1758 XVI

142 1829 195 1888 Ad
207 1825 364 1887 abbatem
375 1824 411 1885 et
428 1822 633 1885 conventum
657 1820 769 1883 sonctt
796 1821 945 1896 Bentpnt

429 1921 660 1982 mertonensis.
741 1954 748 1969 .

410 2052 442 2109 lt
458 2058 572 2124 august.
595 2050 675 2108 itit.

357 2174 467 2240 [Regest.
481 2173 526 2225 lib.
540 2175 571 2232 11,
585 2172 659 2239 epist.
671 2171 740 2236 tab]

177 2293 335 2354 contrabat
353 2291 562 2349 absolutionem
578 2289 737 2347 innocentii
753 2290 804 2357 lli,
823 2302 909 2361 super

300 2379 450 2454 cuiusdam
466 2378 601 2437 monachi
616 2378 790 2450 receptione.

183 2509 364 2580 Honorius,
381 2507 457 2579 etc,
469 2505 578 2567 abbati
587 2505 620 2568 et
627 2504 805 2566 conventui
815 2518 945 2564 monas·

142 2607 223 2670 terii
244 2606 352 2668 sancti
385 2603 528 2680 Benigni
556 2603 730 2665 Divionen.
758 2602 940 2678 Lingouen.

143 2704 310 2775 dioecesis,
327 2703 481 2770 salutem,
497 2701 531 2764 et
552 2745 561 2761 .

184 2806 223 2863 in
246 2801 369 2863 litteris
390 2798 593 2861 venerabilis
616 2796 731 2859 fratris
757 2796 860 2860 nostri
866 2840 939 2857 ......

144 2899 295 2977 episcopi
313 2899 498 2973 Lingonen.
515 2895 746 2974 prospeximus
766 2895 940 2967 contineri,

144 2997 233 3074 quod
261 3012 361 3074 quum
397 2993 505 3056 felicis
533 2994 701 3055 memoriae
731 2993 942 3054 Innocentius

144 3110 242 3173 papa,
271 3093 499 3171 praedecessor
525 3093 649 3163 noster,
675 3090 753 3152 oliui
779 3089 843 3151 sibi
872 3090 942 3150 suis

144 3193 290 3254 dedisset
302 3190 421 3253 litteris
437 3189 471 3251 in
495 3189 670 3261 mandatis,
688 3190 724 3250 ut
747 3187 776 3248 si
804 3189 941 3249 consta-

144 3291 195 3352 ret
210 3289 317 3352 eidem
333 3288 483 3366 quaedam
499 3303 572 3365 quae
583 3286 699 3348 contra
709 3288 748 3349 U.
762 3287 803 3347 de
816 3287 939 3362 Dreig„

143 3390 224 3450 tunc
255 3383 455 3450 monachum
482 3387 640 3456 vestrum,
668 3384 837 3462 proposita
863 3382 940 3445 iue-

143 3486 212 3547 rint
229 3500 310 3547 vera
332 3498 417 3557 esse,
431 3483 539 3560 ipsum
560 3498 579 3543 a
602 3472 804 3544 monasterio
830 3483 940 3543 vestro

143 3583 275 3661 penitus
303 3580 484 3652 amoveret,
511 3583 579 3642 tam
606 3596 627 3641 a
655 3579 763 3656 capite
794 3593 892 3656 quam
921 3594 941 3639 a

144 3680 312 3752 membris,
329 3680 362 3741 et
376 3679 508 3742 curaret
521 3677 558 3739 in
572 3677 639 3739 alio
659 3675 807 3754 ejusdem
832 3676 942 3739 obser·

143 3779 268 3841 cantiae
283 3777 485 3840 monasterio
500 3775 659 3838 collocari
686 3796 694 3836 r
714 3775 784 3852 ipse
812 3773 940 3852 objecta

145 3876 253 3938 eidem
278 3891 339 3953 per
363 3872 527 3946 abbatem,
548 3874 693 3950 priorem
721 3875 754 3935 et
781 3872 940 3951 quosdam

144 3973 326 4037 monachos
350 3972 455 4050 ipsius
481 3971 546 4033 loci
575 3971 706 4048 juratos
734 3971 941 4047 comperiens

144 4086 217 4133 esse
231 4086 323 4143 vera,
336 4069 445 4147 ipsum
462 4068 587 4131 amovit
607 4084 627 4129 a
647 4067 784 4145 prelato
804 4084 941 4130 monas-

142 4170 227 4231 terio
242 4171 312 4229 tam
326 4184 346 4229 a
362 4168 470 4245 capite
482 4182 580 4245 quem
609 4182 628 4227 a
656 4166 825 4238 membris,
842 4167 940 4243 Juxta

1001 901 1104 978 quieti
1120 900 1314 962 monasterii
1333 900 1448 972 vestri,
1466 900 1519 960 cui
1545 914 1588 961 ex
1610 900 1801 977 receptione

1001 998 1092 1061 illius
1106 999 1177 1060 tum
1189 996 1434 1075 proptermulta
1447 996 1568 1068 debita,
1580 1013 1652 1074 quae
1662 998 1796 1061 incaute

1001 1097 1177 1169 contraxit,
1194 1096 1265 1158 tum
1288 1095 1423 1173 propter
1438 1110 1557 1156 causas
1581 1095 1666 1156 alias
1693 1111 1799 1171 grave

1001 1193 1209 1272 dispendium
1221 1192 1422 1263 immineret,
1437 1192 1612 1270 providere
1623 1208 1723 1271 saper
1735 1193 1800 1255 lioc

1001 1291 1261 1353 misericorditer
1301 1290 1537 1367 dignaremur3
1576 1304 1637 1351 nos
1678 1290 1799 1353 vestris

996 1389 1096 1467 justis
1140 1387 1294 1466 precibus
1340 1386 1514 1460 inclinati,
1558 1386 1799 1449 absolutionem

1000 1487 1105 1565 ipsius
1127 1485 1384 1565 praedecessoris
1405 1485 1512 1547 nostri
1534 1484 1640 1546 eidem
1665 1501 1802 1547 monas-

1000 1585 1083 1648 terio
1107 1584 1218 1646 vestro
1245 1582 1377 1655 factam,
1409 1583 1496 1645 sicut
1517 1582 1553 1643 in
1579 1585 1651 1661 eJus
1679 1583 1800 1646 litteris

999 1682 1197 1754 continetur,
1210 1680 1408 1743 auctoritate
1422 1680 1612 1757 Apostolica
1622 1680 1801 1743 confirma-

1000 1796 1084 1852 mus,
1101 1780 1134 1841 et
1148 1779 1304 1856 praesenti
1319 1778 1434 1855 scripti
1449 1778 1636 1855 patrocinio
1651 1795 1801 1841 commu-

1000 1877 1120 1938 nimus.
1141 1876 1234 1937 Nulli
1249 1892 1339 1952 ergo,
1356 1877 1431 1947 etc,
1448 1890 1556 1950 usqne
1570 1877 1693 1939 nostra
1712 1893 1798 1939 con-

1000 1975 1197 2037 firmationis
1225 1973 1419 2050 intringere,
1442 1973 1496 2035 rel
1525 1974 1567 2046 ei,
1590 1975 1667 2048 etc,
1690 1990 1797 2059 nsque

999 2074 1177 2135 contraire.
1190 2073 1225 2134 Si
1239 2073 1313 2148 quis
1328 2073 1450 2143 autem,
1467 2073 1543 2145 etc„
1555 2087 1663 2147 nsque
1678 2073 1797 2135 incur·

999 2187 1125 2233 surum.
1138 2171 1256 2233 Datum
1270 2169 1441 2230 Ferentini
1453 2169 1550 2232 tertio
1565 2169 1640 2231 idus
1650 2171 1795 2248 augusti,

999 2267 1209 2347 pontificatus
1228 2266 1333 2329 nostri
1349 2281 1437 2329 anno
1452 2265 1627 2347 secundo(
1648 2265 1673 2347 ).

1038 2466 1077 2526 lii
1115 2464 1268 2526 eumdem
1304 2464 1374 2526 sere
1406 2464 1539 2525 niodum
1575 2462 1734 2541 scriptum
1763 2464 1799 2525 ut

998 2577 1098 2639 supra
1123 2561 1309 2624 venerabili
1335 2560 1471 2624 fratri...
1498 2560 1665 2638 episcope,
1690 2562 1724 2622 et
1744 2561 1798 2621 di-

998 2659 1094 2721 lectis
1129 2658 1208 2720 liliis
1239 2657 1398 2735 magistro
1430 2661 1469 2720 U.
1500 2657 1540 2719 de
1567 2659 1736 2727 Bormont,
1767 2659 1800 2720 et

997 2757 1033 2817 Ο.
1048 2755 1089 2818 de
1101 2756 1287 2818 Mormeuto
1299 2753 1470 2816 canonicis
1491 2755 1673 2830 lingonen.
1690 2769 1798 2830 neeric

997 2852 1197 2914 continetur.
1214 2852 1357 2928 Ideoque
1383 2842 1577 2913 discretioni
1591 2851 1712 2913 vestrae
1737 2867 1797 2929 per

996 2949 1186 3027 Apostolica
1226 2948 1350 3025 scripta
1396 2948 1592 3010 mandamus
1632 2949 1796 3026 quatenus

996 3047 1234 3107 monasterium
1252 3045 1359 3123 ipsum
1384 3061 1450 3107 non
1479 3045 1677 3122 permittatis
1696 3062 1797 3125 super

997 3142 1186 3220 receptione
1201 3143 1308 3220 ipsius
1323 3143 1363 3204 de
1378 3144 1498 3205 caetero
1511 3142 1657 3219 fatigari,
1679 3143 1796 3205 moles·

995 3241 1120 3305 tatores
1134 3244 1207 3319 eJ'us
1219 3240 1383 3303 indebitos
1398 3256 1540 3303 censura
1555 3240 1794 3314 ecclesiastica,

996 3339 1125 3401 sublato
1167 3339 1399 3417 appellationis
1437 3338 1606 3401 obstaculo
1644 3356 1796 3417 compes-

996 3436 1312 3508 cendo,invocantes
1328 3437 1357 3497 si
1381 3452 1463 3514 opus
1492 3436 1593 3499 luerit
1621 3436 1795 3499 brachium

995 3532 1167 3594 saeculare.
1179 3533 1270 3604 Quod
1286 3532 1314 3593 si
1330 3548 1398 3594 non
1410 3549 1535 3606 omnes,
1548 3534 1676 3607 etc.,.tu
1693 3534 1796 3598 frater

996 3630 1159 3708 episcope,
1174 3631 1236 3692 etc.
1253 3629 1371 3693 Datum
1385 3632 1422 3692 ut
1441 3646 1554 3709 supra.

1339 3800 1452 3887 XVII

1007 3944 1060 4003 Ad
1072 3941 1279 4003 peccacatum
1293 3940 1498 4003 monasterti
1511 3942 1641 4003 eonctce
1653 3944 1781 4004 Martae

1263 4039 1532 4113 prnrttnenats.

1292 4160 1326 4218 lt
1338 4174 1406 4234 aug.
1419 4160 1498 4218 1217.

144 4265 284 4328 formam
296 4266 332 4326 in
345 4265 465 4327 litteris
479 4263 628 4341 ejusdem
640 4264 746 4326 nostri
760 4263 942 4340 praedeces·
995 4274 1320 4341 [emundandorum
1338 4281 1358 4326 t.
1370 4276 1390 4335 1,
1401 4291 1427 4340 p.
1447 4275 1501 4326 iot.
1518 4275 1557 4327 nx
1573 4274 1684 4327 annius
1708 4282 1791 4343 epesi.

144 4363 230 4426 soris
259 4375 464 4440 expressam,
494 4364 528 4423 et
556 4361 588 4423 ei
606 4361 685 4424 licet
711 4362 861 4439 recipere
879 4378 939 4424 re·
1229 4355 1361 4421 intinget.
1374 4355 1476 4420 epistol.
1489 4355 1559 4422 ³13]

144 4460 271 4533 nuenti,
288 4460 398 4521 locum
423 4459 460 4520 in
487 4458 554 4520 alio
578 4457 725 4535 ejusdem
759 4457 940 4521 observari·
994 4461 1223 4521 doatrovorsiem
1240 4461 1313 4519 iuter
1329 4468 1502 4519 conventum
1513 4463 1793 4521 monastertisencne

142 4556 200 4618 tiae
211 4555 416 4617 monasterio
430 4570 466 4616 se
487 4553 605 4616 obtulit
627 4555 854 4631 provisurum3
881 4572 941 4616 cu·
1030 4550 1127 4608 llariae
1140 4549 1355 4623 ‘tyborniensis
1365 4558 1394 4608 et
1404 4550 1559 4608 canonicos
1573 4551 1698 4608 basilicis
1712 4552 1789 4623 priu-

139 4656 196 4731 jus
222 4652 423 4713 amotionem
452 4651 540 4713 idem
575 4651 801 4728 praedecessor
827 4656 940 4714 noster
1030 4639 1101 4712 ⁰¹1³is
1127 4639 1329 4711 Al⁰⁸1⁰¹⁰l⁰¹¹¹
1355 4653 1440 4710 ⁸⁰9⁶?
1480 4639 1662 4711 9⁰⁸⁸⁰⁸⁸i⁰1¹⁰
1701 4639 1792 4713 ipsius

143 4749 351 4827 postmodum
365 4749 473 4811 ratam
483 4748 619 4821 babens,
633 4764 693 4810 vos
709 4764 808 4826 super
817 4765 939 4828 recep·
1030 4736 1196 4793 ffl⁰¹¹fl⁸10fii
1210 4735 1358 4808 vigentem
1373 4734 1488 4793 dirtmti.

142 4847 232 4909 tione
247 4845 354 4923 ipsius
368 4845 410 4907 ab
425 4845 572 4924 ejusdem
597 4846 758 4923 petitione
786 4847 937 4920 absolvit,
1033 4854 1200 4915 Honorius
1240 4853 1427 4929 episcopus,
1463 4867 1580 4914 servus
1618 4869 1791 4917 servorum

179 4976 220 5051 (i)
240 4977 314 5046 Quid
325 4979 365 5035 eit
375 4977 514 5037 absolutio
528 4993 563 5035 su
602 4993 615 5033 r
634 4978 797 5105 receptione
820 4994 855 5036 ex
877 4980 939 5053 ipso
994 4985 1087 5042 donec
1099 4999 1186 5057 super
1201 4984 1364 5056 receptione
1373 4997 1430 5040 nou
1446 4982 1610 5041 absolvitur.
1628 4987 1689 5044 liac
1705 4986 1788 5045 abso·

144 5056 387 5132 contextupntest
405 5048 534 5122 intelligi.
578 5055 623 5132 eat
648 5050 854 5121 procationem
879 5052 941 5108 reli·
994 5057 1100 5113 tutione
1119 5055 1213 5112 oninie
1237 5054 1357 5129 juridice
1384 5055 1483 5112 relatio
1504 5057 1644 5128 rumpitur
1670 5073 1733 5131 quae
1754 5075 1791 5116 eri

174 5133 267 5200 osani,
283 5118 313 5176 id
328 5126 372 5177 eet
384 5126 448 5191 post
460 5127 524 5201 veta
551 5133 666 5188 emissa,
698 5118 822 5178 facultas>
846 5123 936 5195 possi·
994 5125 1170 5200 professione
1178 5127 1239 5198 ipse
1260 5124 1393 5183 monachi
1407 5125 1589 5199 procedebat.

162 5190 416 5317 endi.{)²!¹¹2⁰⁰i.si‚¹¹⁰
432 5191 551 5273 tollitur..
567 5192 667 5263 Omnis
694 5192 781 5264 igitur
799 5193 941 5272 regularis
1029 5196 1190 5254 Notandum
1204 5204 1340 5269 praeterea
1364 5195 1400 5253 de
1423 5195 1562 5269 ejectione
1583 5198 1789 5258 monachorum

144 5267 455 5343 nonsiliacquirnmt
487 5267 576 5343 ajunt,
592 5262 825 5345 sedmoiiaeterio
840 5265 937 5346 acqui·
994 5268 1116 5339 emplius
1135 5268 1179 5324 vel
1194 5267 1707 5328 statuisseveldefinivisseUrbanuin
1723 5273 1790 5329 Vlll

143 5338 191 5393 nt
204 5330 339 5414 Aliunde,
354 5339 558 5415 monasterium
576 5344 625 5405 per
637 5340 828 5417 receptionem
848 5349 940 5408 cujus
994 5345 1022 5396 et
1037 5340 1233 5396 innocentium
1247 5341 1301 5397 xil
1325 5355 1373 5412 per
1392 5353 1443 5396 sua
1468 5338 1593 5397 decreta.
1615 5343 1683 5397 llaec
1706 5340 1789 5399 docet

144 5400 208 5458 dam
225 5402 340 5484 ligatur,
354 5403 598 5487 mustelinam
616 5418 746 5487 ‚vicissim
760 5414 788 5462 et
806 5406 872 5463 vitae
887 5422 936 5464 ue·
995 5411 1102 5467 Ferraii
1118 5410 1154 5467 de
1168 5410 1268 5482 eiecto.
1290 5409 1384 5482 quoad
1396 5410 1555 5468 dominium
1577 5417 1606 5467 et
1626 5408 1790 5471 facultatem

143 5487 268 5529 cessaria
296 5472 400 5554 debeat
432 5488 460 5529 ei
493 5488 540 5544 qui
573 5474 741 5547 religionem
770 5477 936 5550 ingreditur.
995 5480 1157 5553 possidendi
1190 5482 1398 5553 :illiectusa
1437 5481 1504 5538 uirit
1526 5480 1619 5538 adbuc
1637 5481 1790 5541 bonaino·

144 5544 241 5611 Porro,
256 5544 281 5600 is
307 5559 358 5615 qui
377 5558 436 5626 'noc
456 5542 543 5601 babet
567 5559 620 5602 nec
648 5545 753 5629 bebere
776 5554 825 5604 aut
884 5548 936 5606 esi·
973 5552 1118 5609 ‘uasnrio
1149 5553 1195 5609 vel
1219 5552 1349 5634 religioni
1374 5567 1411 5609 uu
1432 5567 1449 5608 e
1469 5558 1513 5608 cst
1538 5551 1655 5624 ejectus.
1693 5556 1791 5614 Potest

144 5612 212 5670 dere
239 5621 342 5697 potest,
365 5629 406 5697 ‚in
431 5615 637 5673 retransferre
658 5617 758 5677 debita
774 5627 882 5691 nequit,
912 5626 940 5677 et
994 5630 1089 5680 tamen
1104 5621 1140 5679 de
1159 5624 1305 5696 acquisitis
1319 5621 1470 5695 disponere
1491 5630 1574 5693 prout
1592 5631 1683 5683 alatus
1702 5628 1791 5700 exigit

144 5691 347 5746 monasterium
364 5700 456 5758 ipsum
468 5686 641 5744 exsolvendo
658 5687 812 5751 obnoxium
828 5690 939 5749 ridetur
993 5695 1084 5765 quoad
1101 5694 1166 5757 etto
1187 5695 1355 5754 necesaria.
1376 5695 1444 5759 Non,
1461 5701 1554 5768 potest
1573 5702 1668 5755 autern
1698 5695 1791 5757 lacere
