3968 6204
83 287 123 348 93
514 286 598 348 VIII.
619 278 727 347 -IN
749 283 879 347 FESTO
902 284 1052 348 SANCTI
1076 288 1303 352 SILVESTRI.
1709 296 1749 358 al

84 459 177 507 asoa
194 444 252 506 nst
266 440 361 505 enim
380 440 531 523 piscator
549 442 734 524 multiplex,
753 445 893 520 scilicet,
950 448 1211 524 perseverantia.
1237 450 1280 511 Ut
1313 447 1425 512 autem
1466 453 1751 529 perseuerantiam

84 541 229 622 piscator
244 556 439 618 supremus,
457 542 597 616 medius,
611 544 645 607 et
657 542 805 605 infimus.
821 543 899 605 Pis-
950 544 1075 607 babeat
1094 562 1213 608 murus
1234 546 1446 621 obedientiae,
1465 549 1632 613 inhaerere
1653 551 1751 615 debet
1795 565 1807 630 ᾗ

85 640 175 703 cator
195 655 381 716 supremus
401 641 573 710 Gbristun,
593 641 654 719 qui
671 640 798 718 piscem
817 640 897 703 dia-
950 642 1014 704 sibi
1035 645 1284 722 propugnumla
1320 646 1502 723 patientias
1539 648 1635 711 Sicu
1659 650 1751 712 nim

85 737 198 800 belm
217 737 322 815 quasi
345 739 511 816 gnum
531 741 641 801 cetum
667 739 776 817 coepit.
802 739 895 802 Unde
950 740 1201 805 defendentibus
1217 757 1349 804 murum
1367 745 1560 808 necessaria
1576 749 1655 809 sunt
1670 764 1751 826 pro-

85 834 147 899 Jcb
159 855 171 895 τ
181 839 229 898 Iu
241 840 354 899 oculis
369 840 448 910 ejus
462 840 560 912 quasi
573 842 676 900 bomo
691 833 896 913 caplatorum
950 839 1136 917 pugnacula
1162 839 1204 901 ad
1221 841 1369 903 cavenda
1386 843 1501 919 jacula
1517 844 1677 919 hostium,
1700 845 1750 908 aic

86 932 249 1015 (Job.11‚
272 932 341 1013 19).
367 935 521 998 Piscator
540 935 670 996 madlus
696 934 896 1013 praedicator
949 936 1539 1002 etobedientiamtenererolentibus
1554 944 1749 1005 neccssaria

86 1031 136 1093 rel
166 1031 346 1109 praelatus.
383 1031 478 1095 Unde
508 1032 545 1095 ln
575 1031 758 1109 Evangelio
788 1031 853 1093 boc
885 1053 893 1093 ε
949 1033 1212 1112 patientiaque
1228 1036 1517 1099 munitbominem
1536 1041 1652 1101 contra
1666 1054 1748 1101 uer-

88 1132 212 1205 mmm
222 1145 289 1193 aas
300 1131 384 1202 ficri
393 1130 586 1205 piscatores
600 1133 792 1194 bominum.
948 1131 1065 1193 borum
1082 1132 1292 1205 acerbitates,
1307 1134 1342 1196 et
1361 1149 1498 1212 operum
1522 1135 1747 1213 tailgationes.

123 1230 162 1290 nt
174 1227 306 1289 ibidem
322 1250 330 1288 :
349 1228 438 1291 Vidit
454 1231 539 1291 daos
552 1227 697 1302 fratres,
717 1230 894 1291 &monem
988 1230 1081 1291 Mille
1093 1230 1201 1307 clypei
1212 1230 1570 1308 pendentexea,idest,
1583 1234 1744 1311 profectio

89 1328 120 1390 et
129 1329 314 1388 andream
328 1326 506 1415 mittentes
519 1326 594 1387 rete
608 1329 646 1387 la
659 1340 779 1399 mare,
792 1326 894 1388 arani
950 1324 1154 1408 [perlectiol]
1166 1329 1199 1390 et
1213 1328 1392 1397 assiduitas
1402 1329 1575 1404 orationis,
1588 1347 1661 1409 quae
1672 1332 1747 1394 cui-

89 1428 177 1487 eaim
202 1424 407 1500 piscatores
432 1422 555 1503 (Marc.
585 1439 608 1497 1,
639 1423 709 1504 18).
742 1424 895 1485 Piscator
949 1440 1012 1503 que
1026 1425 1088 1488 tibi
1099 1426 1133 1488 et
1146 1426 1299 1503 proximo
1311 1425 1496 1488 subsidium
1510 1427 1585 1489 lert.
1602 1429 1744 1507 clypeus

88 1522 223 1584 infimus
244 1521 414 1595 diabolus,
439 1522 494 1585 uel
516 1521 705 1585 haereticus.
736 1522 830 1585 Unde
858 1521 893 1583 in
948 1522 1504 1602 hucillucquecircumierripotest.
1512 1525 1638 1589 Pendet
1647 1527 1748 1589 etiam

87 1620 289 1698 euangelio:
311 1620 403 1683 Vidit
423 1623 509 1683 aiios
527 1623 612 1682 daos
629 1620 776 1695 fratres,
791 1624 895 1682 Jaco-
948 1636 991 1682 cx
1003 1636 1043 1682 ea
1053 1621 1162 1683 omnis
1171 1622 1341 1684 armatura
1351 1621 1497 1683 fortium.
1506 1625 1610 1696 Quam
1621 1623 1748 1687 Paulus

87 1722 168 1782 bum
189 1721 352 1781 Zebedaei
365 1717 401 1780 et
417 1719 751 1793 Joaaoemsratrcm
764 1721 840 1791 qius
856 1720 892 1779 ia
948 1734 1138 1796 exponens:
1157 1720 1366 1795 Propterea,
1381 1718 1504 1797 inquit,
1519 1722 1665 1795 mapale
1677 1738 1744 1784 ar-

86 1832 156 1879 uua
179 1819 265 1878 navi
288 1832 370 1878 cram
389 1819 554 1878 zebedaeo
570 1816 673 1891 patre
692 1831 813 1878 coruum
827 1830 891 1878 re·
947 1818 1749 1893 naturamnaatpossaaresatereaccersas

87 1915 244 1989 mentes
259 1915 356 1976 retia
375 1928 442 1976 aaa
456 1913 588 1993 (Mattb.
613 1930 658 1987 ru,
680 1911 746 1994 21).
764 1913 804 1976 Et
815 1913 892 1992 quia
948 1918 1094 1978 latomias
1102 1919 1236 1988 diaboli,
1244 1916 1278 1978 ct
1286 1918 1486 1978 taumatibus
1495 1918 1643 1992 perfecit
1650 1917 1748 1980 stare

87 2011 222 2073 infimus
249 2013 327 2073 erat
350 2012 498 2089 piscator
522 2011 582 2072 ille
615 2011 803 2085 Zebedaeus,
830 2028 894 2073 nec
949 2012 1045 2093 (Eph.
1060 2030 1106 2087 vr,
1124 2012 1189 2094 13).
1210 2013 1295 2086 Quid
1310 2014 1354 2074 sit
1365 2012 1566 2087 obedientia,
1583 2014 1617 2077 ei
1630 2014 1748 2093 quanti

87 2126 160 2171 cnm
175 2126 218 2171 ec
230 2110 392 2187 poterant
410 2110 505 2187 sequi
525 2111 544 2171 J
546 2124 651 2181 esum,
665 2109 791 2172 relictis
806 2110 892 2172 reti-
948 2111 1059 2175 meriti
1073 2111 1128 2183 sit,
1144 2111 1200 2173 isti
1223 2110 1288 2173 duo
1310 2110 1431 2173 iratres
1457 2111 1608 2175 indicant
1634 2112 1743 2177 nobis.

87 2208 147 2269 bus
161 2208 196 2270 et
209 2210 311 2286 patre
332 2208 441 2269 secuti
465 2207 543 2269 sunt
557 2223 645 2269 eum.
670 2207 803 2269 Primus
823 2208 895 2286 pIs-
948 2210 1123 2283 Continuo,
1137 2209 1310 2287 postquam
1323 2207 1525 2283 dixitJesus,
1541 2210 1656 2272 acuite
1665 2211 1746 2285 post

87 2307 179 2368 nator
209 2306 381 2383 optimus,
412 2305 577 2367 secundus
611 2305 738 2378 bonus,
774 2307 893 2368 tertius

88 2405 266 2481 pessimus.
298 2403 433 2465 Primus
455 2418 579 2480 sagena
608 2402 765 2465 Ecclesiae
794 2404 894 2482 coepit

88 2500 894 2577 diabolumsicutdicitlob:Namqutaimpteoas

90 2616 236 2678 mamas
243 2605 336 2674 pella
350 2602 437 2672 aius,
456 2599 491 2661 et
505 2600 729 2677 aurausttum
741 2603 894 2676 plectam

89 2701 199 2774 capite
225 2701 321 2760 littus
342 2694 428 2776 (lob
452 2711 510 2769 xo,
536 2695 603 2776 26).
629 2697 801 2759 Secundus
822 2699 893 2760 rete

90 2794 343 2873 praedicationis
367 2794 519 2873 implevit
539 2794 784 2857 multitudinem
807 2794 893 2857 flde-

91 2894 182 2965 lium,
199 2894 290 2956 sicut
304 2892 429 2969 legitur
442 2914 450 2952 ι
462 2893 503 2954 ut
521 2892 686 2955 conclusit
704 2893 892 2955 multitudi-

92 3008 164 3052 nem
180 2991 328 3070 piscium
344 2990 524 3067 copiosam.
546 2991 677 3054 Tertius
693 3006 815 3067 sagena
830 2991 892 3053 de-

93 3090 252 3167 ceptionis
279 3088 383 3166 coepit
401 3088 645 3151 multitudinem
668 3091 890 3167 peccatorum,

95 3187 178 3249 sicut
188 3187 353 3265 scriptum
365 3188 417 3249 est
428 3187 462 3247 ln
477 3187 619 3248 Threuis
633 3188 786 3250 Ieremias
799 3209 807 3248 :
821 3191 894 3250 Ea-

91 3286 210 3360 pendit
224 3286 304 3347 retc
321 3286 465 3360 pedibus
486 3288 584 3348 aneo.

130 3385 195 3446 Vos
210 3382 272 3461 qui
295 3382 379 3445 estis
404 3383 520 3444 contra
544 3398 597 3445 me
619 3383 654 3444 in
675 3383 772 3456 mari,
793 3383 891 3457 idest,

946 2323 1013 2381 mc,
1030 2308 1103 2369 sine
1115 2322 1220 2379 mora,
1236 2306 1364 2368 relictis
1385 2306 1523 2380 retibus,
1539 2308 1645 2369 secuti
1667 2310 1746 2370 sunt

948 2422 1035 2467 eum.
1052 2406 1092 2468 nt
1112 2404 1298 2482 sicutipse
1316 2404 1443 2481 recepit
1465 2404 1604 2466 mortem
1619 2420 1679 2481 pro
1695 2405 1745 2467 eis

948 2504 1068 2576 crucis,
1077 2501 1125 2564 lta
1138 2504 1171 2564 et
1182 2502 1247 2580 ipsi
1261 2516 1338 2564 rece
1340 2501 1462 2579 parunt
1472 2517 1533 2580 pro
1543 2519 1583 2565 eo
1596 2503 1746 2564 eamdem

948 2602 1098 2663 mortem.

988 2698 1082 2767 Unde
1097 2697 1196 2759 datur
1213 2697 1412 2775 exemplum,
1424 2697 1461 2759 ut
1473 2697 1502 2758 ai
1522 2696 1645 2775 aliquis
1659 2713 1749 2776 prm·

948 2797 1035 2859 latus
1047 2795 1201 2874 praecipit
1212 2794 1341 2869 subdito
1356 2810 1417 2857 suo
1436 2794 1478 2856 do
1490 2795 1580 2861 omni
1595 2795 1703 2873 gradu
1714 2797 1749 2858 et

948 2895 989 2956 dc
1017 2894 1108 2956 omni
1132 2893 1262 2966 ordine,
1280 2892 1393 2954 statim
1417 2893 1490 2954 sinc
1518 2894 1745 2966 excusatione,

948 3009 1024 3054 cum
1053 2991 1240 3069 gratiarum
1267 2991 1414 3063 actione,
1442 2989 1635 3052 mandatum
1662 2990 1762 3053 obe·.

948 3090 1081 3152 dienliae
1094 3088 1193 3153 debet
1203 3088 1364 3166 recipere,
1380 3087 1458 3167 quia
1467 3088 1588 3149 melius
1602 3088 1748 3151 estabe-

948 3188 1020 3250 dire
1044 3203 1144 3265 quam
1167 3186 1371 3259 sacrificare,
1392 3190 1425 3247 et
1446 3184 1635 3248 obedientia
1650 3186 1748 3250 debet

947 3303 1022 3348 esse
1046 3285 1119 3348 sine
1144 3300 1250 3347 mora.
1277 3285 1513 3346 Verumtamen
1539 3300 1660 3346 cavere
1683 3284 1747 3346 sibi

948 3384 1045 3446 debet
1058 3381 1226 3461 praelatus,
1241 3397 1284 3444 ne
1297 3398 1357 3461 pro
1377 3381 1454 3443 odio
1474 3381 1529 3444 rel
1549 3382 1675 3443 invidia
1690 3382 1748 3443 in-

94 3479 371 3559 insoluptalibus
396 3480 430 3542 et
448 3479 683 3542 ambitionibus
698 3481 892 3544 etdelecta·
943 3482 1065 3562 jungat
1085 3480 1218 3560 siquod
1242 3496 1309 3541 non
1334 3478 1442 3541 debet.
1472 3479 1512 3541 nt
1534 3478 1673 3556 pulchre
1699 3479 1748 3542 ait

94 3578 238 3641 tionibus
246 3577 484 3657 hujusmundi,
492 3578 725 3641 convertimini
738 3580 771 3641 et
782 3580 893 3641 venite
947 3584 1032 3643 auos
1049 3580 1193 3656 aarum,
1217 3577 1295 3656 qula
1317 3578 1370 3640 bae
1391 3592 1559 3654 germanae
1575 3579 1653 3639 suut
1673 3576 1748 3639 vir·

96 3678 163 3754 post
184 3694 253 3750 me,
281 3678 317 3739 ct
342 3675 522 3738 inveniatis
544 3677 694 3755 requiem
717 3677 892 3739 animabus
947 3678 1045 3740 tutes.
1062 3678 1147 3750 Quia
1167 3691 1247 3739 uero
1271 3675 1399 3752 primus
1426 3674 1526 3737 bomo
1551 3673 1748 3736 inobediens

95 3775 221 3837 uestrIs.
240 3775 331 3837 Nota
350 3772 512 3837 ordinem.
533 3774 625 3836 Vidit
644 3774 812 3836 Simonem
837 3775 893 3852 qui
948 3776 1063 3848 exivit,
1078 3773 1205 3853 primus
1220 3772 1379 3835 obediens
1399 3787 1589 3847 regressum
1604 3772 1744 3847 accepit.

94 3874 230 3935 uocatur
254 3873 392 3943 Petrus,
410 3872 443 3933 et
454 3871 622 3933 andream
645 3870 783 3933 tratrem
807 3874 889 3948 ejus.
954 3874 1070 3936 Vcaite
1081 3873 1161 3947 post
1171 3885 1238 3943 mc,
1253 3884 1321 3931 non
1334 3869 1402 3930 tam
1417 3866 1557 3943 pedibus
1572 3866 1608 3928 in
1621 3868 1749 3928 terres·

96 3969 205 4031 Simon
217 3970 462 4047 interpretatur
477 3968 645 4042 obedIens,
661 3969 812 4031 Andreas
824 3969 894 4031 ior·
947 3975 1033 4034 trem
1051 3969 1248 4040 Jerusalem,
1266 3981 1365 4044 quam
1383 3962 1559 4026 affectibus
1573 3963 1608 4024 in
1624 3964 1745 4025 coeles-

4 4090 6 4143 5
95 4066 134 4128 iis
153 4068 225 4130 sire
256 4067 385 4128 firmus.
414 4066 526 4128 Primo
556 4067 670 4129 Simon
688 4067 890 4141 nominatur,
947 4068 1025 4129 tem.
1039 4064 1344 4137 Factomoosflcri
1354 4061 1742 4136 pacatoresaomtoum.

4 5344 6 5401 ἰ
100 5336 289 5413 discretum,
300 5356 344 5402 ne
355 5339 436 5418 quid
447 5338 549 5400 nimis
562 5338 615 5401 sit.
628 5338 691 5413 Qui
701 5338 791 5399 onim
805 5340 896 5400 recte

96 4163 208 4227 deinde
222 4165 391 4237 Andreas,
406 4164 483 4242 quia
500 4164 607 4242 prima
630 4165 680 4227 est
692 4164 891 4239 obedientia,
949 4164 1085 4227 Intende
1111 4185 1119 4224 ι
1147 4161 1297 4234 Faciam,
1324 4160 1404 4238 quia
1434 4175 1501 4221 non
1530 4158 1581 4220 est
1603 4157 1747 4220 volentis

95 4262 210 4326 deinde
226 4262 492 4341 perseverantia.
509 4266 599 4326 Bene
614 4264 708 4341 prius
724 4264 892 4326 Simonem
947 4278 1056 4340 neque
1081 4258 1258 4333 currentis,
1281 4258 1338 4320 sed
1360 4257 1420 4319 Dei
1443 4255 1643 4318 mIsercntis.
1672 4253 1747 4317 Nisi

95 4360 147 4438 qui
161 4361 290 4423 dicitur
311 4360 484 4432 obediens,
500 4361 706 4439 postmodum
727 4361 893 4424 andream
948 4360 1037 4422 enirn
1052 4362 1140 4421 Deus
1150 4358 1262 4431 iaciat,
1275 4356 1400 4419 trustra
1409 4354 1509 4416 homo
1525 4354 1655 4426 nititur,
1668 4353 1748 4432 quia

95 4460 149 4536 qni
162 4459 290 4521 dicitur
304 4458 412 4532 fortis,
426 4461 534 4532 vocat,
548 4459 627 4537 quia
647 4459 720 4521 sine
735 4458 895 4521 obedien·
948 4458 989 4519 de
1012 4474 1050 4519 se
1074 4457 1121 4518 nil
1144 4458 1262 4534 potest.
1287 4455 1404 4531 Neque
1425 4453 1515 4514 enim
1541 4451 1598 4530 qui
1619 4451 1749 4528 plantat

95 4557 139 4618 tia
152 4556 268 4618 nullus
280 4556 385 4618 intrat
399 4555 440 4617 ad
456 4558 718 4630 conversionem,
736 4556 808 4618 sine
824 4556 895 4618 lor·
949 4554 1112 4633 exemplo.
1135 4555 1194 4617 aut
1209 4554 1297 4628 rigat
1320 4550 1410 4612 sonte
1429 4549 1600 4619 doctrinae,
1617 4548 1670 4609 est
1681 4548 1748 4608 ali-

97 4654 235 4716 iitudine
249 4653 365 4715 nullus
378 4655 571 4731 perseverat
584 4655 619 4716 in
632 4671 683 4716 ea.
700 4654 895 4717 Obadientia
949 4654 1038 4732 quid,
1065 4653 1122 4715 sed
1147 4651 1203 4731 qui
1227 4649 1467 4714 incrementum
1495 4646 1554 4708 dat
1580 4648 1680 4707 Deus.
1707 4644 1746 4705 ut

99 4751 241 4831 qulnqua
252 4751 379 4829 partita
391 4753 454 4813 esi.
470 4751 582 4813 Prima
596 4753 647 4813 est
661 4768 743 4829 opus
755 4752 892 4824 rectum,
949 4757 1061 4815 tamen
1084 4751 1131 4812 ita
1153 4750 1269 4811 utnon
1292 4744 1515 4824 praeJudicetis
1530 4742 1635 4804 libero
1651 4740 1744 4803 arbi-

100 4850 257 4926 quianon
279 4853 331 4911 est
354 4848 542 4912 obedientia
566 4848 681 4911 contra
702 4852 817 4910 Deum.
835 4851 897 4910 Se·
949 4852 1025 4923 trio,
1047 4849 1229 4928 piscatores
1253 4843 1440 4913 hominum,
1465 4840 1554 4902 idest
1580 4839 1744 4913 doctores,

100 4947 202 5009 cunda
212 4947 455 5020 voluntarium,
472 4947 550 5025 quia
568 4947 654 5026 quod
667 4947 705 5009 iit
718 4962 761 5009 ex
779 4962 897 5008 neccs-
950 4949 1114 5010 minorum
1137 4943 1296 5022 quotquot
1313 4939 1439 5002 salvari
1454 4953 1589 5016 operam
1606 4936 1739 5012 dabitis,

4 5070 5 5073 ¹
99 5045 202 5119 atate,
216 5062 288 5107 non
305 5046 357 5108 est
372 5045 508 5107 bonum.
524 5045 636 5108 Tertia
657 5060 776 5122 purum
800 5061 894 5124 opus,
950 5062 1010 5125 pro
1025 5041 1165 5120 singulis
1180 5038 1332 5103 habeatis
1346 5035 1544 5099 mercedem.

97 5141 132 5204 nt
147 5143 292 5206 interior
303 5159 390 5222 pura
405 5142 464 5219 sit;
481 5142 559 5221 qula
574 5141 603 5205 si
622 5141 739 5205 oculus
754 5142 896 5219 simplex

99 5238 204 5315 luerit,
227 5243 335 5304 totum
356 5257 481 5319 corpus
502 5240 567 5303 erit
587 5239 744 5301 lucidum.
772 5240 895 5312 Quarta
1293 5214 1393 5304 VIII

101 5435 202 5509 oderi,
214 5439 288 5501 etsi
299 5454 369 5501 non
383 5438 476 5500 recte
491 5435 628 5506 dividat,
641 5436 767 5514 peccat.
774 5435 895 5508 Quinta
1042 5399 1088 5462 IN
1109 5397 1239 5486 FESTO
1256 5395 1406 5457 SANCU
1421 5390 1650 5454 SILVESTRI'

101 5531 237 5609 lunum,
254 5535 354 5610 idest,
364 5549 598 5614 perseverans,
614 5533 701 5612 quod
711 5533 822 5596 omnia
837 5532 894 5595 in·
990 5536 1077 5596 Ecce
1085 5533 1252 5594 Sacerdos
1264 5542 1413 5605 maanus
1424 5527 1482 5600 qai
1496 5527 1534 5584 ta
1545 5524 1662 5584 aiebas
1672 5523 1748 5583 saia

102 5630 196 5699 cludit
213 5637 247 5699 et
269 5633 405 5698 reboet.
419 5632 557 5695 Nullum
572 5631 661 5695 eninr
681 5631 804 5694 bonum
824 5632 895 5694 sine
948 5632 1076 5710 placarit
1101 5633 1172 5692 Deo
1195 5629 1229 5691 ci
1251 5625 1413 5690 irrocotas
1433 5621 1486 5684 cst
1503 5620 1634 5695 justas,
1659 5619 1693 5682 ct
1711 5621 1749 5681 ia
