3958 6204
182 348 240 410 351
478 343 482 347 ’
651 340 828 405 HONORII
848 339 895 401 111
916 339 1065 409 OPERA,
1081 367 1119 383 -
1135 338 1367 401 SERMONBS.
1777 341 1839 405 352

182 507 261 570 bere
275 504 434 570 Dominus
454 522 474 570 a
497 504 622 582 nuptiis
636 502 817 573 revocavit,
834 499 887 563 cui
903 499 979 561 etin
1035 498 1174 575 nerem
1200 500 1359 560 inimicos
1387 500 1523 561 vestros
1549 496 1680 578 (Matth.
1707 516 1740 573 ε,
1768 500 1835 580 44),

183 619 281 667 cruce
305 605 455 683 pendens
486 603 626 665 Matrem
658 599 822 676 virginem
856 597 980 673 virgini
1035 596 1120 657 sicut
1134 596 1251 672 etipse
1264 595 1415 657 Christus
1432 595 1590 672 expansis
1605 596 1639 656 in
1652 613 1753 659 cruce
1769 615 1838 660 ma·

183 702 444 765 commendavit?
1035 692 1132 753 nibus
1151 709 1211 771 pro
1224 692 1369 753 inimicis
1388 693 1497 754 oravit
1511 694 1665 771 inquiens
1686 716 1692 753 ι
1710 698 1833 768 Pater,

222 799 324 860 Debet
338 796 448 859 autem
472 797 618 875 imprimi
637 795 769 871 signum
782 792 892 855 crucis
906 792 980 853 oleo
1035 793 1171 864 ignosce
1194 793 1271 861 dtis,
1303 793 1385 864 quic
1410 791 1568 852 nesciunt
1594 795 1675 865 qnid
1702 794 1837 866 Ῐῖῖθῖιιηῖ

180 895 234 957 vel
249 896 427 956 chrismate
448 894 649 970 regulariter
666 892 701 953 in
722 892 863 969 quatuor
884 890 978 960 locis,
1035 886 1129 965 (Luc.
1163 897 1261 959 mn,
1294 885 1365 965 34);
1404 887 1574 964 longitudo
1608 888 1643 948 in
1675 900 1837 966 perseve-

180 986 978 1069 videlicet,lnterscapulas‚inverticeintronte,
1035 984 1159 1057 rantia;
1187 984 1368 1049 nonenim
1395 985 1451 1062 qui
1480 984 1665 1062 incoeperit,
1692 986 1750 1047 sed
1778 987 1837 1065 qui

181 1090 216 1151 in
239 1092 382 1166 pectore,
404 1090 440 1150 nt
463 1091 496 1150 et
510 1090 586 1150 ante
610 1089 643 1149 et
672 1089 760 1148 retro
790 1084 981 1145 muniamur
1035 1082 1300 1157 perseveraverit
1313 1097 1418 1159 usque
1439 1082 1475 1142 in
1501 1082 1611 1154 tinem,
1640 1082 1695 1144 bic
1721 1085 1836 1145 saluus

180 1187 305 1248 vexillo
327 1187 359 1248 θῖ
379 1186 529 1263 trophaeo
553 1185 628 1246 iidei
650 1183 862 1256 christianae3
893 1180 979 1257 quod
1035 1178 1111 1250 erit,
1135 1180 1222 1239 sicut
1242 1179 1275 1240 θῖ
1298 1179 1371 1255 ipse
1393 1180 1544 1241 Christus
1568 1196 1642 1240 cnm
1662 1180 1837 1243 dilexisset

181 1284 394 1345 adversarius
429 1282 635 1360 expavescit,
657 1282 755 1359 juxta
790 1278 871 1339 illud
887 1297 895 1337 r
910 1282 981 1339 Fac
1035 1291 1124 1348 suos,
1150 1275 1184 1336 in
1211 1276 1310 1337 finem
1332 1276 1450 1337 dilexit
1472 1292 1545 1351 eos;
1573 1276 1771 1350 sublimiias,
1799 1280 1837 1341 ut

179 1397 325 1454 mecum,
342 1386 499 1452 Domine,
514 1383 653 1457 sigrium
671 1382 710 1439 tn
720 1380 855 1448 bocum,
874 1376 913 1436 ut
927 1379 981 1436 ot-
1034 1388 1223 1449 quaeramus
1237 1389 1311 1450 quae
1326 1389 1458 1433 sursum
1470 1373 1559 1446 sunt,
1569 1389 1719 1451 nonquae
1734 1390 1836 1452 super

113 1502 116 1509 ·
180 1480 284 1540 denot
310 1481 368 1552 qut
389 1480 471 1539 diuet
494 1477 651 1547 odernrzt,
673 1475 705 1536 et
724 1474 981 1548 confirmentur
1033 1469 1168 1538 terram,
1185 1470 1272 1531 sicut
1292 1470 1325 1531 θῖ
1344 1470 1417 1546 ipse
1431 1472 1635 1532 voluntatem
1655 1472 1766 1533 Patris
1781 1473 1835 1533 sui

179 1575 250 1657 (Ps.
261 1577 311 1646 85,
327 1572 390 1654 17).
404 1573 599 1635 Inbumeris
609 1573 753 1634 solemus
764 1571 852 1632 ierre
862 1585 976 1632 onera.
1035 1567 1181 1643 praetulit
1194 1567 1350 1644 inquiens
1366 1588 1373 1626 :
1395 1569 1641 1630 Verumtamen
1654 1584 1724 1630 non
1744 1572 1835 1631 sicut

179 1676 266 1750 Ergo
276 1673 364 1734 inter
371 1673 525 1748 scapulas
536 1669 739 1747 imprimitur
748 1668 790 1729 ad
798 1665 981 1744 designan—
1034 1680 1095 1740 epo
1109 1670 1194 1735 eolo,
1210 1667 1271 1725 sed
1287 1663 1748 1743 sicuttoots(llatth.·xxv1‚
1764 1666 1833 1745 39).

179 1770 256 1830 dum
274 1768 360 1846 quod
370 1771 488 1846 Jugum
503 1768 627 1829 Christi
644 1781 746 1827 suave
761 1767 821 1837 θεῖ,
843 1766 877 1825 et
895 1779 978 1826 onus
1033 1763 1274 1835 Prosimdum,
1303 1761 1409 1831 idest,
1439 1763 1603 1823 occultum
1629 1762 1833 1839 judiciorum

179 1868 252 1942 ejus
264 1865 348 1926 lere.
370 1867 406 1924 In
421 1865 546 1925 vertice
562 1864 613 1925 est
627 1862 712 1924 cella
726 1860 932 1923 memorialis
947 1860 980 1920 et
1034 1857 1104 1929 Dei,
1122 1873 1237 1935 quare,
1257 1858 1423 1930 videlicet,
1448 1858 1538 1920 huno
1552 1862 1650 1920 vocat
1667 1859 1709 1920 ad
1734 1860 1834 1920 fldem

179 1961 275 2022 sedes
290 1961 471 2022 memoriae.
488 1960 537 2021 lbi
551 1976 631 2036 ergo
646 1959 848 2036 imprimitur
861 1956 904 2019 ad
920 1956 981 2017 de-
1033 1954 1154 2022 crucis,
1173 1956 1206 2016 et
1223 1955 1503 2032 illum-reprobat,
1528 1958 1565 2018 ut
1585 1956 1734 2018 dicamus
1758 1972 1833 2018 cum

179 2058 376 2134 signandum
401 2058 487 2134 qnod
512 2072 642 2134 semper
669 2056 825 2117 debemus
856 2053 980 2115 habere
1034 2052 1138 2113 Paulo
1155 2073 1162 2112 ε
1180 2053 1360 2114 Oattttudo
1381 2054 1587 2115 dinitiarum
1602 2055 1786 2130 sapientior
1799 2056 1833 2116 ct

179 2155 375 2215 memoriam
410 2154 574 2224 crucifixi,
597 2153 695 2230 juxta
717 2151 802 2229 quod
823 2151 977 2228 ipseait:
1032 2149 1187 2210 scientie
1199 2151 1301 2210 Dei...
1318 2146 1428 2228 (Rom.
1449 2164 1496 2222 xi,
1512 2148 1579 2228 33).

178 2252 253 2311 Hoc
282 2250 385 2324 femie
412 2253 450 2310 m
477 2263 593 2310 mecm
619 2248 980 2309 commemorationem

179 2344 272 2426 (Luc.
295 2362 380 2418 xm,
402 2344 466 2424 19).
484 2349 521 2407 ln
539 2345 648 2407 ironte
662 2345 713 2405 est
727 2344 822 2405 sedes
841 2343 979 2420 pudoris
1368 2374 1495 2466 XXXI

174 2445 272 2519 juxta
286 2443 369 2503 illud
381 2463 388 2502 ε
400 2447 513 2503 From
527 2444 725 2503 meretricis
737 2441 830 2515 tecta
844 2441 976 2511 esttibi,

178 2542 318 2601 nolemtl
337 2542 539 2602 erubescere
557 2537 589 2617 (J
592 2554 692 2600 erem.
709 2553 758 2607 ni,
773 2537 818 2617 3).
835 2537 885 2598 Ibi
899 2552 978 2612 ergo
1034 2561 1079 2626 IN
1100 2566 1231 2625 1213ng
1258 2562 1565 2628 CONFESSORUM
1587 2565 1834 2630 SUMMORUM

177 2637 380 2712 imprimitur
399 2636 440 2697 ad
462 2636 702 2711 designandum
721 2635 807 2711 quod
829 2650 895 2696 non
919 2634 980 2695 de·
1298 2657 1570 2726 PONTIFICUM·

176 2731 293 2794 bemus
322 2732 518 2794 erubescere
542 2732 749 2793 crucifixum.
769 2734 872 2793 Immo
892 2731 979 2792 absit

176 2830 273 2891 nobis
287 2831 426 2905 gloriari
448 2829 514 2890 nisi
537 2830 573 2889 in
596 2844 695 2890 cruce
716 2828 848 2890 Domini
871 2828 978 2889 nostri
1078 2830 1231 2906 Vigilate,
1245 2834 1326 2904 cute
1335 2832 1475 2892 nescitis
1484 2843 1552 2905 quc
1562 2837 1650 2895 bore
1661 2832 1834 2894 Dominam

176 2929 256 2989 iesu
267 2927 400 2989 Christi.
422 2926 567 2987 Verbum
578 2927 665 2987 enim
679 2925 788 2986 crucis
802 2925 976 3002 pereunti·
1032 2927 1150 2987 uester
1161 2927 1329 2988 ventures
1342 2929 1389 2989 sit
1405 2925 1535 3005 (Mattb.
1549 2943 1643 3001 mv,
1657 2929 1723 3007 42).

176 3022 238 3084 bus
253 3024 384 3101 quidem
397 3022 536 3085 stultitia
552 3024 613 3091 est,
629 3022 683 3082 his
697 3024 807 3083 autem
823 3023 878 3099 qui
892 3021 977 3082 salvi
1073 3022 1232 3084 Dominus
1265 3025 1379 3085 noster
1404 3026 1502 3086 Jesus
1531 3025 1680 3087 Christus
1712 3027 1834 3102 plenus

176 3119 266 3192 flent,
290 3121 396 3181 uirtus
411 3120 469 3181 Dei
485 3121 545 3180 est.
571 3119 713 3196 ideoque
732 3119 880 3196 quicum
899 3135 978 3180 eru-
1031 3118 1153 3195 pietate
1177 3121 1210 3181 et
1237 3119 1467 3182 misericordia
1499 3137 1566 3183 non
1593 3122 1665 3184 uult
1689 3124 1834 3184 mortem

176 3215 285 3277 buerit
313 3232 424 3276 coram
446 3215 648 3288 hominibus,
665 3215 839 3277 erubescet
859 3217 976 3293 etipse
1032 3218 1216 3293 peccatoris
1229 3217 1298 3290 sed,
1316 3219 1352 3280 ut
1366 3221 1581 3280 convertatur
1594 3220 1627 3281 et
1643 3220 1745 3281 vivat.
1758 3223 1834 3298 Ipse
1967 3230 1968 3237 ’

176 3328 253 3373 eum
278 3328 390 3374 coram
412 3313 512 3373 Patre
527 3328 599 3373 suo.
616 3315 653 3373 ln
673 3313 804 3389 pectore
817 3313 867 3374 est
882 3313 977 3379 sedes
1031 3314 1144 3375 docuit
1168 3315 1201 3376 et
1216 3315 1344 3377 monuit
1359 3330 1419 3376 nos
1435 3316 1578 3392 qualiter
1592 3318 1758 3392 possimus
1773 3318 1832 3378 in-

176 3408 360 3486 sapientiae,
382 3409 479 3485 J'uxta
504 3408 609 3470 illud=
632 3412 749 3471 Omitto
768 3412 880 3470 scriba
898 3412 978 3471 doc-
1030 3410 1147 3471 venire
1179 3411 1321 3487 gloriam
1354 3412 1499 3474 coelestis
1533 3413 1629 3489 regni
1656 3419 1690 3475 et
1723 3415 1834 3476 vitare

177 3507 233 3568 tus
259 3509 297 3567 m
329 3520 436 3582 regno
456 3512 621 3568 coetorum
644 3510 685 3568 cte
711 3506 974 3578 thesaurorum
1031 3521 1146 3582 poenas
1171 3506 1306 3578 inferni,
1334 3508 1423 3570 sicut
1444 3511 1583 3585 apparet
1605 3511 1640 3570 in
1666 3511 1833 3588 principio

173 3604 324 3678 pectore,
347 3602 514 3673 videlicet,
532 3604 669 3678 profert
691 3617 782 3664 nova
803 3604 837 3664 et
856 3604 977 3665 cetera
1031 3603 1131 3680 hujus
1145 3604 1328 3679 evangelii,
1340 3606 1425 3681 quod
1442 3605 1539 3667 modo
1558 3605 1723 3667 audistis:
1745 3610 1837 3684 Vipi-

176 3697 307 3779 (mann.
323 3715 397 3772 x111,
415 3698 482 3778 52).
1029 3700 1097 3762 tate
1110 3703 1193 3773 cum
1205 3701 1345 3762 nescitis
1354 3717 1424 3775 cuc
1433 3706 1521 3764 bora
1532 3706 1701 3765 Dominus
1714 3705 1834 3766 cester

216 3798 405 3859 Notandum
420 3800 471 3860 est
486 3796 572 3874 quod
587 3796 722 3859 inerunt
737 3797 773 3858 in
788 3796 861 3875 ipsa
876 3812 976 3859 cruce
1029 3797 1200 3859 venturus
1224 3799 1281 3859 stt.
1309 3799 1470 3860 Dominus
1495 3800 1646 3876 praecipit
1672 3791 1828 3876 vigilare,

178 3896 321 3971 quatuor
338 3895 440 3971 ligna.
455 3896 597 3972 Lignum
615 3896 772 3966 ereetum,
789 3894 908 3956 ethaeo
924 3895 976 3956 est
1029 3895 1063 3955 et
1081 3910 1142 3954 nos
1160 3894 1349 3970 vigilemus.
1378 3895 1462 3968 Quid
1486 3896 1537 3957 θεῖ
1557 3897 1718 3973 vigilaret
1736 3899 1836 3974 Vigi-

175 3991 365 4068 longitud03
386 3992 515 4069 lignum
536 3995 764 4055 transversum
788 3992 821 4053 et
839 3993 912 4053 baec
926 3992 976 4053 est
1029 3989 1101 4052 lare
1124 3991 1176 4053 est
1198 3992 1233 4051 in
1252 3990 1348 4053 bonis
1369 3994 1403 4054 et
1423 3993 1487 4069 piis
1502 3993 1658 4069 operibus
1672 4009 1835 4072 perseve-

176 4087 334 4162 letitud03
349 4089 463 4150 tabula
484 4090 693 4165 superposita
709 4089 828 4150 ethaeo
851 4091 901 4151 est
918 4105 976 4148 su·
1029 4103 1118 4148 rare.
1145 4088 1209 4149 Sed
1231 4088 1309 4165 quid
1324 4089 1459 4165 prodest
1477 4089 1584 4163 nobis,
1613 4090 1700 4168 quod
1722 4093 1833 4168 primo

175 4183 338 4259 blimitas3
355 4185 457 4263 stipes
477 4185 531 4245 cui
550 4184 654 4245 iniixa
668 4184 777 4246 iuerat
795 4185 868 4261 ipsa
892 4200 975 4245 crux
1029 4183 1153 4245 fuimus
1167 4184 1333 4248 ferventes
1347 4186 1383 4246 in
1397 4185 1484 4248 bono
1499 4203 1610 4264 opere,
1636 4189 1666 4249 si
1680 4190 1748 4250 tam
1763 4191 1833 4251 cito

173 4282 210 4341 et
229 4281 293 4342 boc
316 4282 367 4341 θεῖ
386 4280 596 4357 profundum,
613 4296 674 4357 per
694 4280 780 4357 quod
800 4281 975 4344 manifeste
1029 4281 1200 4342 deficimus
1226 4298 1287 4359 pro
1316 4283 1458 4360 alicujus
1482 4284 1708 4361 malignitatei
1734 4286 1833 4347 Unde

175 4377 381 4438 declaratum
393 4377 444 4438 est
456 4377 542 4453 quod
558 4377 599 4438 de
613 4379 756 4453 quatuor
765 4378 880 4438 mundi
896 4393 975 4454 par-
1029 4380 1210 4454 Gregorius
1235 4400 1243 4440 ι
1269 4396 1289 4440 s
1312 4382 1483 4441 Incassum
1506 4381 1628 4443 bonum
1650 4383 1773 4458 agitur,
1801 4384 1832 4445 si

174 4473 263 4535 tibus
276 4474 439 4537 vocantur
459 4474 627 4545 homines,
650 4476 684 4535 et
703 4476 847 4551 quatuor
859 4476 973 4537 mundi
1028 4478 1106 4536 ante
1120 4476 1198 4537 vitae
1210 4477 1388 4538 terminum
1401 4478 1618 4540 deseratur.»
1632 4480 1671 4542 nt
1685 4482 1833 4556 Aposto-

175 4571 309 4633 climata
337 4571 491 4632 venirent
518 4569 559 4631 ad
590 4569 794 4632 adorandam
822 4587 971 4647 crucem3
1028 4573 1081 4633 lus
1104 4587 1165 4634 nos
1183 4573 1338 4635 bortatur
1352 4575 1466 4636 dicens
1482 4597 1490 4636 ε
1505 4580 1642 4638 Bonum
1663 4579 1833 4651 facientes

170 4670 268 4746 juxta
283 4668 370 4745 quod
389 4668 461 4746 ipse
480 4668 580 4729 etiam
604 4667 653 4730 ait
668 4689 676 4728 e
693 4672 780 4730 Cum
798 4669 973 4732 caecitates
1028 4685 1097 4731 non
1117 4672 1318 4743 deficiamus
1339 4670 1462 4750 (Galat
1483 4688 1528 4744 rr,
1553 4672 1599 4750 9).
1623 4673 1719 4745 Quia,
1743 4675 1834 4737 sicui

173 4768 273 4841 merc
286 4781 309 4827 e
324 4766 432 4837 teme,
450 4768 568 4827 emota
580 4766 719 4827 trabem
732 4769 776 4827 ad
789 4781 845 4828 me
859 4770 973 4842 ipsum
1028 4766 1150 4828 dicitur
1173 4767 1208 4828 in
1225 4768 1404 4844 Evangelio
1421 4789 1429 4829 ε
1444 4773 1525 4832 Non
1538 4773 1597 4844 eus
1610 4773 1755 4846 coepere
1768 4775 1833 4834 sed

175 4860 286 4940 (Joan.
302 4878 363 4934 111,
379 4861 445 4941 32).
524 4912 526 4915 .
1027 4867 1085 4938 pici
1093 4866 1376 4938 perseveraverit
1390 4880 1498 4940 usque
1507 4870 1544 4928 m
1562 4868 1679 4940 finem,
1691 4871 1746 4929 bic
1760 4874 1832 4931 sat-
1930 4881 1932 4885 ’

214 4960 311 5033 Ergo,
342 4958 479 5030 iratres,
509 4958 550 5019 de
578 4975 630 5020 me
657 4958 775 5032 fateor,
810 4959 973 5021 mirabilis
1027 4959 1605 5041 cusertttMettb.xrrv,13).Et
1624 4965 1830 5042 Apostolus:

172 5054 260 5116 iacta
282 5056 333 5116 est
347 5055 550 5117 conscientia
567 5055 632 5118 ista
647 5072 689 5117 ex
708 5073 771 5129 me,
788 5057 973 5120 confortata
1027 5059 1103 5119 Non
1120 5060 1343 5120 coronabitur
1358 5062 1435 5134 quis
1453 5063 1524 5121 atsi
1543 5062 1694 5137 legitime
1707 5065 1831 5125 certe·

173 5151 265 5214 estet
276 5166 343 5212 non
356 5151 470 5227 potero
485 5151 526 5212 ad
541 5167 626 5224 eam,
641 5154 674 5214 et
685 5154 722 5215 ut
733 5153 851 5216 saltem
864 5156 974 5231 possi·
1027 5157 1118 5216 certi
1136 5154 1181 5233 (ll
1202 5155 1286 5216 Tim.
1306 5171 1344 5229 11,
1359 5154 1406 5234 5),
1422 5157 1501 5234 quia
1524 5157 1581 5218 ubi
1601 5159 1636 5219 te
1654 5158 1829 5235 invenero,

173 5264 248 5310 mus
269 5248 550 5325 comprehendere
565 5265 639 5310 oum
664 5250 817 5311 omnibus
842 5252 972 5314 Sanctis
1027 5250 1071 5311 ibi
1087 5253 1120 5313 te
1130 5253 1300 5329 judicabo.

174 5360 247 5421 qum
271 5346 315 5407 sit
337 5344 524 5420 longitudo,
553 5346 705 5419 latitudo,
730 5347 916 5409 sublimitas
940 5349 973 5410 θῖ
1067 5350 1247 5426 Propterea
1274 5350 1384 5426 posuit
1409 5351 1442 5411 te
1465 5351 1624 5413 Dominus
1655 5353 1829 5415 custodem

173 5441 508 5517 profundumcrucis3
525 5444 668 5505 latitudo
681 5444 882 5521 inoperibus
896 5445 973 5506 cba-
1026 5445 1068 5506 ad
1100 5445 1304 5522 vigilandum
1337 5448 1371 5509 et
1402 5448 1746 5527 circumspiciendum.
1776 5452 1829 5514 Ad

174 5536 294 5608 nitatis,
305 5542 400 5615 cujus
413 5539 605 5601 mandatum
619 5540 723 5603 latum
738 5542 789 5602 est
803 5541 836 5602 et
848 5543 970 5604 exten·
1025 5543 1241 5619 vigilandum,
1254 5545 1435 5606 secundum
1455 5546 1541 5623 quod
1562 5547 1634 5625 ipse
1653 5547 1702 5609 ait
1717 5550 1831 5624 Apos-

174 5632 264 5694 ditur
277 5649 381 5710 usque
404 5635 445 5696 ad
470 5635 635 5711 inimicos,
663 5636 792 5700 dicente
808 5639 969 5701 Domino:
1025 5640 1104 5702 tolis
1123 5661 1131 5701 ε
1154 5644 1295 5717 Vigilate
1311 5644 1346 5705 et
1363 5643 1462 5706 orate
1482 5644 1521 5707 ut
1539 5658 1609 5723 reon
1628 5645 1770 5706 intretis
1788 5651 1829 5709 in
