3968 6204
139 318 196 380 101
571 312 658 373 VIII.
677 342 719 358 -
738 312 783 374 IN
805 307 941 376 ussto*
959 312 1109 375 SANCTI
1132 315 1363 379 SILVES'IRI.
1734 324 1793 385 loa

137 475 233 541 luerit
255 472 432 537 sacerdos.
458 471 589 551 Duplex
603 471 663 534 est
695 470 938 535 saomdodumz
993 474 1072 536 runt
1083 472 1182 538 hodie
1193 475 1229 537 in
1239 474 1375 539 odorem
1385 477 1630 555 unguentorum
1644 460 1791 544 suorum.

136 590 235 639 uuum
249 573 343 652 quod
358 566 541 635 visibiliter
554 569 652 633 datur
668 571 819 633 exterius
833 570 869 633 in
884 586 942 633 or·
1034 570 1112 635 Fuit
1130 572 1240 635 autem
1263 570 1384 637 beatus
1406 574 1567 640 silvester
1587 594 1729 655 magnus
1752 578 1794 642 ab

135 673 321 744 clinatione,
342 666 488 734 ahenum
505 668 594 747 quod
615 668 830 732 invisibiliter
844 669 942 731 datur
996 670 1148 748 exemplo
1166 671 1263 734 honae
1276 675 1553 748 conversationis,
1569 674 1603 739 et
1617 675 1658 738 ab
1675 693 1794 749 exem-
1821 730 1823 734 ,

136 773 279 836 interius
296 768 599 848 injusditcatione.
614 768 724 830 Unum
737 767 943 846 estpotestu-
996 766 1050 845 plo
1076 768 1286 855 miraculosae
1314 772 1529 850 operationis.
1562 773 1611 836 nb
1642 777 1795 855 exemplo

136 872 189 943 tis,
201 870 350 932 sitorum
370 866 570 930 sanctitudo.
586 869 633 928 lle
645 866 752 945 ptimo
765 866 813 928 uit
823 866 941 929 Domi-
996 864 1092 928 bonae
1107 868 1386 944 conuersationis,
1394 872 1472 949 quia
1483 871 1553 935 vita
1567 872 1657 936 beati
1669 864 1797 937 Silves-

139 987 198 1032 nus
217 968 263 1030 ad
280 969 425 1045 Moysen
441 987 449 1026 ι
470 966 613 1040 ippotae
624 967 673 1026 ed
687 967 720 1026 te
733 968 853 1027 Aaron
866 967 944 1040 fra-
967 1031 968 1066 ῑ
996 963 1041 1026 tri
1056 963 1117 1027 tulit
1131 964 1437 1044 irreprehensibilis
1452 968 1487 1029 in
1501 972 1679 1048 conspectu
1693 960 1797 1035 Daiei

141 1070 228 1132 trem
257 1068 376 1139 tuum,
404 1060 439 1127 ct
464 1066 553 1138 titios
580 1066 657 1137 elsio
679 1066 720 1125 sit
751 1064 943 1126 sacerdotio
967 1069 968 1092 ¹
998 1061 1180 1138 nominum,
1196 1064 1274 1141 quia
1293 1064 1411 1128 habirit
1428 1066 1655 1129 testimonium
1673 1067 1797 1131 bonum

139 1170 220 1229 mitt
240 1164 441 1242 dispositor
463 1161 582 1241 (Exod.
605 1168 726 1234 satin,
750 1159 796 1241 1).
819 1164 867 1224 De
887 1178 939 1224 se·
967 1183 969 1234 )
998 1159 1039 1223 ab
1062 1160 1104 1222 ils
1123 1162 1184 1240 poi
1203 1161 1341 1245 liumunt
1355 1162 1448 1226 lutus
1466 1164 1502 1246 et
1522 1164 1618 1229 ioris.
1640 1168 1716 1230 Fuit
1733 1168 1798 1231 ho-

140 1264 246 1327 cundo
260 1265 383 1325 Petrus
394 1259 649 1339 Apostolusait:
666 1260 945 1336 Vosestispeuus
968 1329 970 1346 ‚
996 1260 1093 1322 nesta
1118 1260 1150 1323 et
1173 1258 1347 1340 splendida
1371 1260 1554 1327 secundum
1578 1264 1661 1327 illud
1688 1268 1799 1329 Even-

141 1362 297 1435 eiectum,
312 1366 431 1438 rapae
455 1359 689 1422 secerdotium
710 1350 740 1438 (l
753 1359 824 1421 Pet.
841 1374 878 1430 11,
895 1354 942 1438 9).
969 1393 970 1440 p
999 1358 1500 1435 geliussczsceatuooesira
1515 1367 1800 1427 333333133νηί3-

141 1463 328 1539 Utrnmque
341 1458 485 1521 contulit
497 1456 692 1519 Dousoeuto
702 1457 866 1519 silvestro
879 1473 945 1518 non
965 1480 969 1537 p
998 1458 1061 1518 tuo
1072 1454 1114 1519 ut
1127 1459 1268 1521 uideam
1284 1461 1404 1522 oestro
1420 1462 1506 1522 oona
1520 1464 1799 1540 3333333313νί-

141 1559 249 1622 solum
265 1570 427 1634 magnum
441 1556 501 1617 sod
514 1555 708 1628 maximum,
724 1570 824 1634 quem
841 1555 876 1617 et
891 1544 969 1616 in-‘
1000 1555 1104 1628 ptocot
1126 1557 1274 1619 Petram
1296 1558 1456 1621 cestorum
1480 1563 1544 1636 oui
1571 1563 1610 1622 iu
1631 1564 1726 1623 coetis
1747 1561 1801 1623 est

144 1657 311 1721 dumentis
338 1652 501 1717 virtutum
527 1653 669 1726 ornavit,
690 1654 726 1715 et
750 1653 793 1730 ad
818 1654 946 1732 apicem
998 1651 1133 1732 (maun.
1148 1652 1357 1735 utillimis
1372 1655 1799 1732 mutumneatismestrt

146 1755 240 1818 sedis
249 1753 453 1832 apostoliea
464 1752 670 1815 sublimavit.
678 1742 867 1815 Sacerdotis
880 1751 948 1814 ofli-
969 1775 972 1830 i
999 1752 1035 1813 st
1047 1749 1131 1813 talia
1148 1748 1285 1816 uiuunt
1303 1752 1425 1816 merita
1445 1758 1517 1833 ejus
1536 1754 1656 1834 quibus
1677 1756 1803 1834 placuit

144 1855 231 1917 dnm
245 1854 300 1915 est
312 1852 460 1914 hostiam
475 1850 607 1913 offerre.
625 1842 681 1913 Sic
694 1838 946 1929 stipassecun-
967 1848 971 1871 ”
1001 1849 1070 1908 Deo
1083 1846 1120 1908 in
1137 1847 1255 1909 diebus
1272 1849 1359 1922 suis,
1380 1850 1415 1912 et
1434 1850 1590 1913 iuventus
1612 1853 1662 1913 est
1678 1852 1800 1930 justus,

143 1953 219 2013 dum
228 1949 372 2013 verbim
386 1948 538 2027 Apostoli
551 1948 717 2011 dicentis:
734 1950 948 2013 Obsecrooos
1000 1943 1081 2021 quis
1098 1936 1222 2022 quanto
1228 1948 1336 2024 major
1349 1946 1433 2033 erat,
1445 1947 1538 2010 tanto
1553 1948 1753 2011 humiliatat
1767 1964 1803 2012 se

143 2066 205 2127 per
218 2051 504 2111 miscricordiam
518 2050 585 2110 Dei
602 2048 642 2109 ut
658 2048 852 2111 cohibeatis
863 2061 947 2110 cor·
968 2084 972 2111 .
999 2041 1038 2103 ln
1053 2041 1218 2104 omnibus.
1240 2045 1326 2116 Quia
1347 2045 1436 2107 sicut
1454 2046 1505 2108 sol
1531 2044 1701 2125 illumiuat
1715 2048 1803 2110 diem

144 2161 230 2224 poro
252 2147 378 2209 cestra
399 2146 548 2208 hostium
572 2145 757 2220 cicentem,
777 2145 947 2219 salictam,
968 2142 974 2212 ¹,
1002 2141 1036 2202 et
1054 2138 1134 2201 luna
1153 2138 1322 2203 illuminat
1339 2140 1483 2217 noctem,
1504 2140 1553 2206 lta
1574 2145 1694 2207 merita
1712 2145 1803 2209 beati

145 2244 423 2322 remacensem
437 2241 546 2323 (aon.
564 2257 625 2316 ιιι,
643 2241 688 2323 1).
1005 2237 1157 2301 silvestri
1166 2236 1441 2304 illuminaverunt
1453 2240 1636 2304 aeclesiam
1648 2244 1724 2320 oei,
1736 2260 1805 2306 non

185 2341 380 2406 Sacerdotis
392 2340 538 2404 oilloium
548 2343 718 2403 estllenm
728 2340 877 2420 quotidie
888 2352 949 2419 pro
972 2367 975 2420 i
1000 2337 1132 2399 tantum
1151 2332 1335 2399 Ecclesiam
1351 2339 1411 2400 scd
1427 2340 1528 2401 etism
1545 2340 1671 2415 urbem,
1688 2342 1721 2404 et
1737 2358 1805 2404 non

150 2442 271 2521 populo
289 2439 357 2502 sihi
376 2440 553 2502 commisso
572 2448 730 2502 exorare:
751 2440 792 2501 lili
810 2434 947 2512 sicist‘e,
1002 2435 1133 2497 tuntum
1164 2434 1281 2497 urbem
1307 2432 1368 2498 sed
1394 2434 1500 2499 toturn
1528 2438 1652 2501 orbem.
1680 2436 1807 2502 Debent

149 2545 183 2605 et
205 2538 363 2602 exoraut
385 2530 592 2601 Alttssimum
614 2539 649 2600 et
671 2538 828 2602 inuentus
847 2538 898 2601 est
915 2537 950 2599 in
973 2513 975 2556 ¹
1005 2532 1094 2595 enim
1111 2532 1301 2596 sacerdotes
1325 2533 1409 2597 alios
1424 2536 1618 2612 precellere
1635 2537 1670 2598 in
1686 2539 1756 2600 uita
1771 2539 1807 2601 et

150 2628 290 2701 numero
310 2636 722 2699 Sanctorumsaoeidotis
742 2636 886 2698 odicium
900 2636 952 2699 est
1002 2630 1150 2693 silletum
1165 2630 1336 2708 dignitatis
1349 2648 1508 2695 exercere
1521 2634 1646 2713 absque
1659 2635 1802 2713 macula,

145 2735 742 2815 judicareintorleprametlepram,
756 2734 952 2797 etintersa-
976 2809 977 2812 Ἴ
1002 2724 1093 2792 unde
1119 2728 1160 2791 de
1180 2729 1230 2791 eis
1256 2726 1379 2807 legitur
1405 2729 1442 2792 in
1465 2730 1702 2796 modeueuico
1727 2755 1735 2795 ε
1762 2738 1807 2797 lu

149 2830 240 2897 crum
265 2836 301 2897 et
322 2834 543 2912 prophanum.
563 2822 623 2895 ‘sio
645 2834 678 2898 et
698 2833 780 2909 isto;
805 2832 892 2896 unde
911 2834 954 2896 de
976 2879 977 2900 .
1005 2829 1102 2889 muni
1116 2836 1220 2901 33333
1237 2825 1295 2889 tuo
1310 2832 1512 2904 procellosis
1527 2830 1611 2904 esto,
1631 2832 1667 2892 et
1686 2846 1731 2894 33
1748 2835 1808 2894 cies

151 2934 212 2997 isto
226 2933 377 2996 dicitur:
402 2933 541 2995 Veritus
557 2942 638 2994 uico
652 2933 691 2995 ct
710 2934 953 2994 misericordie
975 2919 977 2968 ἒ
1004 2929 1178 2987 metium
1197 2926 1236 2986 in
1255 2928 1367 3005 pinno
1381 2925 1442 2989 twa
1461 2924 1576 3006 (secli.
1597 2943 1720 3003 amu,
1738 2926 1805 3010 24),

148 3048 225 3096 mco
242 3046 325 3094 cum
339 3034 415 3107 ipso
428 3029 498 3110 (Po.
514 3031 564 3102 88,
575 3028 646 3110 ilo).
670 3030 861 3093 sucerdotis
879 3029 954 3092 olil-
975 3019 977 3086 ]
1006 3020 1103 3092 idest,
1117 3020 1235 3085 vidum
1250 3022 1286 3084 in
1298 3020 1463 3100 dignitate
1475 3026 1544 3098 tua,
1558 3026 1617 3088 aut
1629 3026 1665 3088 in
1679 3026 1807 3106 proedi-

150 3132 236 3193 oium
258 3130 311 3193 est
322 3128 492 3191 discordes
511 3128 553 3190 ud
567 3116 783 3190 »concordiam
795 3128 952 3191 reconci-
1005 3118 1216 3183 cationetuu.
1232 3118 1328 3183 Unde
1345 3120 1501 3186 sacerdos
1512 3124 1635 3185 ueteris
1649 3123 1808 3202 legisan-

149 3230 244 3291 liare.
274 3228 334 3290 Sic
356 3227 390 3290 et
412 3218 487 3296 iste,
515 3226 673 3304 quonium
697 3226 738 3287 de
761 3240 803 3288 eo
832 3225 954 3289 dicitur
976 3273 977 3278 1
1007 3218 1220 3281 nuntiaturus
1235 3216 1369 3298 populo,
1391 3222 1450 3286 aut
1463 3222 1602 3284 Domino
1617 3222 1809 3286 immolatu-

150 3330 237 3404 puod
255 3330 295 3388 tn
313 3327 470 3399 tompore
484 3327 678 3387 tmcuodiae
696 3324 955 3399 1333333333-
977 3381 978 3404 ξ
1004 3333 1065 3379 rus
1075 3317 1168 3396 prius
1183 3317 1219 3379 in
1235 3318 1373 3397 speculo
1388 3334 1426 3383 se
1439 3318 1583 3394 videbat,
1600 3322 1809 3401 etrepertam

148 3424 342 3489 conciliatio
365 3422 482 3503 (ltocli.
505 3436 597 3495 xs1v,
622 3421 687 3503 17).
714 3424 754 3485 itt
770 3422 849 3485 ideo
864 3421 955 3487 dedit
1008 3415 1184 3487 maculam,
1199 3415 1237 3477 in
1251 3415 1342 3478 labio
1359 3428 1464 3491 aeneo,
1485 3412 1664 3497 antequam
1682 3420 1808 3499 aliquid

149 3522 350 3585 annemundo
358 3519 781 3584 mneuuuonomommum
789 3506 951 3598 metrum,
1007 3513 1133 3591 agere,
1150 3510 1317 3578 uoluebat.

150 3623 184 3684 et
198 3620 405 3683 beatificavit
423 3619 520 3680 illum
544 3619 583 3681 in
598 3619 718 3696 gloria.
730 3620 805 3683 iam
818 3618 954 3682 heatlii-
1048 3612 1153 3675 Multo
1168 3610 1288 3676 lortius
1313 3612 1503 3677 sacerdotes
1524 3614 1630 3678 nostri
1649 3616 1810 3695 temporis

151 3720 240 3783 sarit
260 3718 358 3781 illum
388 3718 424 3778 in
455 3717 585 3787 anima,
611 3717 670 3780 sed
694 3718 729 3779 et
752 3716 956 3781 beatificabit
1009 3711 1044 3771 in
1059 3710 1194 3788 speculo
1208 3710 1318 3774 cordis
1337 3710 1457 3774 debent
1472 3728 1508 3773 se
1522 3712 1647 3789 videre,
1666 3731 1710 3776 ne
1723 3731 1807 3793 peo-

151 3818 248 3880 illum
268 3818 304 3879 in
319 3826 471 3893 corporo.
489 3815 609 3878 'Sancti
630 3830 773 3894 namquo
790 3815 955 3893 duplicem
1006 3809 1076 3870 oati
1094 3807 1225 3871 macula
1244 3808 1280 3869 in
1306 3810 1356 3870 eis
1372 3810 1484 3872 valeat
1502 3808 1617 3883 latere,
1639 3827 1738 3890 quam
1753 3827 1812 3874 re-

151 3914 410 3994 glorilicationis
430 3914 550 3976 stolam
567 3913 747 3988 habebunt,
764 3928 864 3978 unam
881 3912 954 3994 rpi-
1009 3906 1137 3984 portam
1162 3905 1313 3984 protinus
1340 3902 1461 3968 debent
1490 3922 1551 3984 per
1581 3908 1810 3986 poenitentiam

152 4014 242 4076 ritum
249 4014 283 4075 et
296 4013 437 4075 alteram
450 4013 573 4074 carnis.
593 4042 597 4047 ·
979 4029 980 4042 ¹
1008 4006 1152 4080 tergore,
1169 4002 1326 4082 quonlam
1345 4005 1437 4082 prius
1457 4004 1579 4068 debent
1591 4002 1745 4069 ordinate
1756 4009 1811 4072 vi·

192 4112 286 4174 Stola
306 4110 445 4189 spiritus
463 4108 616 4172 consistit
635 4109 672 4172 tn
689 4110 819 4172 tribuet
835 4111 955 4187 cogni·
1008 4118 1099 4176 rere,
1120 4102 1150 4165 si
1168 4104 1283 4182 postea
1297 4102 1404 4165 velint
1425 4103 1594 4166 meritorie
1614 4105 1808 4182 praedisare.

152 4211 254 4283 tione,
280 4208 515 4280 delectatione,
545 4207 734 4271 diloctIone.
766 4210 814 4271 De
839 4209 957 4286 cogni·
1009 4200 1102 4264 Alias
1128 4201 1319 4264 immundus
1346 4204 1397 4263 est
1418 4202 1580 4265 Sacerdos
1609 4203 1667 4282 qui
1685 4205 1811 4282 praedi-

151 4307 243 4368 tione
263 4304 393 4367 veritas
415 4303 481 4365 aii:
502 4306 588 4366 Hcsc
605 4303 658 4365 est
676 4305 752 4367 otta
765 4305 900 4367 oetcsm
915 4302 955 4366 ut
1010 4300 1075 4362 cat.
1096 4300 1161 4364 out
1181 4316 1281 4379 quam
1295 4300 1392 4363 multi
1414 4312 1528 4363 sumus
1550 4301 1659 4376 hodie,
1677 4301 1808 4377 iratres,

154 4402 361 4480 evanescant
376 4404 410 4464 to
421 4407 532 4464 33333
545 4414 670 4463 ocrem
683 4405 796 4465 Deum
809 4404 843 4465 et
854 4418 956 4478 qoem
1010 4398 1246 4476 praedicatores
1261 4397 1525 4473 remissioni
1544 4406 1643 4478 quum
1658 4403 1756 4479 pauci
1776 4404 1811 4465 et

155 4503 283 4564 muloti
294 4504 417 4563 Jesum
429 4500 607 4561 0333333333
622 4496 733 4578 (ioan.
745 4514 831 4573 xvir,
846 4499 892 4580 3).
909 4504 956 4563 De
1010 4496 1080 4559 rari
1101 4497 1246 4559 ministri
1256 4496 1342 4559 ¹veri
1365 4496 1431 4560 ont
1453 4512 1552 4576 quam
1567 4498 1662 4560 multi
1677 4516 1809 4576 praeco-

155 4599 335 4661 dilectione
347 4597 471 4674 legitur
485 4597 519 4658 in
535 4598 870 4675 suange11021>iitpes
881 4603 956 4662 Do-
1011 4606 1071 4658 nes
1095 4610 1300 4667 sermonum,
1326 4595 1385 4657 ohl
1409 4610 1509 4674 quam
1534 4597 1633 4673 pauci
1663 4597 1809 4660 ministri

155 4702 292 4760 mistum
313 4700 425 4758 Deum
440 4695 539 4757 tuum
554 4709 601 4758 ecs
618 4695 805 4760 totocorde
825 4697 894 4771 tow,
910 4712 958 4760 cc
1012 4693 1250 4771 exemplorum.
1267 4693 1332 4756 0111
1354 4709 1453 4771 quam
1470 4693 1537 4754 alte
1555 4696 1627 4770 ejus
1642 4696 1810 4773 praeconia

157 4798 228 4859 toia
256 4794 375 4857 metue
405 4794 482 4866 tuo,
511 4786 550 4855 ci'
575 4806 623 4855 33
653 4794 726 4856 tota
752 4797 872 4857 anima
897 4796 959 4858 too
1011 4790 1213 4865 intonamus,
1230 4790 1288 4853 ohl
1304 4802 1404 4869 quam
1417 4790 1556 4853 remisso
1571 4794 1812 4870 ejusmandata

157 4893 266 4973 (Dent.
276 4908 328 4966 vi,
341 4890 389 4971 5).
406 4894 454 4953 De
464 4888 685 4953 delectatione
693 4892 835 4968 legitur:
851 4892 959 4957 liccat*
1012 4886 1238 4953 observamus.
1262 4887 1327 4950 oni
1344 4902 1443 4966 quum
1462 4887 1547 4950 altus
1561 4904 1661 4953 voces
1681 4890 1811 4956 attolli·

158 4992 276 5055 133333
289 4991 412 5054 Sancti
423 4993 462 5051 iu
472 4990 860 5067 ptouaamoouoiurm-
870 4995 960 5055 cudt-
1012 5000 1096 5071 mus,
1121 4986 1180 5049 oht
1204 4996 1303 5066 quam
1323 4987 1437 5065 pigros
1458 5002 1577 5050 manus
1599 4991 1809 5054 remittimus.

157 5093 242 5153 titiis
257 5092 336 5153 suis
355 5086 426 5169 (Ps.
449 5089 518 5160 149,
542 5087 587 5169 5).
611 5091 659 5151 De
680 5086 766 5151 stola
788 5091 899 5152 carnis
916 5082 958 5154 ad
1014 5087 1078 5150 Ohl
1103 5098 1202 5164 quam
1220 5086 1255 5146 in
1274 5082 1382 5147 altum
1401 5100 1503 5148 sonos
1525 5087 1726 5163 extollimus,
1750 5091 1809 5152 otri

159 5198 305 5266 praesans
334 5186 544 5250 dimittimus.
577 5185 698 5275 Olnnia
720 5186 819 5273 ¹enim
854 5204 959 5271 oruaf
1013 5178 1729 5264 quaminprotundumactusImmergimur.
1743 5188 1810 5249 Oh!

158 5290 267 5351 menta
286 5286 473 5350 sacerdotis
487 5285 544 5347 hic
558 5300 618 5363 per
637 5286 779 5362 gratiam
792 5288 855 5349 vDei
873 5287 909 5349 in
923 5300 960 5351 se
1014 5300 1113 5364 quam
1129 5280 1284 5345 distincto
1302 5282 1405 5345 veroa
1413 5280 1623 5362 proterimus
1639 5286 1697 5346 olii
1712 5302 1812 5363 quam

159 5386 378 5464 spiritualiter
390 5384 519 5447 hahuit.
536 5384 677 5461 Magnus
690 5382 856 5464 exemplo,
873 5386 960 5465 qnod
1015 5378 1152 5468 contuse
1165 5396 1266 5459 opera
1279 5376 1433 5443 tammus.

160 5500 179 5545 a
196 5489 264 5547 Deo
283 5484 347 5547 luit
366 5483 478 5546 oleum
493 5482 639 5544 effusum
656 5498 779 5547 nomen
796 5500 905 5547 suurn.
922 5486 962 5549 m
1055 5480 1132 5543 Fuit
1155 5480 1266 5542 autom
1292 5476 1410 5543 heatus
1430 5479 1590 5541 silvester
1610 5496 1750 5559 magnus
1770 5483 1812 5546 ab

161 5595 231 5641 cum
248 5596 293 5643 ex
308 5579 415 5643 odore
434 5579 596 5654 unguenti
614 5578 665 5639 sui
680 5579 816 5658 impleta
832 5578 875 5644 stt
896 5581 959 5644 do·
1015 5579 1168 5657 exemplo
1191 5579 1402 5641 miraculosae
1426 5577 1640 5656 operationis,
1666 5581 1701 5642 in
1723 5582 1813 5645 elee-

164 5694 232 5741 mus
244 5677 486 5751 totiusmundi,
495 5676 588 5738 multi
602 5679 823 5744 cucurrerunt
834 5679 867 5744 ot
881 5697 961 5743 cur·
1015 5692 1230 5758 mosynarum
1239 5674 1428 5753 largitione,
1436 5676 1471 5739 in
1477 5676 1811 5744 abstinentiseobson·
