3968 6204
100 382 105 389 ,
157 316 197 378 ’i‘l
562 317 616 378 vi.
637 347 680 362 -
701 317 746 378 IN
767 315 1066 378 ASSUMPTIONE
1086 318 1238 378 BEATAE
1260 318 1423 380 MARIAE.
1783 322 1823 382 78

167 475 266 540 rubeo
286 474 418 538 colore.
437 475 532 540 Unde
548 477 716 554 sapientes
737 477 836 555 brrjus
859 475 974 537 mundi
1026 482 1133 552 pensi
1144 479 1274 539 Aurora
1291 477 1433 555 pectoris
1448 477 1498 541 est
1513 493 1631 541 serena
1647 480 1822 542 conscion-

172 576 292 638 rultum
303 590 442 638 aurorae
453 591 586 638 roseum
596 576 843 652 nuncuparunt.
859 575 974 652 Splen-
1027 574 1086 644 tia,
1098 575 1168 636 sive
1182 575 1314 638 initium
1329 575 1458 652 gratiae,
1471 578 1568 654 juxta
1580 576 1661 638 illud
1673 578 1819 640 Psalmi:

171 674 247 736 dore
261 673 368 735 rubeo
384 673 549 736 coloravit
563 673 694 746 coelum,
711 674 745 734 et
766 673 854 735 roris
871 672 974 735 stilli-
1029 676 1077 733 Tu
1088 674 1277 747 fabricatus
1287 689 1323 736 es
1335 689 1503 736 aurorum
1516 674 1550 736 et
1561 681 1666 736 sotem
1680 672 1750 754 (Ps.
1768 679 1819 749 73,

171 772 267 835 cidiis
292 770 483 849 superfudit
505 770 618 833 orbem
643 773 819 833 terrarum.
847 771 972 832 Caelum
1028 768 1091 848 16),
1115 769 1247 831 initium
1267 771 1405 843 scilicet,
1431 773 1465 833 et
1485 771 1733 850 perfectionem.
1754 778 1818 836 Air-

170 869 341 946 signiflcat
361 869 557 941 Ecclesiam,
572 885 613 931 eo
628 868 714 946 quod
731 868 766 930 in
782 868 972 931 coelestibus
1026 884 1104 931 rora
1123 868 1199 930 coeli
1225 869 1275 930 est
1290 869 1437 945 gloriosa
1455 871 1558 946 virgo
1582 871 1705 944 Maria,
1723 874 1820 949 juxta

171 968 215 1029 sit
233 970 309 1045 eJus
322 967 547 1040 conversantia,
564 965 747 1029 secundum
770 966 852 1027 illud
865 970 973 1044 Apos—
1027 966 1108 1026 illud
1133 965 1223 1028 beati
1247 966 1309 1029 Job
1326 968 1535 1029 :ostendisti
1555 984 1697 1030 aurorae
1710 976 1822 1032 taciem

172 1064 254 1127 toli:
277 1068 413 1127 Nostra
430 1066 647 1127 conuematio
666 1066 704 1126 tn
725 1068 819 1127 coelis
834 1065 885 1126 est
908 1061 971 1142 (Ad
1025 1062 1391 1144 sicenn(lob.xrxv111,
1412 1064 1476 1144 12),
1498 1065 1593 1138 idest,
1614 1067 1745 1143 Virgini
1759 1084 1822 1129 cee-

171 1162 260 1224 Phil.
279 1178 332 1236 111,
349 1159 416 1243 20),
432 1162 485 1224 rel
501 1162 587 1240 quod
608 1164 659 1225 est
677 1163 802 1225 sanctis
821 1162 971 1224 homini·
1026 1162 1142 1224 lestem
1154 1163 1307 1240 petriam,
1325 1162 1381 1224 ubi
1393 1163 1538 1225 exaltata
1557 1164 1608 1227 est
1622 1181 1723 1242 super
1735 1164 1825 1227 cho-⁴

169 1260 232 1322 bus
258 1262 431 1338 tamquam
465 1260 630 1322 sideribus
664 1260 841 1323 illustrata.
879 1260 972 1323 Unde
1026 1262 1300 1337 rosangelorum.

169 1357 351 1436 Apostolus
363 1379 372 1419 z
386 1359 526 1420 Lucetis
538 1359 628 1420 sicut
645 1361 835 1420 iaminarta
853 1361 891 1419 in
911 1362 972 1423 doc
1066 1359 1213 1420 Primam
1227 1374 1383 1421 auroram
1398 1359 1548 1437 sequitur
1562 1360 1633 1421 dies
1647 1359 1818 1439 temporis,

168 1459 301 1518 mundo
312 1459 458 1517 verbnm
468 1457 551 1517 ottae
561 1457 775 1518 continentes
783 1453 892 1536 (idn,
905 1454 969 1536 15).
1026 1455 1066 1518 de
1088 1474 1153 1535 qui
1173 1457 1209 1518 in
1233 1457 1354 1518 Genesi
1379 1456 1503 1519 dicitur
1516 1479 1523 1517 :
1538 1459 1749 1533 Factumque
1768 1461 1820 1522 cst

169 1556 270 1618 Color
284 1554 410 1616 rubeus
420 1553 588 1630 significat
598 1553 751 1632 martyrii
767 1554 968 1632 passionem.
1026 1571 1167 1631 uespere
1182 1556 1216 1617 et
1230 1570 1332 1617 ariane
1345 1558 1420 1617 dies
1436 1571 1528 1617 rences
1545 1554 1641 1635 (Gen.
1657 1572 1680 1629 1,
1697 1556 1742 1637 5).
1759 1560 1821 1619 Se·

169 1655 277 1730 Igitur
295 1669 420 1715 aurora
438 1652 577 1715 coronat
591 1652 711 1713 caelum
730 1651 833 1714 rubeo
857 1651 970 1729 splen·
1026 1653 1166 1715 cundum
1190 1668 1346 1715 auroram
1372 1655 1406 1715 et
1428 1653 1586 1730 praecedit
1610 1655 1643 1716 el
1669 1657 1821 1733 sequitur

171 1751 261 1824 dere,
280 1752 370 1829 quod
382 1753 486 1812 Beata
507 1749 614 1812 Maria
628 1749 775 1812 illustrat
789 1749 970 1811 Ecclesiam
1026 1746 1096 1813 dies
1106 1750 1372 1824 illuminationis,
1386 1751 1482 1824 idest,
1500 1752 1571 1829 ipse
1586 1753 1747 1826 Christus,
1763 1754 1819 1832 qui

169 1851 325 1928 martyrii
340 1850 509 1928 passione.
527 1847 620 1909 Unde
636 1848 769 1910 Simeon
784 1847 825 1908 ad
841 1847 968 1925 ipsam:
1024 1849 1192 1913 illuminat
1220 1864 1351 1931 omnem
1375 1848 1544 1910 hominem
1567 1850 1755 1914 tentantem
1783 1852 1820 1913 in

170 1952 279 2009 iliam
295 1950 407 2023 ipsius
417 1949 575 2008 animam
583 1946 814 2019 pertransibit
822 1949 968 2024 ptadttcs.
1024 1949 1112 2010 hunc
1127 1948 1297 2009 mundum.
1319 1946 1412 2009 Unde
1438 1946 1473 2007 in
1488 1948 1669 2026 Evangelio
1685 1965 1821 2026 compa-

168 2047 242 2107 Non
255 2045 401 2121 legimus
417 2043 502 2123 quod
519 2045 622 2106 Beata
641 2043 748 2105 Maria
763 2044 969 2122 corporalem
1023 2048 1076 2107 rat
1104 2062 1140 2107 se
1155 2044 1222 2106 diei
1238 2045 1350 2105 dicens
1365 2066 1373 2105 z
1387 2047 1511 2106 Nonne
1527 2048 1703 2107 duodecim
1724 2051 1821 2109 borrae

169 2159 228 2220 pro
245 2143 380 2204 Christo
399 2141 597 2204 sustinuerit
614 2141 823 2218 passionem:
849 2142 906 2203 sed
927 2158 970 2203 ex
1023 2141 1411 2221 surctdiet...(loan.x1,
1431 2139 1478 2220 9).
1499 2144 1572 2220 lpse
1587 2143 1638 2206 est
1651 2144 1740 2204 enim
1755 2161 1818 2206 co-

167 2257 208 2303 eo
221 2240 368 2318 gloriam
387 2239 540 2317 martyrii
555 2239 737 2316 promeruit
748 2241 781 2301 et
795 2239 967 2313 honorem,
1024 2242 1136 2302 lamna
1150 2240 1237 2318 ignis
1259 2238 1292 2302 et
1306 2239 1404 2300 nubis
1419 2255 1493 2318 quae
1510 2240 1718 2317 praecedebat
1730 2242 1818 2304 illios

168 2338 255 2417 quod
269 2338 389 2400 videns
404 2337 511 2398 illium
524 2336 561 2397 in
573 2352 672 2398 cruce
685 2337 882 2415 pendentem
897 2354 970 2399 ma·
1025 2340 1127 2402 Israel
1156 2337 1273 2400 contra
1308 2337 1424 2400 aestum
1453 2336 1487 2399 et
1514 2338 1629 2400 contra
1648 2339 1817 2402 tenebras.

168 2437 220 2513 gis
234 2436 310 2513 ipsa
334 2436 370 2496 in
384 2439 494 2496 mente
510 2450 609 2512 passa
626 2436 687 2497 est.
708 2435 969 2511 Significatiraa
1023 2437 1169 2499 Tertiam
1188 2451 1344 2497 auroram
1365 2434 1543 2497 comitatur
1566 2435 1637 2497 dies
1651 2438 1819 2514 justifica-

169 2535 316 2606 nomine,
338 2532 425 2610 quod
444 2547 568 2593 aurora
581 2531 705 2594 dicitur
722 2532 818 2609 quasi
844 2549 969 2609 augens
1022 2536 1135 2608 tionis,
1158 2533 1199 2596 de
1218 2550 1283 2611 quo
1307 2533 1484 2611 Apostolus
1503 2533 1551 2595 ait
1567 2555 1575 2594 x
1592 2535 1687 2596 Sicut
1711 2539 1747 2597 in
1762 2539 1817 2597 die

169 2647 293 2694 rorem.
309 2631 413 2693 Beata
425 2629 533 2692 Maria
546 2629 609 2692 tuit
623 2645 757 2703 aurora,
771 2631 970 2707 quodauxe
1023 2633 1162 2697 noreeste
1189 2635 1402 2693 ambrosious
1425 2629 1494 2710 (nd
1521 2634 1615 2693 Rom.
1637 2648 1716 2705 xnr,
1748 2631 1817 2712 13).

168 2730 212 2791 rit
224 2744 339 2791 rorem
348 2729 467 2805 gratiae
480 2727 769 2789 intolaterrarum
780 2727 966 2790 latitudine.
1024 2731 1180 2803 Quartam
1200 2745 1356 2790 auroram
1371 2729 1405 2790 et
1420 2727 1598 2790 comitatur
1612 2729 1645 2791 et
1667 2731 1819 2807 sequitur

170 2826 265 2889 Unde
284 2842 361 2887 cum
380 2825 521 2887 dixisset
532 2824 638 2887 David
658 2846 666 2885 ε
686 2827 868 2887 Descendit
880 2828 970 2888 sicut
1023 2830 1093 2890 dies
1109 2826 1318 2899 aternitatis,
1336 2826 1376 2887 de
1392 2842 1456 2905 quo
1476 2826 1510 2886 in
1535 2828 1715 2903 Evangelio
1733 2829 1820 2890 dici-

106 2904 120 2927 *
165 2927 287 3002 pluuia
304 2920 549 3003 incedasffs.
567 2925 617 2996 71,
635 2921 682 3003 6),
699 2923 811 2985 statim
830 2923 970 3002 subjun·
1022 2928 1077 2988 tur
1099 2947 1107 2987 ε
1127 2930 1171 2988 In
1196 2927 1251 2987 die
1278 2928 1336 2987 illa
1358 2939 1428 2987 non
1454 2939 1510 2985 me
1532 2925 1698 3000 repositis
1723 2929 1818 3000 untd-

169 3022 241 3084 xit:
272 3023 320 3084 nt
353 3022 444 3084 sicut
468 3022 639 3083 stillicidia
663 3022 831 3084 stillantia
861 3037 969 3097 suaper
1022 3039 1126 3101 qnam
1148 3019 1258 3102 (Joan.
1282 3037 1354 3095 xvi,
1376 3020 1817 3103 23).1nprimaaur0rade

170 3122 307 3184 terram
333 3117 404 3199 (Ps.
430 3117 527 3200 lbid.)
555 3118 653 3180 Prius
679 3118 768 3180 enim
798 3118 970 3182 descendit
1022 3123 1107 3183 lecto
1124 3119 1382 3197 adoperandum
1397 3119 1604 3197 properatur.
1620 3122 1817 3183 Insecuuda

169 3217 282 3296 pluvia
295 3218 331 3278 in
341 3217 478 3287 vellere,
489 3216 586 3291 idest,
602 3217 771 3295 plenitudo
784 3217 967 3281 divinitalis
1022 3235 1101 3281 arca
1130 3220 1201 3280 Noe
1229 3217 1388 3279 divinitus
1423 3216 1618 3279 fabricatur.
1649 3220 1686 3280 ln
1717 3220 1817 3282 tertia

167 3317 202 3378 et
213 3315 334 3392 gratiae
349 3317 385 3377 in
399 3315 519 3389 Maria,
535 3315 691 3392 etpriora
705 3331 766 3393 per
777 3315 883 3394 ipsam
894 3333 969 3394 gra·
1022 3318 1120 3380 homo
1131 3316 1172 3378 ad
1183 3316 1361 3392 imaginem
1377 3316 1411 3378 et
1424 3315 1676 3378 similitudinem
1691 3317 1750 3379 Dei
1761 3335 1818 3381 re-

168 3414 223 3476 tiae
245 3414 419 3476 stillicidia
446 3414 482 3474 in
507 3415 576 3476 toto
595 3415 761 3475 terrarum
785 3414 864 3477 orbe
890 3416 967 3478 sunt
1021 3416 1193 3477 formatur.
1221 3417 1259 3476 In
1283 3415 1401 3492 quarta
1428 3414 1526 3476 stella
1554 3415 1657 3477 maris
1682 3416 1718 3477 in
1733 3417 1817 3478 coelo

168 3511 303 3574 diffusa.
335 3513 417 3574 Item
445 3527 568 3574 aurora
591 3511 828 3589 dicitur·quasi
854 3514 966 3576 avium
1021 3513 1282 3593 splendificatur.

169 3627 239 3681 ora,
256 3610 344 3688 quod
372 3610 451 3672 tunc
470 3608 599 3673 dulcior
619 3609 653 3673 et
672 3610 809 3672 suavior
828 3611 864 3675 nt
881 3627 966 3675 con·
1064 3612 1176 3674 Prima
1201 3624 1324 3673 aurora
1357 3609 1464 3672 oritur
1488 3608 1531 3671 ab
1550 3609 1695 3684 Oriente,
1718 3614 1817 3691 juxta

167 3711 285 3772 centus
295 3709 420 3770 arium.
1021 3710 1103 3772 illud
1118 3708 1370 3786 Evangelicum:
1386 3709 1486 3770 Valde
1499 3723 1602 3769 ncane
1615 3724 1686 3770 una
1697 3712 1819 3773 sabba-

207 3809 297 3869 Aves
328 3808 406 3869 sunt
429 3806 616 3884 prophetae,
645 3804 826 3866 concentus
854 3806 966 3869 arium
1022 3810 1139 3871 torum
1152 3806 1296 3868 veniant
1309 3807 1354 3866 ad
1367 3806 1639 3876 monnncentnm,
1655 3808 1818 3879 ortojam

168 3905 247 3966 sunt
259 3905 430 3982 praeconia
446 3904 692 3982 prophetarum.
709 3903 853 3965 Proinde
864 3906 966 3967 Beata
1020 3901 1306 3984 scle(Marc.xv1,
1322 3898 1367 3980 2).
1393 3899 1486 3962 Unde
1504 3900 1635 3962 scilicet
1654 3904 1727 3963 orta
1742 3902 1817 3965 tue-

168 4003 276 4065 Maria
299 4002 425 4064 dicitur
451 4017 595 4075 aurora,
615 4000 718 4074 idest,
746 4002 858 4063 avium
887 4019 964 4077 ora,
1020 4002 1073 4065 rat
1085 4015 1218 4063 aurora.
1232 3997 1384 4060 Secunda
1395 3997 1503 4060 oritur
1513 3997 1554 4059 de
1565 3997 1670 4060 latere
1680 4000 1815 4062 Christi.

168 4100 255 4178 quod
285 4100 400 4162 omnia
430 4099 668 4177 prophetarum
699 4101 867 4176 praecouia
893 4104 966 4179 ejus
1020 4099 1106 4163 Nam
1130 4098 1216 4160 sicut
1250 4096 1330 4160 olim
1357 4095 1449 4158 misit
1475 4098 1563 4158 Deus
1591 4113 1743 4175 soporem
1781 4099 1817 4160 in

168 4200 319 4276 tempore
340 4199 419 4260 sunt
444 4196 617 4275 completa.
640 4197 741 4260 Recte
756 4196 859 4274 igitur
881 4198 968 4261 dici·
1020 4198 1137 4270 Adam,
1148 4197 1181 4260 et
1194 4194 1272 4258 tulit
1290 4211 1390 4256 unam
1405 4194 1446 4256 de
1460 4195 1562 4257 costis
1582 4196 1665 4273 eJus,
1685 4196 1816 4260 etaedi-

169 4297 234 4370 tur,
248 4300 351 4372 anast
364 4309 498 4358 aurora
513 4309 735 4372 consumens,
752 4295 839 4373 qarod
857 4298 967 4359 mente
1020 4296 1134 4358 ficarlt
1154 4311 1228 4358 eam
1251 4294 1287 4355 in
1312 4292 1506 4366 mulierem,
1531 4293 1632 4356 itaet
1655 4294 1692 4355 in
1718 4310 1817 4358 cruce

169 4394 203 4459 et
212 4393 382 4457 desiderio
398 4408 531 4471 semper
543 4392 786 4456 conscendebat
799 4394 835 4455 in
850 4394 964 4468 altum,
1019 4410 1106 4456 unus
1128 4392 1270 4454 millium
1293 4390 1411 4452 lancea
1438 4390 1526 4452 latus
1547 4394 1620 4469 ejus
1639 4393 1771 4469 aperuit
1785 4396 1818 4455 et

171 4493 203 4554 et
215 4494 289 4569 eJ'us
304 4491 374 4554 rita
388 4491 513 4568 inclyta
524 4490 677 4552 cunctam
698 4489 843 4554 illustrat
859 4492 967 4554 Eccle-
1021 4489 1126 4553 exirit
1146 4488 1282 4567 sanguis
1296 4488 1331 4550 et
1353 4503 1458 4566 aqua3
1481 4504 1525 4549 ex
1550 4487 1669 4566 quibus
1695 4492 1818 4551 Sacra-

170 4589 267 4651 siam.
288 4588 390 4662 Quasi
409 4603 534 4650 aurora
555 4588 768 4651 consurrexit
789 4589 825 4650 in
849 4590 964 4663 altum,
1021 4585 1579 4651 mentisoriaestEcclesia.Tertia
1594 4586 1734 4647 oritura
1749 4589 1816 4649 Deo

168 4686 302 4765 quando
333 4685 424 4747 dedit
448 4684 538 4747 nocti
572 4684 768 4760 terminum,
800 4686 867 4748 diei
904 4687 967 4748 ini·
1021 4688 1130 4757 Patre,
1145 4685 1233 4746 unde
1246 4682 1817 4760 dacobiullpistola:Omnedatnm

168 4784 265 4846 tium.
1021 4785 1189 4860 optimum
1209 4782 1243 4843 et
1264 4795 1364 4844 mnne
1386 4782 1514 4841 donum
1532 4780 1729 4855 perfectam
1753 4785 1817 4845 de-

207 4883 292 4944 ltem
307 4896 431 4944 aurora
445 4879 622 4959 multiplex
635 4882 687 4944 est
703 4903 710 4941 :
726 4881 785 4944 Est
802 4882 891 4944 enim
910 4899 967 4944 au·
1020 4896 1163 4945 sursum
1177 4878 1229 4940 est
1247 4880 1453 4940 descendens
1474 4891 1497 4938 a
1516 4877 1627 4940 Patre
1647 4883 1819 4944 luminum

169 4995 245 5045 rora
260 4979 432 5057 temporis,
449 4993 573 5041 aurora
590 4979 716 5052 mundi,
740 4995 863 5041 aurora
883 4997 966 5057 pec·
1022 4976 1150 5058 (Jacob.
1165 4992 1190 5047 1,
1207 4972 1271 5055 17).
1292 4973 1384 5047 Quod
1402 4995 1410 5033 ι
1427 4975 1550 5037 Omnia
1568 4989 1675 5050 opera
1696 4980 1819 5041 nostra

169 5077 262 5150 toris,
279 5092 405 5138 aurora
419 5076 507 5138 coeli.
521 5078 651 5138 Aurora
667 5076 826 5154 temporis
848 5078 908 5151 est,
926 5078 967 5139 de
1021 5075 1183 5150 operatus
1206 5073 1258 5134 est
1277 5074 1373 5134 nabis
1397 5075 1490 5134 Dens
1512 5070 1815 5155 (lob.xxx111,29).

170 5191 233 5253 qua
261 5175 299 5237 iu
328 5174 451 5239 Genesi
479 5172 564 5235 dixit
598 5173 738 5250 angelus
768 5172 809 5235 ad
837 5175 965 5238 Jacob:
1022 5172 1150 5250 etipse
1172 5170 1273 5233 etiam
1296 5169 1405 5247 inquit
1429 5187 1489 5249 per
1508 5169 1630 5232 isaiam
1651 5174 1818 5234 :Omnem

168 5274 313 5338 Dimitte
350 5287 406 5335 nee
434 5274 517 5347 ania
545 5274 625 5347 jam
653 5273 807 5334 ascendit
834 5287 968 5335 carrara
1020 5267 1819 5348 datnmeact'ectsssaiuvu,16).Quertaoritur

170 5370 265 5451 (Gen.
288 5367 630 5450 11111,26.).Aur0ra
649 5369 763 5430 mundi
786 5371 838 5432 est
851 5370 968 5432 Eccle-
1022 5369 1062 5431 de
1083 5369 1186 5447 stirpe
1208 5366 1312 5428 Dauid
1332 5366 1430 5445 juxta
1454 5365 1535 5427 illud
1564 5366 1816 5441 evangelicum:

171 5470 231 5539 sia,
255 5487 332 5549 quae
351 5470 521 5546 tamquam
537 5467 628 5531 sidus
643 5468 813 5544 singulare
826 5467 968 5545 refulget
1021 5467 1182 5529 Ascendit
1195 5466 1312 5528 antem
1333 5466 1368 5526 et
1384 5468 1508 5538 loseph
1527 5467 1564 5525 in
1578 5461 1763 5539 Bethleem,
1780 5467 1820 5528 nt

166 5568 200 5629 in
214 5568 352 5630 mundo.
371 5568 466 5629 Unde
494 5565 550 5626 hic
569 5564 691 5627 dicitur
707 5588 715 5626 ε
730 5567 811 5634 aaa
831 5567 883 5629 cst
899 5568 968 5629 ista
1019 5564 1247 5640 profiteretur
1273 5578 1351 5624 cam
1379 5564 1496 5623 Maria
1521 5564 1727 5635 desponsata
1754 5569 1820 5627 sibi

165 5682 241 5749 aaa
269 5665 505 5745 proprcditnr
531 5666 631 5741 acrasi
660 5677 794 5727 aurora
823 5677 968 5728 cornar-
1021 5672 1135 5726 armore
1149 5661 1368 5740 praeparante,
1385 5661 1522 5734 contrad
1544 5659 1635 5739 esset
1655 5663 1697 5724 dc
1718 5664 1817 5725 darno
