3968 6204
157 372 209 435 ru
611 365 805 441 x11.-1u
827 380 1014 448 usuum
1036 385 1185 453 sancus
1207 390 1344 455 aurai.
1747 403 1807 469 142

152 528 344 595 ‹testatem
364 529 493 595 babent
505 548 724 615 super-aquas
737 540 951 603 convertendi
1007 543 1150 609 ulterim
1173 547 1264 611 mala
1285 565 1352 617 tion
1378 549 1495 627 iaciat,
1520 553 1706 634 dequibus
1735 561 1805 639 ugit

151 643 247 691 ‹eas
271 627 308 689 in
334 631 547 708 sanguinem,
575 632 609 695 et
632 636 808 712 percutere
827 639 952 701 terram
1007 643 1256 723 poeniteutiam
1278 648 1341 715 sed·
1366 648 1465 717 debet
1487 653 1627 719 reddere
1652 673 1713 734 pro
1742 675 1805 725 sua

148 726 282 789 ‹omni
308 727 410 805 plaga
436 729 708 810 quotiescumque
732 734 952 799 voluerint»
1005 739 1233 825 redemptione
1256 747 1400 827 pretium
1428 749 1675 827 aestimatiouis,
1705 755 1802 827 idest,

148 824 266 886 claves
277 824 473 889 divinorum
481 828 689 907 eloquiorum
704 834 781 896 sunt
790 835 879 897 modi
891 851 953 897 ex·
1006 854 1196 907 mensuram
1209 843 1401 913 christianae
1421 848 1602 924 servitutis,
1618 852 1715 926 idest,
1731 870 1805 917 ser-

146 922 293 1003 pouendi
327 924 362 986 et
394 925 601 1002 predicandi
627 930 827 1007 Scripturas.
858 934 951 997 Unde
1005 935 1077 999 vire
1093 940 1161 1002 Deo
1176 943 1356 1009 secundum
1378 946 1527 1023 regulam
1549 948 1627 1013 fidei
1646 950 1806 1017 christia-

144 1021 294 1082 loaunes
305 1021 343 1081 in
356 1023 576 1102 Apocalypsi:
589 1029 675 1089 Hmc
688 1029 771 1091 dicit
784 1031 952 1109 usitabat
1005 1050 1070 1096 nac.
1097 1036 1133 1097 Si
1153 1041 1264 1103 autem
1279 1057 1406 1121 pauper
1426 1046 1477 1113 est
1494 1046 1673 1111 virtutibus
1687 1051 1722 1111 et
1736 1066 1803 1114 nou

142 1122 278 1180 dacem
290 1120 416 1193 David,
434 1125 494 1195 out
507 1124 623 1197 aperit
640 1125 676 1187 et
693 1140 794 1190 nemo
810 1131 949 1204 claudit,
1005 1134 1115 1210 potest
1138 1136 1251 1203 omnia
1272 1139 1414 1215 solvere,
1442 1142 1530 1207 sicut
1551 1144 1657 1218 debet
1673 1148 1802 1225 judicio

142 1216 323 1279 modoet
337 1221 566 1299 nemoopertt
578 1218 693 1301 (ipsc.
707 1239 761 1298 m,
771 1223 821 1305 t).
836 1227 952 1291 Domi·
1005 1232 1187 1301 scamus
1201 1234 1300 1309 dalet
1313 1239 1386 1321 nus
1398 1241 1788 1323 penitentiamoderari.

143 1329 206 1375 uus
221 1313 328 1378 babet
342 1314 474 1381 clavem
486 1319 603 1393 David,
619 1320 717 1395 idest,
740 1322 876 1387 modum
894 1326 948 1389 vel

143 1411 299 1489 regulam
318 1415 509 1491 exponendi
530 1417 730 1503 Scripturas.
750 1422 827 1501 Ipse
841 1423 950 1501 aperit
1361 1453 1439 1543 XII

142 1526 241 1573 sacra
269 1512 434 1588 mysteria
459 1513 580 1591 quibus
606 1514 768 1592 voluerit,
795 1521 829 1581 et
850 1536 949 1585 nemo

144 1608 280 1682 claudit,
306 1609 535 1683 idest,.uuuus
552 1612 651 1677 bomo
665 1616 774 1693 potest
792 1617 950 1683 claudere
1107 1637 1152 1699 [Ν
1174 1639 1369 1709 vincum!
1384 1642 1536 1715 ΒΑΜ)
1556 1647 1692 1712 pnpffl,

145 1722 279 1768 sensum
300 1707 358 1769 cui
378 1708 540 1771 Dominus
560 1713 746 1788 aperuerit,
765 1715 800 1778 et
820 1731 840 1779 e
867 1732 950 1783 con-

144 1820 251 1866 verso.
270 1806 334 1866 11ae
364 1805 476 1871 claves
502 1805 637 1873 luerunt
656 1810 745 1873 datas
766 1813 945 1891 Apostolis,
1041 1807 1144 1869 Nunc
1157 1809 1227 1871 8020
1243 1823 1327 1883 vere
1341 1814 1423 1886 eota
1442 1814 1539 1877 misit
1553 1818 1721 1879 Domum
1734 1834 1800 1880 (tlt-

143 1901 275 1979 qunndo
291 1903 453 1967 Dominus
466 1906 598 1982 apernit
614 1907 665 1969 nis
677 1924 826 1985 sensum²
843 1912 881 1974 ui
893 1910 948 1974 in-
1000 1906 1114 1985 gelum
1132 1920 1236 1967 Situm
1253 1906 1288 1969 et
1308 1909 1439 1982 eripuit
1463 1925 1520 1973 me
1540 1914 1582 1974 de
1599 1928 1707 1975 mitat
1720 1919 1798 1977 Ηθ·

142 2000 335 2077 teuigerent
351 2002 553 2080 Scripturas.
1000 2004 1096 2063 rodis
1120 2003 1155 2065 et
1176 2006 1217 2069 dc
1238 2007 1334 2067 maci
1355 2008 1594 2083 caperratum
1610 2013 1719 2088 piebis
1734 2016 1800 2075 Ju-

181 2098 277 2169 ouoa
303 2100 423 2177 quarto
440 2099 545 2163 dixit:
558 2102 605 2167 nr
625 2106 946 2184 commovitqu-
999 2101 1157 2161 aeorum
1170 2097 1260 2179 (Act
1275 2118 1336 2172 m,
1358 2102 1427 2183 11),

143 2197 266 2259 veritis
284 2198 567 2273 superterram,
591 2203 662 2265 erit
683 2204 829 2279 nantum
853 2206 887 2271 et
908 2209 945 2269 in
1039 2197 1177 2273 Legitur
1201 2198 1237 2259 iu
1265 2198 1414 2265 historiis
1441 2202 1528 2283 quoti
1557 2205 1796 2297 Caius-Cuisur

140 2298 273 2356 coeus...
292 2291 426 2373 (Mattb.
450 2311 553 2370 xvus,
577 2296 646 2379 18).,
662 2301 786 2379 Magna
798 2301 944 2381 dignitas
998 2295 1163 2359 Herodem
1183 2312 1259 2359 cum
1278 2298 1466 2362 Herodiade
1480 2316 1586 2367 uxore
1600 2319 1660 2365 sua
1673 2305 1797 2369 dudum

142 2394 191 2454 est
215 2392 306 2471 quod
331 2395 404 2470 0J'ns
433 2394 598 2459 sententia
619 2399 788 2475 prae'cpdat
808 2402 945 2467 senten-
997 2391 1189 2458 inexilium
1211 2394 1386 2472 relegauit,
1411 2397 1523 2477 ibique
1545 2401 1649 2463 Vitam
1674 2402 1795 2468 finivit.

141 2488 221 2553 uam
235 2489 325 2563 omli,
342 2490 376 2553 el
394 2506 494 2569 quem
515 2493 587 2573 ipse
603 2495 832 2577 reprobaverit
854 2501 943 2565 Dans
997 2489 1147 2555 Herodes
1155 2506 1234 2554 vero
1242 2493 1389 2572 agrippa
1402 2493 1506 2565 irater
1515 2497 1712 2563 Herodiadis
1726 2499 1798 2563 iac-

143 2584 290 2658 dnmnnt,
305 2603 406 2665 quem
423 2588 497 2666 ipse
517 2588 699 2657 absolverit
716 2595 805 2659 Deus
819 2611 944 2676 appro-
996 2587 1050 2649 tus
1074 2589 1124 2651 est
1143 2604 1205 2650 rex
1217 2591 1512 2668 ierosolymorum.
1530 2595 1604 2668 Qui,
1622 2598 1658 2658 ut
1669 2597 1795 2661 JudaeiS

141 2681 205 2746 nen
217 2686 308 2747 vere
322 2685 473 2749 Ecclesia
487 2703 562 2749 cum
576 2690 644 2753 neo
663 2691 715 2753 est
730 2708 816 2757 unu,
835 2693 941 2771 spiri.
997 2683 1153 2762 placeret,
1170 2686 1338 2751 iuterieclt
1354 2688 1515 2753 iacobum
1536 2691 1673 2755 tratrem
1690 2697 1796 2759 loan-

139 2782 204 2854 ως,
229 2781 289 2845 ubi
309 2783 407 2849 nnn
430 2785 485 2851 ρει
506 2785 619 2853 ,mnas
647 2790 886 2857 sententiarum
908 2794 944 2861 θ)
993 2782 1048 2843 uis
1063 2783 1186 2860 gladio,
1203 2786 1358 2863 apposuit
1368 2787 1470 2853 etiam
1480 2788 1517 2852 ut
1530 2790 1795 2868 apprehenderet

141 2879 364 2944 voluntatum.
394 2882 486 2947 uude
509 2886 688 2961 Apostolus
707 2907 716 2949 ι
734 2890 798 2956 Qut
823 2890 942 2955 autem
995 2883 1029 2947 et
1042 2882 1187 2956 Petrum,
1204 2882 1313 2960 ligans
1325 2899 1400 2949 eum
1417 2885 1455 2949 iu
1475 2902 1645 2951 carcerem
1659 2892 1795 2971 propter

140 2978 296 3042 maceret
317 2982 404 3052 neo,
430 2996 521 3044 unns
547 2985 695 3059 spiritus
720 2986 773 3048 est
795 3001 876 3050 oum
900 3003 940 3053 ρο
995 2979 1067 3040 dies
1092 2996 1301 3063 anymorum,
1331 2981 1409 3045 vitae
1443 2982 1536 3050 illius
1571 3001 1727 3064 parcam,
1758 2989 1794 3051 ut

141 3074 169 3155 (l
181 3077 256 3137 Cor.
274 3091 321 3149 vr,
335 3075 400 3157 17).
414 3077 535 3143 Tribus
543 3079 656 3161 itaque
671 3082 777 3145 modis
790 3085 941 3155 Ecclesia
994 3078 1107 3155 postea
1131 3094 1209 3142 eum
1235 3079 1450 3145 interficeret
1477 3083 1541 3145 Sed
1569 3083 1726 3147 clamavit
1749 3085 1794 3151 ad

140 3172 221 3249 ngat
244 3174 279 3236 et
301 3174 415 3239 solvit,
437 3176 543 3241 solvit
567 3178 765 3243 remittendo
778 3185 938 3259 peecata,
994 3177 1172 3239 Dominum
1186 3178 1305 3240 Petrus
1320 3180 1354 3243 et
1372 3179 1535 3243 liberatus
1547 3183 1598 3246 est
1614 3198 1673 3261 per
1687 3199 1793 3261 auge-

140 3270 223 3348 iigat
238 3272 427 3351 retinendo.
442 3274 537 3338 Unde
555 3276 714 3343 Dominus
733 3279 769 3341 tn
781 3282 938 3359 Evanga-
993 3275 1063 3338 lum
1089 3275 1130 3337 de
1156 3291 1302 3338 carcere.
1327 3279 1407 3339 Haec
1438 3279 1578 3342 historia
1605 3281 1642 3343 in
1674 3283 1792 3345 sancta

139 3368 183 3431 110
204 3390 213 3429 :
234 3372 393 3437 Qunam
409 3375 621 3439 remiseritis
643 3377 785 3452 peccata
810 3380 938 3442 remit.
993 3373 1143 3443 Ecclesia
1164 3373 1352 3437 celebratur
1376 3375 1583 3454 frequenter,
1611 3379 1645 3442 et
1670 3379 1707 3442 in
1732 3397 1792 3443 su-

139 3466 262 3529 {untur
281 3471 343 3541 ein,
359 3470 393 3532 et
405 3485 554 3545 quorum
568 3473 788 3541 retinueritis
801 3477 941 3546 retenta
993 3469 1128 3547 perficio
1156 3471 1297 3535 hittoria
1320 3487 1382 3535 llos
1409 3473 1560 3543 instruit,
1585 3477 1620 3539 et
1643 3476 1791 3540 medulla

137 3566 219 3627 ,emt
234 3565 348 3644 (Μ,
370 3567 595 3648 mannum
609 3570 693 3649 ngat
709 3574 940 3641 0100me-
993 3566 1108 3641 tritici,
1124 3568 1223 3642 idest,
1233 3569 1418 3648 spiritualis
1429 3570 1615 3635 inteuectus
1627 3572 1718 3638 intus
1729 3591 1790 3638 uos

138 3661 259 3735 cando,
271 3664 373 3728 solvit
389 3665 432 3729 ad
453 3668 719 3733 communionem
733 3671 938 3748 recipiendo.
993 3666 1109 3743 pascit·

140 3760 234 3822 Unde
246 3764 450 3840 praeooptum
465 3765 539 3827 erat
557 3766 593 3829 in
613 3768 712 3843 Lege,
729 3769 766 3831 ut
789 3768 888 3833 homo
902 3771 941 3837 in
1032 3764 1180 3827 Historia
1194 3764 1374 3843 dupliciter
1392 3783 1453 3830 nos
1476 3766 1623 3841 instruit,
1640 3769 1673 3831 et
1687 3770 1723 3832 ut
1745 3769 1788 3830 ad

138 3874 201 3935 quo
226 3859 362 3936 signum
386 3860 488 3940 leprae
513 3861 705 3937 videbatur,
718 3864 938 3933 adduceretur
992 3865 1095 3923 Deum
1121 3862 1162 3923 de
1186 3861 1400 3926 tribulatione
1422 3864 1614 3938 clamemus,
1635 3867 1669 3928 et
1692 3866 1727 3928 ut
1752 3866 1788 3928 iu
1906 3907 1909 3912 -

138 3955 178 4017 ad
193 3958 421 4035 sacerdotem
443 3960 477 4021 et
489 3962 562 4039 ejus
572 3961 702 4045 judicio
720 3964 944 4043 separabatur·
991 3958 1156 4041 principio
1173 3960 1336 4024 sermonis
1362 3961 1470 4023 nostri
1495 3962 1717 4042 nosmetipsos
1730 3979 1789 4026 ac-

138 4052 178 4115 ab
192 4054 272 4117 aliis
293 4055 497 4137 bominibus,
516 4058 571 4123 vel
591 4059 816 4142 recipiebatur
834 4079 938 4127 sana·
991 4072 1155 4131 cusemus,
1172 4056 1252 4137 quia
1271 4057 1360 4123 sicut
1372 4058 1454 4121 dicit
1473 4059 1628 4123 Salomon
1643 4078 1650 4117 ε
1665 4062 1788 4125 limitis

138 4153 200 4216 tus.
990 4158 1028 4217 tu
1052 4159 1226 4233 principio
1247 4160 1421 4221 emmonis
1447 4160 1630 4222 moveator
1654 4161 1707 4223 cst
1731 4164 1788 4223 sot

175 4252 289 4315 Variae
303 4253 432 4332 species
451 4254 658 4334 leprosorum
679 4257 870 4335 significant
884 4259 937 4323 di-
991 4251 1104 4335 (Prov.
1122 4269 1217 4327 svm,
1242 4252 1305 4336 17).
1327 4254 1561 4321 clamaverunt
1581 4257 1644 4323 tilii
1670 4258 1784 4333 Israel,

138 4350 315 4414 versitates
338 4353 564 4431 peccatorum.
588 4355 651 4428 Qui
671 4356 894 4421 excluduntur
914 4374 935 4420 a
990 4353 1023 4413 et
1047 4352 1209 4416 Dominus
1231 4352 1271 4415 de
1290 4354 1544 4421 necessitatibus
1564 4372 1680 4421 eorum
1702 4356 1812 4447 line„

139 4448 306 4511 consortio
315 4448 498 4525 bominum,
510 4452 935 4533 quandoexoommunican-
988 4449 1078 4511 ravit
1098 4465 1172 4526 eos;
1188 4450 1346 4515 clamavit
1359 4453 1478 4517 Daniel
1505 4453 1545 4517 de
1569 4452 1646 4516 lacu
1666 4455 1784 4524 leonis,

137 4546 190 4609 tur
203 4546 246 4607 ad
264 4545 441 4609 arbitrium
456 4550 677 4624 sacerdotum,
691 4552 861 4617 etiterum
874 4553 936 4615 ad·
989 4548 1023 4610 et
1036 4548 1151 4611 clausa
1166 4550 1244 4612 sunt
1259 4564 1321 4612 ora
1346 4550 1495 4631 leonum3
1509 4551 1668 4614 clamavit
1682 4553 1785 4614 Jonas

138 4644 313 4707 monnau
333 4645 375 4707 ad
394 4647 661 4715 communionem
685 4648 824 4715 arbitrio
842 4651 935 4731 ipso-
988 4645 1024 4707 in
1050 4647 1166 4709 ventre
1189 4646 1264 4721 ceti,
1289 4647 1324 4709 ei
1347 4649 1509 4711 evomitus
1532 4649 1597 4725 est3
1619 4648 1787 4711 clamave-

138 4756 220 4804 rum.
243 4744 328 4806 item
352 4743 449 4820 ligat,
467 4745 694 4825 poeniteutiam
712 4746 933 4831 imponendo;
988 4745 1066 4806 runt
1086 4744 1154 4806 tres
1179 4744 1275 4822 pueri
1290 4744 1326 4806 in
1348 4746 1479 4807 camino
1500 4744 1599 4821 ignis,
1613 4746 1646 4807 et
1663 4745 1782 4808 salvat·

138 4839 243 4915 solvit,
271 4841 502 4919 poenitentiam
527 4843 710 4922 mitigando
735 4845 790 4912 vel
815 4847 933 4911 indul·
989 4844 1081 4918 suut3
1098 4841 1254 4905 clamavit
1266 4843 1395 4916 Petrus,
1411 4843 1444 4905 et
1457 4857 1517 4920 per
1531 4843 1687 4919 angelum
1701 4843 1787 4906 libe-

137 4938 252 5012 neudo.
271 4939 366 5003 Unde
380 4942 582 5021 praeceptum
595 4943 720 5005 eratin
738 4945 837 5022 Lege,
854 4947 933 5011 uisi
988 4942 1081 5002 ratus
1105 4944 1166 5013 est,
1194 4941 1227 5002 et
1252 4939 1293 5001 de
1316 4939 1469 5002 manibus
1495 4943 1566 5020 ejus
1595 4941 1786 5006 cecideruut

137 5050 261 5114 pauper
274 5037 425 5101 animam
439 5054 533 5101 suam
554 5041 622 5103 Deo
645 5026 793 5117 voveret,
809 5044 843 5105 et
856 5044 935 5105 red·
988 5037 1325 5103 cateuae.ulamemus
1340 5039 1458 5113 atnoe,
1475 5056 1551 5103 cum
1572 5039 1783 5115 tribulamur,

137 5132 210 5196 dere
231 5134 490 5203 estimationem
512 5137 751 5221 redemptionis
773 5156 833 5218 pro
856 5144 933 5205 voto
988 5137 1021 5201 et
1035 5135 1193 5201 Dominus
1216 5137 1374 5201 exaudiet
1397 5154 1470 5211 uos,
1490 5138 1567 5216 quia
1593 5139 1679 5205 sicut
1705 5139 1786 5203 dicit

136 5245 199 5293 uon
213 5235 338 5311 posset,
351 5234 457 5297 staret
469 5250 581 5298 coram
594 5237 767 5300 sacerdote
781 5239 815 5301 et
826 5256 935 5317 quan-
987 5233 1089 5297 tacob
1102 5256 1109 5295 ε
1122 5235 1270 5298 Multum
1285 5236 1374 5299 calci
1388 5238 1583 5313 deprecatio
1590 5239 1681 5310 jusit
1695 5240 1787 5298 asst-

135 5331 201 5392 tum
224 5331 358 5394 videret
383 5348 461 5395 eum
485 5349 594 5411 posse,
614 5335 744 5401 tautum
766 5335 933 5402 redderet.
987 5336 1069 5405 duo,
1082 5336 1182 5400 cotos
1200 5335 1313 5396 oratio
1333 5335 1497 5409 penetrat
1514 5341 1636 5398 coelrcm
1651 5332 1735 5412 (dac.
1749 5349 1783 5406 v,

134 5428 238 5490 Homo
261 5430 363 5492 vovet
388 5430 456 5493 Deo
482 5430 630 5493 animam
653 5447 770 5505 suam,
801 5436 933 5514 quaudo
989 5429 1053 5511 16).
1068 5433 1151 5493 Ecce
1167 5433 1331 5511 quomodo
1352 5433 1469 5501 beatus
1493 5434 1610 5495 Petrus
1632 5448 1694 5493 nos
1713 5431 1786 5493 ins-

135 5526 273 5603 spondet
295 5527 332 5591 in
351 5525 517 5605 baptismo
536 5528 665 5591 servire
679 5531 747 5592 Deo
762 5531 796 5593 et
807 5548 935 5597 renun-
987 5529 1080 5607 truit

134 5622 216 5686 tiara
230 5623 380 5698 diabolo,
394 5625 449 5688 vel
470 5625 602 5705 quaudo
620 5627 691 5704 agit
704 5630 935 5705 peonitentiam
1029 5628 1166 5690 Instruit
1176 5628 1276 5689 etiam
1289 5627 1476 5691 accusando
1485 5615 1633 5705 seipsum
1646 5627 1680 5690 iu
1691 5629 1786 5707 prin-

133 5723 327 5801 promittens
360 5738 400 5786 se
423 5724 691 5793 renuntiaturum
719 5730 869 5811 peccato,
898 5732 935 5797 ut
989 5725 1076 5804 cipio
1089 5727 1253 5790 sermonis
1278 5727 1331 5788 sui
1346 5725 1459 5789 diceus
1473 5748 1481 5788 z
1495 5727 1592 5790 Nunc
1607 5727 1677 5791 scio
1691 5743 1781 5791 vere.
