3958 6204
135 244 201 305 aee
583 226 702 305 ιιιιιιι.
718 241 819 301 -nv
841 243 1119 321 υθθιθιιιθΝιι,
1140 246 1364 309 EGGLESIAE.
1739 256 1801 316 aro

137 403 198 482 qui
220 416 290 464 non
312 398 484 471 observat,
501 416 571 481 per
591 401 720 462 scalam
743 400 841 463 istam
867 400 945 463 des·
1001 404 1094 467 scala
1109 421 1210 483 super
1222 407 1346 469 terram
1359 408 1449 470 stare
1460 408 1600 485 videtur,
1612 411 1690 488 quia
1702 428 1800 475 nemo

138 508 266 571 cendit,
1002 500 1088 563 hanc
1103 504 1227 565 scalam
1242 505 1423 567 ascendere
1437 507 1569 583 poterit,
1592 510 1697 586 quiin
1712 526 1800 587 prae-

178 607 313 668 Aliter:
329 608 367 669 In
381 605 447 668 hac
471 606 563 667 scala
583 605 670 667 varii
693 605 772 667 sunt
794 605 948 667 ordinum
1002 600 1088 661 senti
1112 615 1212 678 super
1234 605 1358 665 terram
1373 620 1440 664 non
1455 605 1593 668 steterit.
1612 608 1718 684 Super
1731 609 1801 670 ter-

139 704 278 781 gradus.
315 703 458 776 Quidam
479 703 688 780 incipientes,
716 703 848 780 quidam
870 719 949 781 pro-
1002 712 1073 756 ram
1089 698 1165 770 stat,
1180 699 1311 775 quando
1326 702 1437 762 omnia
1453 704 1586 764 terrena
1609 704 1750 781 despicit
1768 706 1802 768 et

139 802 348 880 gradientes,
376 803 412 863 et
428 801 563 879 quidam
592 800 833 879 pervenientes.
861 801 949 862 Inci-
1001 794 1113 854 carnis
1125 795 1291 858 desideria
1301 798 1396 874 sugit.
1411 801 1451 860 Et
1461 800 1507 861 ita
1520 800 1662 878 primam
1676 803 1800 864 terram

17 914 19 917 ’
139 899 273 977 pientes
286 899 324 959 in
336 898 445 975 gradu
461 899 540 960 sunt
556 897 710 969 humiles,
726 897 947 973 progredien-
1000 891 1133 966 transit,
1158 894 1336 956 secundam
1360 897 1475 969 vincit,
1492 898 1623 960 tertiam
1644 901 1798 977 acquirit.

139 997 238 1059 tasin
251 996 363 1073 gradu
373 995 522 1068 altiores,
534 995 765 1072 pervenientes
774 1010 856 1056 vero
868 994 946 1056 sunt
1001 990 1124 1052 Primae
1137 992 1237 1053 terrae
1251 992 1339 1055 hona
1352 993 1504 1071 despicit,
1525 996 1603 1074 quia
1616 1013 1704 1058 vana
1724 1000 1801 1060 sunt

140 1093 303 1171 supremi.
321 1095 362 1155 nt
377 1093 418 1155 de
432 1094 507 1155 istis
522 1092 657 1170 quidam
684 1092 819 1155 suntin
844 1093 943 1165 mola,
1001 1103 1074 1164 quae
1098 1090 1271 1166 promittit,
1297 1091 1376 1168 quia
1401 1093 1534 1154 vanitas
1559 1095 1743 1157 vanitatum
1768 1096 1801 1158 et

143 1192 282 1271 quidam
298 1193 336 1252 in
353 1207 447 1268 agro,
463 1191 599 1268 quidam
627 1191 663 1252 in
678 1189 775 1252 lecto.
792 1190 881 1251 Mola
895 1190 947 1253 est
1000 1185 1112 1247 omnia
1126 1188 1269 1250 vanitas
1290 1190 1450 1252 Secundae
1468 1192 1566 1253 terrae
1584 1193 1671 1254 bona
1692 1194 1802 1271 repri-

140 1289 258 1352 seculi
275 1289 453 1352 circuitum.
461 1291 550 1365 Ager
559 1289 610 1350 est
619 1287 787 1350 audientis
801 1288 945 1349 animus.
1000 1282 1168 1361 mit,'quia
1182 1285 1271 1348 mala
1288 1287 1366 1349 sunt
1377 1304 1451 1365 quae
1470 1290 1629 1365 suggerit,
1640 1292 1739 1368 juxta
1757 1292 1803 1352 il-

141 1387 328 1448 Lectusest
340 1385 513 1462 diligentis
523 1385 707 1463 amplexus.
722 1388 760 1446 In
771 1385 861 1447 mola
871 1385 948 1447 sunt
1000 1379 1056 1440 lud
1072 1401 1079 1440 :
1095 1383 1304 1455 Mortificate
1324 1389 1482 1447 memma
1495 1388 1614 1448 vestra
1629 1403 1706 1462 qum
1718 1390 1800 1450 suat

141 1483 296 1544 domines
324 1482 453 1555 saeculi,
475 1483 510 1543 ln
529 1497 610 1559 agro
625 1482 777 1543 doctores
791 1482 895 1554 verbi,
912 1482 947 1542 in
998 1491 1106 1552 super
1132 1479 1268 1543 terram
1291 1478 1430 1558 (coloss.
1447 1498 1497 1557 ιιι,
1513 1482 1558 1564 5).
1575 1485 1615 1548 nt
1629 1486 1678 1548 sic
1691 1486 1799 1549 tertiae

141 1579 226 1642 lecto
240 1579 348 1642 amici
370 1580 494 1657 sponsi.
512 1579 573 1651 Qui
584 1580 660 1640 sunt
672 1578 707 1639 in
721 1578 810 1640 mola
823 1579 946 1641 terram
1000 1573 1099 1635 tene
1114 1575 1301 1653 spiritualia
1323 1580 1447 1655 gaudia
1469 1583 1619 1659 recipiet,
1643 1584 1799 1661 quoniam

140 1678 366 1749 circumeunt,
392 1692 470 1738 nam
492 1676 690 1753 temporalia
703 1676 867 1754 quaerunt.
885 1676 947 1748 Qui
999 1671 1201 1748 inpraesenti
1209 1676 1359 1737 carnalia
1368 1682 1487 1739 cuncta
1497 1681 1677 1757 superavit.
1688 1680 1798 1742 Unde:

140 1773 172 1834 in
182 1775 492 1850 agrosuntterram
503 1773 625 1846 colunt,
636 1788 715 1834 nam
726 1788 841 1835 semen
852 1774 947 1835 verbi
1000 1771 1177 1846 deradere
1190 1775 1232 1833 de
1245 1774 1343 1835 terra
1362 1775 1397 1835 et
1410 1777 1452 1838 tte
1465 1778 1666 1853 coerctione
1682 1779 1752 1849 tua,
1767 1779 1802 1839 ct

140 1872 197 1933 Dei
221 1872 260 1932 in
283 1872 454 1934 audientis
471 1872 583 1933 animo
606 1871 779 1947 spargunt.
795 1871 857 1943 Qui
871 1872 948 1932 sunt
1000 1870 1080 1928 vent
1104 1871 1142 1929 to
1169 1870 1305 1932 terram
1332 1887 1436 1946 queam
1463 1875 1706 1938 ewmtraeero
1741 1877 1801 1937 titt

140 1969 173 2030 ln
194 1968 285 2031 lecto
307 1969 494 2046 quiescunt.
522 1969 585 2041 Qui
605 1970 682 2030 sunt
701 1969 737 2029 in
754 1967 853 2040 mola,
870 1968 946 2029 tur·
1000 1960 1096 2041 (Gen.
1112 1982 1173 2037 111,
1189 1964 1233 2045 1).

139 2065 262 2128 bantur
292 2083 339 2129 ex
362 2066 596 2129 sollicitudine.
626 2067 688 2138 Qui
711 2066 746 2131 in
769 2080 863 2142 agro,
874 2067 947 2127 tur·
1040 2062 1195 2139 Sequitur
1218 2085 1226 2123 :
1255 2064 1345 2126 Vidit
1368 2068 1470 2128 Jacob
1494 2072 1626 2130 reatem
1648 2070 1800 2131 steritem

139 2161 263 2225 bantur
289 2178 336 2224 ex
356 2162 483 2223 labore.
509 2163 570 2235 Qui
594 2163 629 2224 in
655 2163 752 2236 lecto,
777 2162 948 2223 delectan-
998 2172 1104 2233 super
1125 2160 1259 2222 terram
1279 2157 1375 2241 (lien.
1392 2179 1511 2237 xxvnr,
1529 2164 1593 2244 12).
1608 2166 1799 2228 Notandum

137 2263 191 2324 tur
210 2260 249 2322 in
278 2260 402 2337 quiete.
426 2261 518 2321 inter
535 2275 649 2321 omnes
673 2260 756 2322 istos
778 2260 857 2321 sunt
871 2260 948 2337 qui-
999 2271 1078 2316 vero
1107 2257 1288 2334 quoddicii
1311 2261 1498 2323 :Stantem
1519 2264 1794 2338 superterram.

138 2359 214 2421 dam
242 2357 326 2420 boni
355 2357 544 2435 etquidem
567 2359 657 2418 mali.
679 2357 773 2421 Unde
798 2358 831 2420 et
854 2358 944 2421 scala
999 2354 1084 2415 Nam
1106 2354 1219 2416 contra
1245 2358 1400 2418 naturam
1415 2359 1449 2419 et
1461 2374 1563 2434 super
1576 2375 1671 2420 usum
1687 2360 1798 2421 carnis

140 2458 383 2533 superterram
398 2458 487 2517 stare
502 2455 633 2528 dicitur,
658 2455 714 2517 sed
731 2471 798 2517 non
812 2454 854 2516 ab
869 2470 944 2515 om·
999 2450 1055 2527 qui
1079 2453 1176 2512 natus
1205 2452 1255 2513 est
1282 2468 1326 2514 ex
1348 2454 1498 2530 Virgine,
1526 2471 1627 2533 super
1647 2457 1799 2518 homines

17 2526 18 2573 7
141 2553 237 2615 nibus
258 2553 304 2614 ad
318 2568 422 2614 unum
437 2553 570 2615 virtuds
584 2552 724 2630 gradum
739 2553 943 2630 pervenitur.
998 2547 1070 2609 luit.
1098 2549 1205 2612 Natus
1221 2552 1272 2612 est
1295 2553 1411 2613 contra
1423 2554 1589 2626 naturam,
1606 2555 1685 2632 quia
1700 2556 1798 2616 natus

141 2652 199 2712 liis
210 2652 328 2712 autem
342 2650 605 2727 operationibus,
630 2651 726 2728 quasi
745 2650 945 2731 quibusdam
999 2644 1096 2707 estde
1110 2648 1217 2709 matre
1231 2664 1298 2708 non
1310 2647 1351 2709 de
1369 2650 1463 2725 patre
1477 2650 1658 2712 secundum
1673 2652 1797 2712 huma-

140 2749 240 2810 scalae
269 2747 431 2825 gradibus
467 2748 693 2811 conscendunt
722 2748 874 2810 homines
902 2748 944 2809 ad
998 2742 1147 2804 nitatem.
1177 2745 1218 2805 Et
1245 2745 1426 2809 notandum
1449 2746 1500 2808 est
1524 2747 1610 2824 quod
1634 2748 1798 2810 natusest

140 2861 283 2923 regnum
298 2846 447 2908 coeleste.
463 2847 503 2907 Et
524 2846 594 2923 ipse
616 2845 768 2907 Christus
783 2858 820 2906 ee
833 2847 944 2923 ipsum
997 2841 1120 2916 praeter
1144 2842 1308 2913 naturam,
1337 2842 1396 2905 sed
1421 2845 1519 2904 natus
1540 2847 1676 2921 propter
1699 2848 1798 2907 natu-

141 2942 287 3021 praehuit
304 2944 401 3021 quasi
424 2944 549 3006 scalam
564 2944 606 3005 ad
620 2942 742 3006 coelum
756 2943 895 3016 homini,
911 2943 943 3006 et
997 2953 1080 2999 ram·
1111 2938 1310 3017 Obsequium
1336 2939 1399 3003 fuit
1425 2942 1554 3016 gratiae,
1584 2957 1651 3004 non
1679 2958 1797 3003 cursus

17 3116 18 3131 χ
141 3042 229 3103 viam
254 3041 419 3103 redeundi
443 3042 556 3103 dicens
573 3063 581 3102 z
597 3045 671 3119 aaa
695 3056 775 3103 sum
795 3046 864 3104 uto.
881 3043 944 3108 eut
998 3036 1181 3098 nativitatis
1206 3037 1371 3110 humanae,
1394 3038 1501 3099 virtus
1524 3054 1592 3100 non
1605 3040 1704 3112 ratio,
1728 3040 1798 3115 sig-

141 3140 382 3214 sequiturme,
404 3154 475 3201 ooo
491 3140 644 3201 cawatot
656 3142 694 3200 ta
707 3138 867 3210 terrearis,
884 3142 944 3200 red
997 3151 1076 3196 num
1098 3151 1165 3196 non
1193 3136 1407 3209 consuetude,
1424 3136 1572 3211 dignatio
1587 3153 1654 3198 non
1675 3137 1795 3199 condi-

142 3240 273 3298 toeeett
301 3242 420 3299 tumen
450 3237 548 3309 ottoe,
577 3237 613 3298 et
639 3251 740 3298 neoto
772 3237 868 3298 versit
899 3239 944 3297 od
996 3233 1055 3305 tio,
1071 3232 1204 3310 pietatis
1219 3236 1474 3307 sacramentum,
1491 3250 1559 3296 non
1578 3235 1717 3298 Deitatis
1736 3236 1797 3297 de·

17 3324 18 3329 ’
143 3336 289 3396 Patrem
313 3337 384 3396 nist
408 3348 476 3408 per
491 3348 548 3395 me
573 3333 682 3413 (ioan.
705 3348 775 3405 arv,
801 3330 848 3412 6).
864 3332 944 3394 Haec
995 3330 1201 3405 trimentum,
1221 3347 1288 3393 non
1316 3348 1490 3394 commune
1513 3332 1571 3394 sed
1593 3333 1710 3406 solum,
1730 3348 1797 3395 non

17 3464 18 3467 π
142 3433 231 3495 scala
247 3433 489 3508 superterram
503 3431 739 3493 staredicitur.
758 3432 818 3491 Est
831 3432 943 3492 autem
998 3426 1180 3489 humanum
1194 3429 1253 3490 sed
1277 3429 1437 3491 divinum.
1455 3433 1562 3508 Super
1583 3446 1679 3491 usum
1699 3433 1796 3491 natus

17 3596 18 3599 ,
144 3531 265 3608 triplex
292 3532 509 3607 tematterm
534 3544 608 3605 quae
634 3529 684 3591 est
710 3528 772 3589 suh
793 3528 941 3601 homine,
997 3525 1050 3587 est
1063 3525 1103 3586 de
1113 3525 1262 3602 Virgine,
1282 3542 1349 3586 non
1363 3527 1404 3588 de
1426 3529 1592 3605 corrupta,
1605 3528 1683 3605 quia
1695 3528 1798 3604 Virgo

17 3616 18 3619 '
144 3629 230 3690 terra
244 3643 321 3706 qaae
350 3629 400 3689 est
423 3626 534 3699 homo,
552 3628 643 3688 terra
668 3642 741 3704 quae
766 3626 817 3687 est
843 3641 944 3702 super
998 3621 1060 3684 tuit
1071 3623 1301 3700 antepartum,
1312 3624 1506 3700 etinpartu,
1518 3626 1551 3687 et
1562 3628 1638 3701 post
1652 3626 1796 3702 partum.

145 3724 322 3786 hominem.
337 3726 476 3784 Terram
489 3738 562 3799 quae
576 3723 628 3783 est
641 3721 702 3782 sub
717 3721 863 3795 homine,
882 3721 945 3783 ho-
1000 3719 1092 3780 Unde
1100 3719 1259 3797 scriptum
1270 3721 1322 3782 est
1333 3720 1368 3781 in
1379 3721 1580 3796 Evangelio:
1595 3725 1707 3785 Nocte
1716 3723 1796 3783 erat

144 3819 324 3881 mocalcat.
332 3821 470 3879 Terram
483 3817 620 3895 quaeest
634 3817 743 3889 homo,
761 3816 944 3893 homopor-
997 3819 1034 3877 tn
1058 3819 1170 3877 etedto
1196 3821 1318 3889 maris,
1344 3817 1378 3878 et
1403 3821 1505 3879 Jeerts
1525 3821 1673 3879 solustra
1695 3819 1795 3880 terra

143 3917 198 3979 tat.
210 3920 351 3978 Terram
366 3931 440 3993 quae
461 3915 626 3992 estsuper
641 3914 820 3987 hominem,
843 3913 943 3975 homo
998 3911 1115 3993 (Maro.
1132 3929 1176 3984 vr,
1191 3910 1256 3991 47).
1274 3912 1372 3974 Solus
1387 3914 1460 3975 erat
1480 3915 1629 3983 interra,
1644 3916 1722 3992 quia
1734 3931 1794 3977 so-

145 4014 320 4076 desiderat.
337 4013 501 4091 Deprlma
513 4013 604 4074 terra
618 4012 777 4088 scriptum
790 4011 841 4073 est
854 4032 862 4070 z
873 4015 944 4072 Do-
997 4010 1049 4071 lus
1068 4010 1140 4071 sine
1155 4010 1290 4086 peccato
1302 4010 1388 4072 vixit
1411 4012 1445 4071 iu
1466 4011 1531 4073 laos
1549 4011 1682 4073 mundo.
1700 4012 1794 4075 Unde

143 4116 228 4174 mint
249 4113 303 4173 est
322 4112 422 4172 terre
435 4109 470 4171 et
481 4110 656 4184 plenitudo
670 4106 826 4187 ejustps.
842 4123 941 4179 xxm,
997 4107 1116 4169 Petrus
1144 4128 1151 4167 z
1169 4110 1232 4174 out
1241 4111 1421 4182 peccatam
1432 4124 1502 4171 awa
1515 4111 1606 4185 fecit,
1627 4123 1689 4172 aec
1703 4115 1798 4173 dotus

145 4207 187 4287 1).
213 4212 262 4270 Ι)θ
286 4206 434 4269 secunda
456 4205 529 4278 ioh,
547 4220 622 4267 cum
637 4205 841 4267 describeret
864 4219 944 4281 pas-
997 4206 1158 4267 inventus
1176 4205 1229 4267 est
1249 4208 1287 4266 to
1312 4205 1795 4288 oreejurt1Petr.11,22).
1911 4281 1912 4284 Ἴ

143 4307 268 4369 sionem
287 4303 453 4381 unigeniti
473 4303 543 4375 Dei,
561 4304 632 4366 aii:
652 4307 761 4366 Terra
787 4303 869 4363 sieta
892 4301 945 4364 est
997 4302 1073 4363 Non
1088 4302 1122 4362 in
1137 4302 1228 4363 terra
1244 4302 1301 4364 sed
1320 4304 1556 4381 superterram
1582 4305 1672 4367 scala
1694 4306 1795 4380 stetit,

144 4406 180 4465 ta
207 4417 336 4465 manem
362 4404 463 4476 impet
484 4398 570 4480 (iob.
590 4416 638 4474 ιιι,
662 4399 728 4480 24),
743 4399 849 4467 idest,
866 4412 944 4460 caro
998 4398 1076 4474 quia
1095 4399 1188 4460 nulla
1212 4400 1335 4462 nostrae
1358 4402 1470 4462 carnis
1495 4400 1655 4479 iniquitas
1678 4417 1797 4479 corpus

17 4500 18 4509 ’
146 4500 265 4563 Christi
286 4498 364 4562 data
379 4498 484 4560 estin
503 4498 664 4575 potestate
687 4496 942 4574 persecutionis.
999 4496 1201 4558 dominicum
1213 4497 1412 4573 maculatim
1429 4499 1507 4575 quia
1522 4500 1585 4559 etei
1599 4499 1798 4560 homointer

145 4599 183 4660 at
205 4599 240 4659 in
259 4596 406 4659 Genesi:
423 4600 533 4657 Terra
554 4610 591 4657 es
614 4596 650 4657 et
672 4599 710 4656 tn
732 4594 868 4655 terram
881 4595 945 4654 tots
999 4592 1150 4654 homines
1163 4594 1327 4670 apparuit,
1341 4594 1428 4655 inter
1442 4595 1541 4672 hujus
1563 4595 1677 4655 mundi
1690 4598 1798 4656 molus

146 4694 238 4774 (Gen.
250 4710 304 4768 ιιι,
317 4692 385 4773 19).
400 4695 448 4754 De
468 4693 568 4755 tertia
588 4691 668 4754 tiliis
680 4690 785 4752 Israel
801 4690 943 4752 dicitur:
999 4690 1135 4752 immota
1149 4691 1291 4766 vestigia
1310 4691 1469 4752 servavit.
1492 4691 1589 4752 Stetit
1611 4693 1722 4752 eutem
1736 4693 1797 4754 Je-

147 4793 205 4854 ‹Si
220 4791 368 4855 feceritis
383 4787 733 4867 quaepraecepivohis,
749 4788 946 4849 bonaterras
1000 4803 1057 4847 sus
1079 4802 1139 4864 per
1161 4787 1473 4848 manifestationem.
1499 4787 1594 4848 Unde
1619 4787 1740 4850 dicitur
1763 4789 1798 4850 in

147 4890 320 4952 comedetis
347 4906 378 4949 a.
409 4887 522 4949 Prima
549 4889 641 4948 terra
667 4887 718 4947 est
747 4885 946 4948 elementum
1000 4883 1181 4960 Evangelio
1198 4904 1205 4943 :
1221 4884 1324 4946 Stetit
1337 4887 1438 4946 leste
1458 4889 1497 4947 itt
1518 4887 1630 4948 medio
1649 4889 1801 4962 discipu-

147 4988 283 5061 visibile,
299 4985 449 5053 secunda
465 5000 586 5062 corpus
601 4983 751 5056 mortale,
768 4984 869 5045 tertia
884 4998 947 5044 cue·
1000 4987 1113 5045 torum
1136 4996 1283 5042 suorum
1311 4985 1427 5044 diceas
1451 5001 1462 5043 .·
1485 4986 1560 5061 Epo
1584 4999 1680 5058 sum,
1697 4983 1800 5047 notite

147 5084 208 5146 lum
222 5083 411 5164 spirituale.
425 5083 538 5144 Prima
551 5082 643 5144 terra
659 5084 878 5153 mortuorum,
893 5095 949 5141 se-
1000 5080 1125 5140 ttmere
1141 5075 1237 5157 (Luc.
1251 5094 1344 5151 mv,
1360 5077 1427 5159 36).
1444 5080 1542 5144 Stetit
1562 5097 1622 5159 per
1642 5082 1727 5143 lucis
1746 5080 1801 5141 da-

17 5196 18 5263 3
147 5184 247 5246 cunda
257 5179 577 5252 mortalium,tertia
590 5179 786 5241 viventium.
796 5178 947 5240 Secunda
1001 5176 1137 5238 donem.
1154 5176 1248 5238 Unde
1263 5176 1385 5253 legitur
1409 5178 1445 5239 in
1472 5180 1652 5255 Evangelio
1671 5178 1800 5240 :Stans

17 5318 19 5357 5
145 5282 320 5344 revertitur
345 5278 389 5341 ad
414 5277 557 5355 primam
583 5292 643 5354 per
667 5292 798 5353 poenam
818 5275 947 5349 mortis,
1001 5275 1120 5336 cartem
1140 5278 1358 5349 Jerusjusstt
1380 5292 1510 5339 coecum
1524 5280 1646 5339 adorem
1665 5279 1710 5337 act
1723 5290 1799 5337 se...

145 5380 270 5441 sedilia
287 5376 444 5455 rapietur
460 5375 501 5434 ad
513 5374 648 5437 tertiam
663 5389 723 5451 per
736 5374 880 5452 gloriam
894 5387 951 5434 re-
1003 5369 1099 5450 (Luc.
1121 5388 1218 5445 ιιιιιι,
1234 5371 1299 5453 40).
1319 5373 1417 5435 stetit
1431 5390 1490 5451 per
1501 5374 1613 5434 carnis
1627 5372 1800 5448 glorifica-

144 5475 372 5546 surrectionis,
403 5487 504 5550 quam
531 5472 583 5531 illi
607 5472 696 5533 recte
721 5475 869 5547 sperant,
893 5470 950 5546 qui
1003 5468 1138 5529 tionem.
1156 5470 1250 5531 Unde
1269 5471 1307 5530 in
1331 5470 1511 5546 Evangelio
1528 5491 1535 5529 :
1552 5485 1570 5529 s
1587 5469 1684 5531 Stetit
1703 5471 1803 5531 iesus

145 5592 215 5638 cum
229 5574 301 5638 sint
313 5574 421 5643 terra,
433 5569 710 5631 terramcalcant.
727 5568 821 5631 Unde
832 5568 865 5631 et
878 5567 951 5629 iraec
1004 5565 1039 5628 iu
1055 5564 1165 5628 littore
1179 5581 1216 5640 a,
1231 5566 1329 5641 idest,
1348 5567 1385 5628 in
1399 5566 1506 5644 gloria
1528 5566 1800 5630 immortalitatis.
