3900 6202
739 284 969 355 EPISTOLAE.
991 289 1071 353 LIB.
1094 291 1119 353 Ι.

422 491 596 582 cxxvi]

11 800 12 811 ,
111 741 157 804 Ad
171 741 446 817 archiepiscopos
459 742 494 804 ei
506 744 681 819 episcopos
699 744 734 806 ct
751 746 899 819 abbates,

11 912 12 917 ,
141 841 279 914 priores
304 840 341 900 ct
363 841 449 902 altos
474 843 697 902 ecclesiarum
723 843 900 917 mauros,

11 956 12 961 ¹
139 936 339 1010 potestates,
355 941 509 999 consules
529 938 565 998 ct
581 941 763 1000 universos
785 940 901 1011 tldcms

11 1106 12 1113 ἵ
144 1048 209 1109 per
243 1035 490 1096 Lombcrdtom
521 1034 555 1097 ct
591 1037 750 1097 Tusciam
773 1036 903 1098 colicit-

143 1130 243 1192 tutet.

398 1303 434 1364 23
452 1307 516 1364 Jan.
534 1305 613 1364 1217.

198 1452 356 1520 [sumam
367 1455 523 1514 namma,
533 1459 554 1505 t.
567 1454 611 1516 nr,
627 1469 655 1521 p.
665 1454 722 1515 au,
735 1468 762 1506 n.
772 1454 811 1521 ε]

110 1620 204 1682 Indicit
222 1622 381 1681 cruciatam
403 1638 455 1696 pre
473 1621 600 1680 subsidio
621 1624 715 1681 Terra
741 1623 852 1681 Sancta
869 1623 900 1681 in

11 1770 13 1787 s
139 1710 263 1784 partdtus
280 1710 462 1769 Lombardlae
482 1718 512 1770 ct
530 1711 640 1770 Tuscia
658 1727 724 1770 cum
741 1711 899 1786 indulgen·

11 1846 12 1851 ,
141 1800 240 1858 riarum
254 1799 436 1874 elargitione.

144 1994 310 2057 Honorius
347 1994 538 2073 episcopus,
570 2010 687 2057 seruus
726 2010 899 2058 servorum

11 2120 15 2189 ζ
107 2092 183 2165 lici,
225 2091 476 2155 venerabilibus
519 2091 677 2155 iratribus
711 2093 899 2170 archiepis·

108 2191 193 2266 copis
215 2191 248 2251 θῖ
268 2189 444 2267 episcopis,
468 2191 502 2251 et
518 2188 647 2252 dilectis
671 2189 750 2251 illiis
765 2189 898 2252 abbati·

11 2276 12 2303 ³
105 2284 176 2359 bus,
199 2285 366 2363 prioribus
386 2287 420 2349 et
436 2286 512 2349 aliis
532 2286 747 2349 ecclesiarum
771 2287 898 2365 praela-

11 2450 13 2455 ,
104 2381 169 2453 tis,
189 2382 424 2459 potestatibus,
451 2384 658 2457 consulibus,
681 2384 713 2447 θῖ
733 2384 898 2447 universis

11 2552 12 2577 χ
105 2478 900 2557 fidelibusperLombardiametTusciamconsti-

104 2577 193 2647 tutis,
223 2578 366 2640 salutem
389 2580 422 2641 et
451 2579 667 2656 apostolicam
689 2578 897 2643 benedictio-

107 2689 191 2736 nem.

137 2801 280 2877 Tempus
305 2798 511 2877 acceptabile
538 2798 641 2862 instat
670 2799 704 2862 et
735 2799 807 2862 dies
837 2816 896 2862 sa-

104 2895 181 2959 lutis
195 2897 340 2969 advenit,
354 2898 392 2959 ut
411 2897 458 2970 hi,
478 2897 535 2975 qui
552 2912 618 2958 aere
632 2897 842 2975 peccatorum
861 2913 898 2960 sc

104 2989 233 3051 diabolo
251 2990 486 3064 vendiderunt,
512 2990 672 3067 tanquam
693 2990 729 3051 in
752 2991 831 3053 nevi
846 2994 898 3069 ju·

1692 302 1753 364 eoa
1808 321 1811 325 ,

955 448 1079 525 patam.
1101 450 1166 513 Sed
1187 451 1245 515 ubl
1259 452 1310 518 θεῖ
1329 452 1515 533 indignatio
1534 457 1660 536 Moysis
1676 473 1751 521 cum

956 545 1058 609 dixit:
1084 549 1146 620 Qui
1166 551 1298 612 Domini
1318 552 1370 616 θεῖ
1392 555 1588 631 accingatur
1608 570 1749 629 mecum,

955 642 989 705 et
1000 646 1103 720 ponat
1117 647 1255 723 quilibet
1265 650 1412 724 gladium
1423 668 1525 729 supra
1538 654 1752 715 lemursuum

956 744 1071 803 contra
1092 745 1208 819 gentes
1227 746 1398 822 idolatras,
1421 753 1455 811 et
1472 751 1630 827 populum
1654 767 1751 812 mur-

955 840 1142 903 murantem
1154 854 1164 911 3
1179 842 1235 903 ubi
1248 843 1299 906 est
1313 845 1456 907 Phineas
1475 848 1532 924 qui
1546 848 1699 910 Judaeum
1718 850 1753 912 et

955 936 1173 1000 Madianitam
1207 943 1363 1003 coeuntes
1385 944 1529 1020 pugione
1559 945 1748 1022 transfixit3

955 1033 1012 1094 ubi
1037 1035 1088 1097 est
1115 1039 1373 1113 magnanimitas
1397 1042 1603 1115 Matnathiae,
1618 1044 1675 1120 qui
1693 1046 1749 1106 vi-

956 1131 1037 1193 dens
1056 1135 1173 1196 sancta
1188 1137 1320 1197 Domini
1336 1138 1550 1216 prophanari,
1570 1141 1748 1217 prosilivit,

955 1228 992 1290 ut
1014 1229 1122 1307 legem
1145 1233 1179 1295 et
1192 1233 1319 1310 patrias
1333 1234 1563 1299 observantias
1578 1238 1751 1301 tuereturl

954 1327 1180 1404 Accingantnr
1200 1346 1279 1407 ergo
1301 1332 1427 1403 fideles,
1454 1335 1488 1397 et
1514 1335 1582 1397 sint
1602 1335 1663 1395 tilii
1689 1352 1751 1413 po-

954 1423 1073 1498 tentes,
1088 1427 1219 1504 tempus
1234 1430 1285 1490 est
1303 1431 1402 1502 enim,
1420 1432 1456 1493 ut
1473 1431 1600 1495 iaciant
1619 1433 1752 1495 vindic-

954 1521 1023 1582 tam
1059 1524 1094 1583 in
1131 1526 1343 1601 nationibus,
1370 1528 1407 1589 in
1434 1530 1587 1605 gentibus
1623 1533 1752 1596 scilicet

954 1617 1178 1682 detinentibus
1219 1624 1252 1685 θῖ
1277 1626 1580 1689 contaminantibus
1613 1632 1751 1692 Terram

955 1718 1118 1791 Sanctam,
1133 1719 1245 1792 labis,
1258 1722 1312 1798 qui
1325 1723 1459 1785 stultam
1471 1725 1599 1789 iaciunt
1610 1729 1752 1804 gloriam

953 1816 1068 1876 Crucis
1097 1816 1238 1889 Christi,
1255 1819 1288 1880 et
1309 1821 1511 1897 exprobrant
1535 1824 1751 1900 ignominiam

954 1913 1134 1976 Dominicae
1162 1916 1344 1977 Passionis
1363 1921 1548 1995 Properare
1571 1922 1752 1998 igiturne·
1776 1965 1781 1973 ·

954 2024 1048 2072 cesse
1069 2013 1120 2074 est
1142 2012 1184 2073 ad
1214 2013 1315 2075 tantae
1336 2013 1506 2078 felicitatis
1527 2017 1697 2095 bravium,
1719 2023 1753 2086 θῖ

953 2107 1050 2169 ῖοΙΙθῖ
1088 2108 1195 2170 fidelis
1237 2110 1376 2186 quilibet
1408 2129 1539 2175 crucem
1571 2133 1690 2192 suam,
1718 2120 1753 2183 et

953 2204 1113 2281 sequatur
1140 2205 1301 2267 vexillum
1334 2207 1450 2283 gloria
1486 2213 1606 2272 summi
1632 2217 1750 2291 Regis,

952 2316 1015 2362 nec
1040 2302 1177 2364 excuset
1207 2319 1243 2365 εθ
1277 2304 1398 2382 aliquis
1430 2322 1450 2367 a
1483 2310 1620 2372 servitio
1653 2315 1752 2373 Jesu-

953 2398 1086 2472 Christi,
1108 2400 1164 2477 qui
1192 2401 1264 2463 vult
1288 2418 1432 2477 regnare
1455 2420 1530 2466 cum
1554 2408 1644 2484 ipso;
1670 2410 1752 2487 quin

952 2497 1063 2575 potius
1090 2496 1234 2573 abneget
1265 2500 1493 2578 semetipsum,
1520 2504 1553 2565 et
1586 2507 1685 2569 exeat
1711 2508 1751 2569 da

952 2593 1043 2655 terra
1063 2594 1097 2655 θῖ
1119 2596 1316 2671 cognatione
1330 2613 1402 2670 sua,
1418 2598 1453 2659 in
1477 2615 1579 2662 manu
1594 2601 1685 2664 illius
1700 2604 1753 2664 di-

952 2691 1086 2753 mittens
1100 2692 1228 2763 omnia,
1255 2693 1310 2770 qui
1323 2694 1464 2757 contulit
1485 2697 1654 2759 universa.
1680 2702 1753 2762 Cae-

951 2789 1071 2861 terum,
1099 2805 1160 2851 nos
1183 2791 1281 2866 juxta
1309 2791 1469 2853 statutum
1498 2795 1586 2855 sacri
1610 2797 1750 2859 Concilii

951 2886 1131 2963 generalis,
1144 2903 1304 2964 personas
1317 2889 1350 2951 et
1361 2887 1447 2950 bona
1463 2906 1577 2951 eorum
1593 2893 1650 2969 qui
1662 2895 1750 2955 Cru-

952 2984 1000 3044 cis
1013 2984 1091 3046 sunt
1102 2984 1295 3046 charactere
1314 2985 1465 3062 insigniti
1478 2989 1676 3065 recipientes
1689 2992 1750 3053 sub

103 3085 181 3149 bilei
191 3086 299 3164 J'ubilc
314 3087 472 3148 amissam
484 3087 682 3164 recuperent
695 3087 895 3161 libertatem,
950 3080 1156 3157 proiectione
1182 3081 1276 3144 Sedis
1290 3084 1488 3159 Apostolicae
1507 3086 1656 3163 speciali,
1679 3105 1752 3151 om-

102 3184 133 3245 θῖ
139 3200 202 3261 per
210 3200 306 3247 novae
313 3184 549 3260 redemptionis
562 3184 745 3245 remedium
767 3185 897 3245 animas

103 3281 266 3343 redimant
286 3279 404 3343 fraude
415 3280 580 3343 diabolica
601 3280 765 3357 captivas,
783 3297 897 3342 exsur-

104 3380 155 3454 gat
174 3395 256 3455 ergo
281 3393 370 3440 nunc
396 3378 453 3455 qui
471 3378 603 3451 dormit,
625 3378 658 3440 et
680 3378 721 3440 ab
742 3378 897 3456 operibus

105 3476 277 3548 excitetur,
292 3477 329 3537 ut
342 3474 509 3537 illuminet
521 3474 584 3536 sibi
597 3474 759 3548 Christus,
774 3475 808 3536 et
821 3491 899 3537 cur·

104 3572 152 3634 rat
162 3572 305 3649 quilibet
318 3572 354 3633 in
369 3571 544 3649 splendore
563 3570 702 3647 fulgoris
727 3587 898 3632 armorum

11 3654 13 3757 i
104 3668 231 3731 Domini
251 3668 424 3730 accinctus
439 3667 480 3731 ad
503 3668 610 3746 ipsius
632 3667 785 3745 praelium
806 3684 897 3745 praa-

11 3774 13 3831 l
104 3764 259 3839 bandum,
278 3767 335 3843 qui
350 3781 507 3827 coronam
521 3765 669 3841 legitime
693 3765 898 3827 certantibus

11 3918 12 3939 2
104 3863 322 3941 repromittit,
346 3863 379 3925 et
392 3863 472 3940 quia
491 3862 559 3924 non
580 3862 633 3923 θεῖ
645 3860 681 3922 in
695 3861 840 3933 homine,
863 3861 901 3923 ut

11 3962 13 4041 ᾗ
104 3960 238 4022 Domino
253 3959 361 4037 possit
373 3957 569 4031 retribuere,
582 3958 639 4036 qui
651 3974 711 4035 pro
722 3958 818 4019 nobis
831 3958 901 4019 lor-

11 4086 13 4131 ς
104 4070 185 4118 mam
213 4057 307 4119 servi
330 4056 510 4132 accipiens,
537 4055 573 4116 in
596 4056 737 4116 mortem
763 4054 901 4116 tradidit

11 4138 13 4211 ἶ
104 4154 333 4233 semetipsum,
359 4152 477 4213 saltem
498 4166 558 4229 pro
582 4166 640 4223 eo,
668 4150 900 4213 retributionis

105 4251 256 4327 aequitate
278 4250 439 4328 pensata,
458 4249 595 4325 paratus
617 4247 661 4309 sit
683 4246 797 4309 bibere
818 4246 902 4308 cali-

11 4402 13 4421 ,
105 4360 171 4407 cem
197 4346 387 4425 passionis;
407 4344 592 4422 ignominia
616 4344 822 4422 estnamque
841 4360 903 4421 pc-

105 4443 178 4519 pulo
195 4443 393 4515 christiane,
415 4442 502 4520 quod
526 4444 599 4503 Rex
617 4441 675 4502 ille
694 4457 821 4517 regum,
843 4441 900 4518 qui

11 4592 13 4617 ,
106 4541 226 4603 crearit
238 4540 364 4612 omnia,
380 4540 414 4601 et
426 4555 465 4600 ea
489 4553 562 4616 quae
583 4537 660 4600 coeli
674 4536 801 4599 ambitu
816 4553 901 4599 con-

105 4635 261 4712 tinentur,
278 4653 299 4699 a
314 4637 450 4716 propria
464 4636 542 4698 sade
557 4634 716 4713 depulsus
737 4649 798 4712 pro
817 4649 901 4695 nos-

11 4716 13 4755 *
105 4731 162 4795 tris
173 4735 392 4808 facinoribus,
401 4734 516 4796 amisit
529 4735 666 4803 terram,
680 4748 754 4810 quae
766 4730 902 4795 iunicu-

105 4829 154 4891 lus
166 4832 439 4894 csthaereditatis
459 4846 542 4903 suae,
567 4845 666 4908 quam
685 4845 752 4890 non
769 4844 852 4890 auro
869 4830 903 4890 et

11 4934 13 4983 l
107 4930 254 5004 argento,
269 4928 327 4990 sed
343 4943 404 4990 suo
418 4928 565 5006 pretioso
584 4927 748 5002 sanguine
761 4940 899 5001 compa·

106 5028 209 5089 ravit:
224 5025 378 5088 conlusio
398 5027 449 5087 est
464 5024 566 5087 etiarn
580 5023 760 5095 universis,
772 5022 829 5100 qui
841 5021 902 5083 sub

107 5123 236 5185 Christo
253 5123 403 5200 principe
423 5123 622 5198 gloriantur,
639 5120 725 5199 quod
747 5120 902 5197 princeps

107 5221 218 5282 noster
228 5221 345 5281 amisit
356 5219 483 5282 terreni
499 5219 641 5295 gloriam
659 5218 755 5294 regni
777 5217 852 5285 sui,
870 5216 903 5277 et

107 5317 230 5379 terram
242 5316 441 5389 nativitatis,
451 5317 488 5377 in
502 5332 566 5394 qua
578 5314 797 5393 corporaliter
809 5313 902 5376 risus

11 5398 13 5457 l
107 5414 155 5475 est
179 5429 259 5475 cum
287 5413 476 5475 hominibus
499 5411 749 5484 conversando,
776 5425 816 5471 ac
841 5409 903 5469 filii

107 5511 251 5583 ancillae,
284 5510 340 5587 qui
369 5526 437 5572 non
463 5510 542 5572 sunt
562 5509 712 5572 haeredes
734 5524 808 5571 cum
832 5506 903 5568 illic

11 5596 13 5623 '
108 5605 233 5683 iberae,
256 5605 352 5670 illam
374 5606 523 5674 detinent
539 5605 777 5672 miserabiliter
798 5616 902 5669 occu-

951 3176 1059 3250 nibuS,
1081 3179 1138 3255 qui
1161 3177 1308 3241 laborem
1327 3180 1428 3242 istum
1451 3182 1650 3262 inpropriis
1674 3203 1752 3264 per·

952 3275 1043 3337 sonis
1061 3274 1224 3337 subierint
1236 3277 1270 3339 et
1283 3278 1449 3354 expensis,
1465 3279 1597 3356 plenam
1617 3299 1752 3346 suorum

952 3371 1752 3450 peccaminumdequibusfuerintveraciterccrde

952 3468 1085 3529 contriti
1107 3469 1140 3530 et
1152 3484 1209 3529 cre
1229 3469 1372 3531 confessi
1386 3473 1518 3534 veniam
1528 3474 1750 3552 indulgemus,

952 3565 986 3626 et
1007 3565 1043 3625 in
1064 3563 1283 3627 retributione
1294 3568 1460 3642 justorum
1479 3570 1595 3632 salutis
1617 3576 1751 3636 aeternae

952 3660 1148 3738 pollicemur
1171 3665 1423 3738 augumentum,
1458 3667 1506 3726 eis
1539 3669 1666 3742 autem,
1693 3670 1751 3747 qui

953 3773 1020 3819 non
1041 3759 1077 3818 in
1097 3759 1243 3835 propriis
1262 3761 1414 3834 personis
1434 3761 1514 3824 illuc
1533 3766 1747 3840 accesserint,

954 3854 1064 3917 sedin
1083 3855 1153 3914 suis
1167 3854 1329 3916 duntaxat
1343 3859 1500 3933 expensis
1515 3861 1615 3936 J'uxta
1636 3860 1747 3922 lacul-

953 3950 1751 4028 tatemetqualitaiemsuamvirosidoneosdesti·

955 4048 1077 4121 narint,
1095 4048 1128 4109 et
1144 4047 1211 4108 illis
1233 4047 1397 4121 similiter,
1414 4051 1471 4127 qui
1485 4051 1564 4115 licet
1578 4052 1752 4117 inalienis

955 4145 1110 4222 expensis
1128 4144 1165 4205 in
1178 4145 1329 4221 personis
1344 4148 1489 4223 propriis
1502 4149 1614 4211 tamen
1631 4167 1749 4215 acces-

956 4242 1072 4315 serint,
1086 4241 1219 4319 plenam
1238 4257 1375 4303 suorum
1390 4246 1603 4309 concedimus
1616 4250 1751 4315 reniam

956 4337 1184 4416 peccatorum
1203 4338 1304 4416 huius
1319 4356 1448 4418 quoque
1462 4344 1670 4407 remissionis
1685 4363 1750 4410 vo-

956 4437 1065 4497 lumus
1087 4437 1120 4498 θῖ
1133 4436 1344 4498 concedimus
1359 4453 1434 4499 esse
1454 4440 1634 4519 participes
1653 4444 1751 4520 juxta

956 4533 1174 4612 quantitatem
1189 4533 1330 4595 subsidii
1347 4536 1380 4597 et
1394 4535 1579 4598 devotionis
1594 4538 1751 4603 affectum

956 4631 1156 4709 omnesqui
1177 4631 1219 4692 ad
1241 4629 1491 4693 subventionem
1514 4632 1623 4708 ipsius
1638 4637 1750 4698 Terrae

956 4729 996 4790 de
1030 4728 1126 4789 bonis
1150 4727 1220 4787 suis
1243 4741 1389 4801 congrue
1411 4727 1664 4803 ministrabunt,
1692 4732 1751 4794 aut

956 4825 1045 4886 circa
1069 4822 1227 4900 praedicta
1248 4821 1424 4883 consilium
1443 4824 1477 4884 at
1494 4824 1658 4886 auxilium
1681 4827 1750 4888 im-

956 4920 1138 4999 penderent
1159 4918 1390 4995 opportunum.
1414 4919 1455 4981 Et
1476 4935 1552 4981 cum
1572 4937 1753 4998 perneces-

956 5018 1083 5080 sarium
1102 5014 1268 5078 credimus
1287 5015 1419 5090 negotio
1438 5018 1550 5079 Terrae
1566 5020 1701 5089 Sanctae
1715 5023 1752 5086 ut

956 5115 1124 5194 principes
1138 5113 1171 5175 et
1180 5112 1322 5190 populus
1336 5111 1547 5177 Christianus
1561 5118 1653 5194 pacis
1667 5135 1753 5195 gau-

956 5212 1058 5275 deant
1066 5211 1204 5283 unitate,
1212 5210 1298 5283 ideo,
1310 5210 1397 5287 qued
1408 5211 1565 5275 statutum
1575 5215 1626 5276 est
1636 5216 1752 5278 sancta

957 5311 990 5372 et
1003 5308 1186 5371 universali
1199 5306 1325 5385 synodo
1340 5308 1504 5382 suadenti,
1515 5311 1553 5373 ut
1566 5311 1681 5372 saltem
1692 5327 1755 5389 per

957 5406 1214 5488 quadriennium
1235 5405 1271 5466 in
1293 5405 1362 5468 toto
1386 5403 1464 5468 orbe
1484 5405 1666 5471 christiano
1685 5425 1753 5485 pax

957 5503 1159 5581 generaliter
1171 5492 1376 5571 observetur,
1395 5503 1443 5564 ita
1458 5503 1544 5579 qnod
1560 5520 1621 5580 per
1637 5506 1754 5569 Eccle-

957 5602 1083 5666 siarum
1107 5600 1276 5681 praelatos,
1299 5599 1526 5664 discordantes
1550 5601 1757 5668 reducantur
