<?xml version="1.0" encoding="UTF-8"?>
<!DOCTYPE html PUBLIC "-//W3C//DTD XHTML 1.0 Transitional//EN"
    "http://www.w3.org/TR/xhtml1/DTD/xhtml1-transitional.dtd">
<html xmlns="http://www.w3.org/1999/xhtml" xml:lang="en" lang="en">
 <head>
  <title>
</title>
<meta http-equiv="Content-Type" content="text/html;charset=utf-8" />
  <meta name='ocr-system' content='tesseract 3.04.00' />
  <meta name='ocr-capabilities' content='ocr_page ocr_carea ocr_par ocr_line ocrx_word'/>
</head>
<body>
  <div class='ocr_page' id='page_1' title='image "./mediiaevibiblio00bottgoog_0363.png"; bbox 0 0 3900 6202; ppageno 0'>
   <div class='ocr_carea' id='block_1_1' title="bbox 230 340 1853 430">
    <p class='ocr_par' dir='ltr' id='par_1_1' title="bbox 230 340 1853 430">
     <span class='ocr_line' id='line_1_1' title="bbox 230 340 1853 430; baseline 0.01 -28"><span class='ocrx_word' id='word_1_1' title='bbox 230 340 291 402; x_wconf 71' lang='grc'>243</span> <span class='ocrx_word' id='word_1_2' title='bbox 847 346 1024 410; x_wconf 86' lang='lat' dir='ltr'>HONORII</span> <span class='ocrx_word' id='word_1_3' title='bbox 1045 348 1092 411; x_wconf 91' lang='lat'>111</span> <span class='ocrx_word' id='word_1_4' title='bbox 1112 350 1261 413; x_wconf 74' lang='lat' dir='ltr'>OPERA.</span> <span class='ocrx_word' id='word_1_5' title='bbox 1801 367 1853 430; x_wconf 74' lang='lat'>244</span> 
     </span>
    </p>
   </div>
   <div class='ocr_carea' id='block_1_2' title="bbox 229 500 1857 1763">
    <p class='ocr_par' dir='ltr' id='par_1_2' title="bbox 229 500 1854 893">
     <span class='ocr_line' id='line_1_2' title="bbox 271 500 1854 591; baseline 0.015 -30"><span class='ocrx_word' id='word_1_6' title='bbox 271 515 291 561; x_wconf 71' lang='lat' dir='ltr'>s</span> <span class='ocrx_word' id='word_1_7' title='bbox 313 501 527 565; x_wconf 74' lang='lat' dir='ltr'>Innocentius</span> <span class='ocrx_word' id='word_1_8' title='bbox 541 500 845 583; x_wconf 85' lang='lat' dir='ltr'>episcopusservus</span> <span class='ocrx_word' id='word_1_9' title='bbox 857 521 1029 571; x_wconf 87' lang='lat' dir='ltr'>servorum</span> <span class='ocrx_word' id='word_1_10' title='bbox 1123 509 1215 574; x_wconf 86' lang='lat' dir='ltr'><strong>Nulli</strong></span> <span class='ocrx_word' id='word_1_11' title='bbox 1234 525 1315 589; x_wconf 89' lang='lat' dir='ltr'>ergo</span> <span class='ocrx_word' id='word_1_12' title='bbox 1331 509 1467 577; x_wconf 90' lang='lat' dir='ltr'>omnino</span> <span class='ocrx_word' id='word_1_13' title='bbox 1484 509 1658 580; x_wconf 89' lang='lat' dir='ltr'>bominum</span> <span class='ocrx_word' id='word_1_14' title='bbox 1669 514 1763 583; x_wconf 88' lang='lat' dir='ltr'>liceat</span> <span class='ocrx_word' id='word_1_15' title='bbox 1779 521 1854 591; x_wconf 72' lang='lat' dir='ltr'>bans</span> 
     </span>
     <span class='ocr_line' id='line_1_3' title="bbox 236 597 1854 688; baseline 0.014 -27"><span class='ocrx_word' id='word_1_16' title='bbox 236 597 296 661; x_wconf 87' lang='lat' dir='ltr'>Dei</span> <span class='ocrx_word' id='word_1_17' title='bbox 310 597 442 661; x_wconf 90' lang='lat' dir='ltr'>dilectis</span> <span class='ocrx_word' id='word_1_18' title='bbox 456 600 535 661; x_wconf 87' lang='lat' dir='ltr'>tiliis</span> <span class='ocrx_word' id='word_1_19' title='bbox 549 602 671 664; x_wconf 83' lang='lat' dir='ltr'>loanni</span> <span class='ocrx_word' id='word_1_20' title='bbox 692 603 797 681; x_wconf 89' lang='lat' dir='ltr'>priori</span> <span class='ocrx_word' id='word_1_21' title='bbox 809 605 843 667; x_wconf 92' lang='lat' dir='ltr'>et</span> <span class='ocrx_word' id='word_1_22' title='bbox 856 604 1027 678; x_wconf 75' lang='lat' dir='ltr'>iratribm,</span> <span class='ocrx_word' id='word_1_23' title='bbox 1084 609 1239 688; x_wconf 80' lang='lat' dir='ltr'>paginam</span> <span class='ocrx_word' id='word_1_24' title='bbox 1264 610 1387 673; x_wconf 84' lang='lat' dir='ltr'>nostrae</span> <span class='ocrx_word' id='word_1_25' title='bbox 1411 612 1640 675; x_wconf 87' lang='lat' dir='ltr'>concessionis</span> <span class='ocrx_word' id='word_1_26' title='bbox 1663 616 1695 677; x_wconf 91' lang='lat' dir='ltr'>et</span> <span class='ocrx_word' id='word_1_27' title='bbox 1713 621 1854 683; x_wconf 75' lang='lat' dir='ltr'>consttu-</span> 
     </span>
     <span class='ocr_line' id='line_1_4' title="bbox 229 698 1853 785; baseline 0.015 -28"><span class='ocrx_word' id='word_1_28' title='bbox 229 698 331 774; x_wconf 74' lang='lat' dir='ltr'>Juxta</span> <span class='ocrx_word' id='word_1_29' title='bbox 356 700 499 774; x_wconf 89' lang='lat' dir='ltr'>Specum</span> <span class='ocrx_word' id='word_1_30' title='bbox 527 698 617 763; x_wconf 88' lang='lat' dir='ltr'>beati</span> <span class='ocrx_word' id='word_1_31' title='bbox 644 698 813 765; x_wconf 79' lang='lat' dir='ltr'>Benedicti</span> <span class='ocrx_word' id='word_1_32' title='bbox 841 706 1028 781; x_wconf 79' lang='lat' dir='ltr'>regularem</span> <span class='ocrx_word' id='word_1_33' title='bbox 1084 707 1185 770; x_wconf 88' lang='lat' dir='ltr'>tionis</span> <span class='ocrx_word' id='word_1_34' title='bbox 1197 707 1380 785; x_wconf 82' lang='lat' dir='ltr'>inningere</span> <span class='ocrx_word' id='word_1_35' title='bbox 1389 710 1443 770; x_wconf 92' lang='lat' dir='ltr'>vel</span> <span class='ocrx_word' id='word_1_36' title='bbox 1459 710 1491 772; x_wconf 92' lang='lat' dir='ltr'>ei</span> <span class='ocrx_word' id='word_1_37' title='bbox 1506 726 1592 772; x_wconf 89' lang='lat' dir='ltr'>ausu</span> <span class='ocrx_word' id='word_1_38' title='bbox 1606 713 1853 781; x_wconf 90' lang='lat' dir='ltr'>temerariooon·</span> 
     </span>
     <span class='ocr_line' id='line_1_5' title="bbox 238 793 1854 893; baseline 0.012 -37"><span class='ocrx_word' id='word_1_39' title='bbox 238 793 342 856; x_wconf 91' lang='lat' dir='ltr'>vitam</span> <span class='ocrx_word' id='word_1_40' title='bbox 358 795 567 858; x_wconf 80' lang='lat' dir='ltr'>servantibus</span> <span class='ocrx_word' id='word_1_41' title='bbox 581 797 834 878; x_wconf 90' lang='lat' dir='ltr'>inperpetuum.</span> <span class='ocrx_word' id='word_1_42' title='bbox 1082 805 1197 867; x_wconf 85' lang='lat' dir='ltr'>traire.</span> <span class='ocrx_word' id='word_1_43' title='bbox 1215 805 1250 867; x_wconf 89' lang='lat' dir='ltr'>Si</span> <span class='ocrx_word' id='word_1_44' title='bbox 1274 806 1347 884; x_wconf 88' lang='lat' dir='ltr'>quis</span> <span class='ocrx_word' id='word_1_45' title='bbox 1369 810 1481 870; x_wconf 89' lang='lat' dir='ltr'>autem</span> <span class='ocrx_word' id='word_1_46' title='bbox 1503 808 1568 871; x_wconf 89' lang='lat' dir='ltr'>boo</span> <span class='ocrx_word' id='word_1_47' title='bbox 1593 811 1757 874; x_wconf 88' lang='lat' dir='ltr'>attentare</span> <span class='ocrx_word' id='word_1_48' title='bbox 1780 831 1854 893; x_wconf 80' lang='lat' dir='ltr'>prn-</span> 
     </span>
    </p>

    <p class='ocr_par' dir='ltr' id='par_1_3' title="bbox 231 893 1857 1763">
     <span class='ocr_line' id='line_1_6' title="bbox 272 893 1851 987; baseline 0.015 -36"><span class='ocrx_word' id='word_1_49' title='bbox 272 909 292 951; x_wconf 84' lang='lat'><strong>‹</strong></span> <span class='ocrx_word' id='word_1_50' title='bbox 313 894 404 954; x_wconf 90' lang='lat' dir='ltr'>Inter</span> <span class='ocrx_word' id='word_1_51' title='bbox 414 893 607 958; x_wconf 80' lang='lat' dir='ltr'>holocausta</span> <span class='ocrx_word' id='word_1_52' title='bbox 622 898 794 972; x_wconf 92' lang='lat' dir='ltr'>virtutum,</span> <span class='ocrx_word' id='word_1_53' title='bbox 811 900 939 963; x_wconf 90' lang='lat' dir='ltr'>nullum</span> <span class='ocrx_word' id='word_1_54' title='bbox 952 916 1027 962; x_wconf 89' lang='lat' dir='ltr'>ma·</span> <span class='ocrx_word' id='word_1_55' title='bbox 1084 904 1272 982; x_wconf 76' lang='lat' dir='ltr'>sumpserit,</span> <span class='ocrx_word' id='word_1_56' title='bbox 1282 904 1546 982; x_wconf 76' lang='lat' dir='ltr'>indignationem</span> <span class='ocrx_word' id='word_1_57' title='bbox 1556 910 1782 986; x_wconf 90' lang='lat' dir='ltr'>omnipotentis</span> <span class='ocrx_word' id='word_1_58' title='bbox 1794 914 1851 987; x_wconf 90' lang='lat' dir='ltr'>bei,</span> 
     </span>
     <span class='ocr_line' id='line_1_7' title="bbox 232 989 1853 1085; baseline 0.015 -36"><span class='ocrx_word' id='word_1_59' title='bbox 232 989 285 1067; x_wconf 86' lang='lat' dir='ltr'>gis</span> <span class='ocrx_word' id='word_1_60' title='bbox 299 990 350 1052; x_wconf 90' lang='lat' dir='ltr'>est</span> <span class='ocrx_word' id='word_1_61' title='bbox 368 991 595 1067; x_wconf 89' lang='lat' dir='ltr'>medullatum,</span> <span class='ocrx_word' id='word_1_62' title='bbox 605 1012 704 1073; x_wconf 86' lang='lat' dir='ltr'>qnam</span> <span class='ocrx_word' id='word_1_63' title='bbox 719 998 805 1075; x_wconf 84' lang='lat' dir='ltr'>quod</span> <span class='ocrx_word' id='word_1_64' title='bbox 820 998 959 1061; x_wconf 83' lang='lat' dir='ltr'>offertur</span> <span class='ocrx_word' id='word_1_65' title='bbox 971 998 1030 1061; x_wconf 83' lang='lat' dir='ltr'>Al·</span> <span class='ocrx_word' id='word_1_66' title='bbox 1083 1001 1117 1063; x_wconf 90' lang='lat' dir='ltr'>et</span> <span class='ocrx_word' id='word_1_67' title='bbox 1139 1001 1310 1065; x_wconf 87' lang='lat' dir='ltr'>beatorum</span> <span class='ocrx_word' id='word_1_68' title='bbox 1333 1004 1425 1066; x_wconf 91' lang='lat' dir='ltr'>Petri</span> <span class='ocrx_word' id='word_1_69' title='bbox 1455 1006 1488 1068; x_wconf 89' lang='lat' dir='ltr'>et</span> <span class='ocrx_word' id='word_1_70' title='bbox 1521 1006 1620 1068; x_wconf 91' lang='lat' dir='ltr'>Pauli</span> <span class='ocrx_word' id='word_1_71' title='bbox 1653 1009 1853 1085; x_wconf 88' lang='lat' dir='ltr'>apostolorum</span> 
     </span>
     <span class='ocr_line' id='line_1_8' title="bbox 231 1086 1857 1184; baseline 0.011 -34"><span class='ocrx_word' id='word_1_72' title='bbox 231 1086 361 1150; x_wconf 88' lang='lat' dir='ltr'>tissime</span> <span class='ocrx_word' id='word_1_73' title='bbox 372 1089 1031 1174; x_wconf 87' lang='lat' dir='ltr'>depinguedinecaritatis.Hocigitnrat·</span> <span class='ocrx_word' id='word_1_74' title='bbox 1083 1101 1167 1177; x_wconf 89' lang='lat' dir='ltr'>ejus,</span> <span class='ocrx_word' id='word_1_75' title='bbox 1182 1115 1218 1161; x_wconf 92' lang='lat' dir='ltr'>se</span> <span class='ocrx_word' id='word_1_76' title='bbox 1232 1100 1362 1163; x_wconf 90' lang='lat' dir='ltr'>noverit</span> <span class='ocrx_word' id='word_1_77' title='bbox 1381 1100 1607 1165; x_wconf 90' lang='lat' dir='ltr'>incursurum.</span> <span class='ocrx_word' id='word_1_78' title='bbox 1628 1106 1742 1167; x_wconf 84' lang='lat' dir='ltr'>batum</span> <span class='ocrx_word' id='word_1_79' title='bbox 1759 1110 1857 1184; x_wconf 78' lang='lat' dir='ltr'>Anag-</span> 
     </span>
     <span class='ocr_line' id='line_1_9' title="bbox 232 1186 1854 1299; baseline 0.014 -53"><span class='ocrx_word' id='word_1_80' title='bbox 232 1186 416 1260; x_wconf 90' lang='lat' dir='ltr'>tendentes,</span> <span class='ocrx_word' id='word_1_81' title='bbox 433 1204 508 1251; x_wconf 87' lang='lat' dir='ltr'>cum</span> <span class='ocrx_word' id='word_1_82' title='bbox 519 1190 599 1253; x_wconf 88' lang='lat' dir='ltr'>olim</span> <span class='ocrx_word' id='word_1_83' title='bbox 606 1208 708 1255; x_wconf 89' lang='lat' dir='ltr'>causa</span> <span class='ocrx_word' id='word_1_84' title='bbox 722 1193 909 1257; x_wconf 89' lang='lat' dir='ltr'>devotionis</span> <span class='ocrx_word' id='word_1_85' title='bbox 921 1211 1031 1258; x_wconf 56' lang='lat' dir='ltr'>asom</span> <span class='ocrx_word' id='word_1_86' title='bbox 1084 1198 1162 1272; x_wconf 75' lang='lat' dir='ltr'>nias,</span> <span class='ocrx_word' id='word_1_87' title='bbox 1175 1200 1756 1299; x_wconf 72' lang='lat' dir='ltr'>tertiononasangusti,p0ntiocptus</span> <span class='ocrx_word' id='word_1_88' title='bbox 1766 1206 1854 1268; x_wconf 87' lang='lat' dir='ltr'>nostri</span> 
     </span>
     <span class='ocr_line' id='line_1_10' title="bbox 233 1282 1306 1376; baseline 0.016 -33"><span class='ocrx_word' id='word_1_89' title='bbox 233 1282 393 1346; x_wconf 91' lang='lat' dir='ltr'>sissemus</span> <span class='ocrx_word' id='word_1_90' title='bbox 410 1286 452 1348; x_wconf 90' lang='lat' dir='ltr'>ad</span> <span class='ocrx_word' id='word_1_91' title='bbox 462 1286 572 1350; x_wconf 88' lang='lat' dir='ltr'>locum</span> <span class='ocrx_word' id='word_1_92' title='bbox 582 1289 772 1354; x_wconf 86' lang='lat' dir='ltr'>solitudinis</span> <span class='ocrx_word' id='word_1_93' title='bbox 789 1294 919 1367; x_wconf 88' lang='lat' dir='ltr'>vestrae,</span> <span class='ocrx_word' id='word_1_94' title='bbox 931 1310 1029 1372; x_wconf 84' lang='lat' dir='ltr'>quem</span> <span class='ocrx_word' id='word_1_95' title='bbox 1083 1311 1173 1359; x_wconf 86' lang='lat' dir='ltr'>anno</span> <span class='ocrx_word' id='word_1_96' title='bbox 1187 1298 1306 1376; x_wconf 90' lang='lat' dir='ltr'>primo.</span> 
     </span>
     <span class='ocr_line' id='line_1_11' title="bbox 233 1379 1032 1470; baseline 0.016 -28"><span class='ocrx_word' id='word_1_97' title='bbox 233 1379 349 1444; x_wconf 90' lang='lat' dir='ltr'>beatus</span> <span class='ocrx_word' id='word_1_98' title='bbox 359 1384 557 1449; x_wconf 80' lang='lat' dir='ltr'>Benedictus</span> <span class='ocrx_word' id='word_1_99' title='bbox 571 1404 641 1451; x_wconf 79' lang='lat' dir='ltr'>suae</span> <span class='ocrx_word' id='word_1_100' title='bbox 651 1390 879 1454; x_wconf 85' lang='lat' dir='ltr'>conversionis</span> <span class='ocrx_word' id='word_1_101' title='bbox 886 1392 1032 1470; x_wconf 55' lang='lat' dir='ltr'>primos</span> 
     </span>
     <span class='ocr_line' id='line_1_12' title="bbox 235 1479 1572 1577; baseline 0.015 -37"><span class='ocrx_word' id='word_1_102' title='bbox 235 1479 290 1543; x_wconf 93' lang='lat' dir='ltr'>dio</span> <span class='ocrx_word' id='word_1_103' title='bbox 305 1484 524 1558; x_wconf 88' lang='lat' dir='ltr'>consecravit,</span> <span class='ocrx_word' id='word_1_104' title='bbox 538 1486 572 1548; x_wconf 90' lang='lat' dir='ltr'>et</span> <span class='ocrx_word' id='word_1_105' title='bbox 589 1486 831 1551; x_wconf 88' lang='lat' dir='ltr'>invenissemus</span> <span class='ocrx_word' id='word_1_106' title='bbox 845 1505 905 1553; x_wconf 90' lang='lat' dir='ltr'>vos</span> <span class='ocrx_word' id='word_1_107' title='bbox 920 1490 968 1552; x_wconf 92' lang='lat' dir='ltr'>ibi</span> <span class='ocrx_word' id='word_1_108' title='bbox 981 1506 1032 1552; x_wconf 90' lang='lat' dir='ltr'>se-</span> <span class='ocrx_word' id='word_1_109' title='bbox 1396 1488 1572 1577; x_wconf 76' lang='lat' dir='ltr'>CXCVII</span> 
     </span>
     <span class='ocr_line' id='line_1_13' title="bbox 233 1579 1031 1664; baseline 0.011 -22"><span class='ocrx_word' id='word_1_110' title='bbox 233 1579 377 1642; x_wconf 90' lang='lat' dir='ltr'>cundum</span> <span class='ocrx_word' id='word_1_111' title='bbox 407 1580 649 1647; x_wconf 88' lang='lat' dir='ltr'>institutionem</span> <span class='ocrx_word' id='word_1_112' title='bbox 675 1586 781 1664; x_wconf 90' lang='lat' dir='ltr'>ipsius</span> <span class='ocrx_word' id='word_1_113' title='bbox 817 1587 1031 1651; x_wconf 87' lang='lat' dir='ltr'>laudabiliter</span> 
     </span>
     <span class='ocr_line' id='line_1_14' title="bbox 232 1659 1812 1763; baseline 0.013 -24"><span class='ocrx_word' id='word_1_114' title='bbox 232 1677 372 1740; x_wconf 91' lang='lat' dir='ltr'>Domino</span> <span class='ocrx_word' id='word_1_115' title='bbox 387 1677 596 1756; x_wconf 79' lang='lat' dir='ltr'>famulantes,</span> <span class='ocrx_word' id='word_1_116' title='bbox 613 1699 655 1745; x_wconf 93' lang='lat' dir='ltr'>ne</span> <span class='ocrx_word' id='word_1_117' title='bbox 667 1700 727 1762; x_wconf 90' lang='lat' dir='ltr'>pro</span> <span class='ocrx_word' id='word_1_118' title='bbox 742 1685 936 1763; x_wconf 86' lang='lat' dir='ltr'>temporalis</span> <span class='ocrx_word' id='word_1_119' title='bbox 950 1702 1029 1749; x_wconf 90' lang='lat' dir='ltr'>sus·</span> <span class='ocrx_word' id='word_1_120' title='bbox 1136 1659 1189 1722; x_wconf 58' lang='lat' dir='ltr'>Aa</span> <span class='ocrx_word' id='word_1_121' title='bbox 1200 1660 1494 1735; x_wconf 55' lang='lat' dir='ltr'><strong><em>mmmmm</em></strong></span> <span class='ocrx_word' id='word_1_122' title='bbox 1512 1660 1812 1737; x_wconf 53' lang='lat' dir='ltr'>smeburffe&#39;mm·</span> 
     </span>
    </p>
   </div>
   <div class='ocr_carea' id='block_1_3' title="bbox 232 1777 1590 1858">
    <p class='ocr_par' dir='ltr' id='par_1_4' title="bbox 232 1777 1590 1858">
     <span class='ocr_line' id='line_1_15' title="bbox 232 1777 1590 1858; baseline 0.013 -20"><span class='ocrx_word' id='word_1_123' title='bbox 232 1777 426 1840; x_wconf 85' lang='lat' dir='ltr'>tentationis</span> <span class='ocrx_word' id='word_1_124' title='bbox 448 1777 577 1841; x_wconf 87' lang='lat' dir='ltr'>deiectu</span> <span class='ocrx_word' id='word_1_125' title='bbox 601 1781 785 1858; x_wconf 92' lang='lat' dir='ltr'>spiritualis</span> <span class='ocrx_word' id='word_1_126' title='bbox 809 1783 1030 1847; x_wconf 80' lang='lat' dir='ltr'>observantiae</span> <span class='ocrx_word' id='word_1_127' title='bbox 1376 1797 1395 1856; x_wconf 80' lang='lat' dir='ltr'>i</span> <span class='ocrx_word' id='word_1_128' title='bbox 1417 1795 1487 1856; x_wconf 86' lang='lat' dir='ltr'>lebr.</span> <span class='ocrx_word' id='word_1_129' title='bbox 1508 1798 1590 1856; x_wconf 77' lang='lat' dir='ltr'>lili.</span> 
     </span>
    </p>
   </div>
   <div class='ocr_carea' id='block_1_4' title="bbox 233 1872 1829 2058">
    <p class='ocr_par' dir='ltr' id='par_1_5' title="bbox 233 1872 1829 2058">
     <span class='ocr_line' id='line_1_16' title="bbox 233 1872 1829 1979; baseline 0.013 -42"><span class='ocrx_word' id='word_1_130' title='bbox 233 1872 410 1952; x_wconf 87' lang='lat' dir='ltr'>disciplina</span> <span class='ocrx_word' id='word_1_131' title='bbox 430 1877 587 1954; x_wconf 81' lang='lat' dir='ltr'>torperet,</span> <span class='ocrx_word' id='word_1_132' title='bbox 603 1880 822 1957; x_wconf 89' lang='lat' dir='ltr'>apostolicum</span> <span class='ocrx_word' id='word_1_133' title='bbox 836 1881 930 1944; x_wconf 92' lang='lat' dir='ltr'>vobis</span> <span class='ocrx_word' id='word_1_134' title='bbox 945 1881 1030 1943; x_wconf 89' lang='lat' dir='ltr'>sub-</span> <span class='ocrx_word' id='word_1_135' title='bbox 1116 1911 1189 1975; x_wconf 80' lang='lat' dir='ltr'>[coe.</span> <span class='ocrx_word' id='word_1_136' title='bbox 1201 1912 1246 1965; x_wconf 59' lang='lat' dir='ltr'>p„</span> <span class='ocrx_word' id='word_1_137' title='bbox 1257 1909 1331 1972; x_wconf 56' lang='grc' dir='ltr'>Μ,</span> <span class='ocrx_word' id='word_1_138' title='bbox 1347 1911 1829 1979; x_wconf 73' lang='lat' dir='ltr'>p,ss.un.nmneuequemuonue.1</span> 
     </span>
     <span class='ocr_line' id='line_1_17' title="bbox 233 1971 1030 2058; baseline 0.014 -27"><span class='ocrx_word' id='word_1_139' title='bbox 233 1971 355 2033; x_wconf 89' lang='lat' dir='ltr'>sidium</span> <span class='ocrx_word' id='word_1_140' title='bbox 379 1973 535 2036; x_wconf 82' lang='lat' dir='ltr'>duximus</span> <span class='ocrx_word' id='word_1_141' title='bbox 560 1977 828 2053; x_wconf 90' lang='lat' dir='ltr'>impendendum,</span> <span class='ocrx_word' id='word_1_142' title='bbox 858 1980 1030 2058; x_wconf 85' lang='lat' dir='ltr'>sperantes</span> 
     </span>
    </p>
   </div>
   <div class='ocr_carea' id='block_1_5' title="bbox 203 2060 1861 5759">
    <p class='ocr_par' dir='ltr' id='par_1_6' title="bbox 203 2060 1861 5183">
     <span class='ocr_line' id='line_1_18' title="bbox 234 2060 1854 2167; baseline 0.004 -37"><span class='ocrx_word' id='word_1_143' title='bbox 234 2070 321 2147; x_wconf 86' lang='lat' dir='ltr'>quod</span> <span class='ocrx_word' id='word_1_144' title='bbox 341 2071 427 2133; x_wconf 89' lang='lat' dir='ltr'>idem</span> <span class='ocrx_word' id='word_1_145' title='bbox 449 2071 661 2136; x_wconf 88' lang='lat' dir='ltr'>beatissimus</span> <span class='ocrx_word' id='word_1_146' title='bbox 685 2075 884 2140; x_wconf 88' lang='lat' dir='ltr'>Benedictus</span> <span class='ocrx_word' id='word_1_147' title='bbox 907 2079 1030 2140; x_wconf 83' lang='lat' dir='ltr'>nostrae</span> <span class='ocrx_word' id='word_1_148' title='bbox 1085 2062 1201 2166; x_wconf 63' lang='lat' dir='ltr'>landet</span> <span class='ocrx_word' id='word_1_149' title='bbox 1219 2066 1257 2167; x_wconf 63' lang='lat'>⁰.⁵&#39;</span> <span class='ocrx_word' id='word_1_150' title='bbox 1288 2071 1322 2166; x_wconf 66' lang='lat' dir='ltr'>m.</span> <span class='ocrx_word' id='word_1_151' title='bbox 1339 2060 1491 2164; x_wconf 60' lang='lat' dir='ltr'>bioesiissssl</span> <span class='ocrx_word' id='word_1_152' title='bbox 1513 2061 1623 2165; x_wconf 57' lang='lat' dir='ltr'>Wsstlk</span> <span class='ocrx_word' id='word_1_153' title='bbox 1653 2063 1713 2121; x_wconf 68' lang='lat'>⁸1⁰0</span> <span class='ocrx_word' id='word_1_154' title='bbox 1732 2062 1854 2165; x_wconf 30' lang='lat' dir='ltr'>&#39;menon</span> 
     </span>
     <span class='ocr_line' id='line_1_19' title="bbox 233 2151 1852 2254; baseline 0.006 -26"><span class='ocrx_word' id='word_1_155' title='bbox 233 2165 419 2231; x_wconf 90' lang='lat' dir='ltr'>devotionis</span> <span class='ocrx_word' id='word_1_156' title='bbox 430 2170 586 2233; x_wconf 83' lang='lat' dir='ltr'>affectum</span> <span class='ocrx_word' id='word_1_157' title='bbox 599 2172 670 2235; x_wconf 92' lang='lat' dir='ltr'>suis</span> <span class='ocrx_word' id='word_1_158' title='bbox 683 2174 811 2238; x_wconf 88' lang='lat' dir='ltr'>meritis</span> <span class='ocrx_word' id='word_1_159' title='bbox 832 2175 865 2237; x_wconf 91' lang='lat' dir='ltr'>et</span> <span class='ocrx_word' id='word_1_160' title='bbox 876 2176 1031 2254; x_wconf 89' lang='lat' dir='ltr'>precibus</span> <span class='ocrx_word' id='word_1_161' title='bbox 1119 2153 1240 2211; x_wconf 66' lang='lat' dir='ltr'>¹¹¹³0f¹⁸¹¹</span> <span class='ocrx_word' id='word_1_162' title='bbox 1256 2159 1395 2222; x_wconf 49' lang='lat' dir='ltr'>“ammi</span> <span class='ocrx_word' id='word_1_163' title='bbox 1408 2166 1462 2209; x_wconf 73' lang='lat'>¹¹⁰⁰</span> <span class='ocrx_word' id='word_1_164' title='bbox 1483 2151 1788 2253; x_wconf 48' lang='grc' dir='ltr'>ΙΨΜῙἿΒΨΟΨΠἮ</span> <span class='ocrx_word' id='word_1_165' title='bbox 1799 2166 1852 2208; x_wconf 74' lang='lat'><strong>⁰⁸¹¹·</strong></span> 
     </span>
     <span class='ocr_line' id='line_1_20' title="bbox 234 2237 1853 2386; baseline 0.006 -60"><span class='ocrx_word' id='word_1_166' title='bbox 234 2266 321 2342; x_wconf 89' lang='lat' dir='ltr'>apud</span> <span class='ocrx_word' id='word_1_167' title='bbox 347 2267 535 2344; x_wconf 89' lang='lat' dir='ltr'>piissimum</span> <span class='ocrx_word' id='word_1_168' title='bbox 563 2273 709 2344; x_wconf 89' lang='lat' dir='ltr'>Patrem,</span> <span class='ocrx_word' id='word_1_169' title='bbox 746 2275 780 2336; x_wconf 93' lang='lat' dir='ltr'>et</span> <span class='ocrx_word' id='word_1_170' title='bbox 807 2273 1031 2351; x_wconf 86' lang='lat' dir='ltr'>justissimum</span> <span class='ocrx_word' id='word_1_171' title='bbox 1120 2255 1278 2386; x_wconf 42' lang='lat' dir='ltr'><strong>”mfffflm</strong></span> <span class='ocrx_word' id='word_1_172' title='bbox 1292 2255 1390 2299; x_wconf 72' lang='lat'>⁰⁰¹⁸¹¹¹</span> <span class='ocrx_word' id='word_1_173' title='bbox 1410 2237 1536 2314; x_wconf 53' lang='grc' dir='ltr'>ΨΜ*</span> <span class='ocrx_word' id='word_1_174' title='bbox 1554 2238 1696 2314; x_wconf 62' lang='lat' dir='ltr'>¹⁰d¹⁰¹b¹¹⁸</span> <span class='ocrx_word' id='word_1_175' title='bbox 1712 2239 1790 2298; x_wconf 55' lang='grc' dir='ltr'><strong>Μ</strong></span> <span class='ocrx_word' id='word_1_176' title='bbox 1801 2253 1853 2314; x_wconf 59' lang='lat'>‘³⁸⁰&#39;</span> 
     </span>
     <span class='ocr_line' id='line_1_21' title="bbox 230 2344 1840 2474; baseline 0.005 -50"><span class='ocrx_word' id='word_1_177' title='bbox 230 2363 378 2441; x_wconf 76' lang='lat' dir='ltr'>judicem</span> <span class='ocrx_word' id='word_1_178' title='bbox 402 2368 654 2432; x_wconf 87' lang='lat' dir='ltr'>commendabit.</span> <span class='ocrx_word' id='word_1_179' title='bbox 678 2370 807 2432; x_wconf 88' lang='lat' dir='ltr'>Vestris</span> <span class='ocrx_word' id='word_1_180' title='bbox 833 2371 945 2450; x_wconf 89' lang='lat' dir='ltr'>itaque</span> <span class='ocrx_word' id='word_1_181' title='bbox 971 2387 1032 2433; x_wconf 89' lang='lat' dir='ltr'>cu·</span> <span class='ocrx_word' id='word_1_182' title='bbox 1120 2344 1209 2405; x_wconf 57' lang='lat' dir='ltr'>”qm</span> <span class='ocrx_word' id='word_1_183' title='bbox 1223 2344 1266 2388; x_wconf 53' lang='grc' dir='ltr'>ω’</span> <span class='ocrx_word' id='word_1_184' title='bbox 1720 2462 1726 2473; x_wconf 30' lang='lat'>⁸</span> <span class='ocrx_word' id='word_1_185' title='bbox 1834 2461 1840 2474; x_wconf 94' lang='lat'><strong>.</strong></span> 
     </span>
     <span class='ocr_line' id='line_1_22' title="bbox 233 2460 1854 2544; baseline 0.002 -23"><span class='ocrx_word' id='word_1_186' title='bbox 233 2460 363 2538; x_wconf 87' lang='lat' dir='ltr'>pientes</span> <span class='ocrx_word' id='word_1_187' title='bbox 377 2464 632 2527; x_wconf 89' lang='lat' dir='ltr'>necessitatibus</span> <span class='ocrx_word' id='word_1_188' title='bbox 653 2467 840 2544; x_wconf 87' lang='lat' dir='ltr'>providere,</span> <span class='ocrx_word' id='word_1_189' title='bbox 855 2484 916 2530; x_wconf 84' lang='lat' dir='ltr'>sex</span> <span class='ocrx_word' id='word_1_190' title='bbox 926 2468 1030 2531; x_wconf 87' lang='lat' dir='ltr'>libras</span> <span class='ocrx_word' id='word_1_191' title='bbox 1125 2467 1206 2527; x_wconf 90' lang='lat' dir='ltr'>Cum</span> <span class='ocrx_word' id='word_1_192' title='bbox 1221 2481 1261 2527; x_wconf 89' lang='lat' dir='ltr'>ea</span> <span class='ocrx_word' id='word_1_193' title='bbox 1271 2465 1312 2526; x_wconf 92' lang='lat' dir='ltr'>de</span> <span class='ocrx_word' id='word_1_194' title='bbox 1324 2464 1484 2528; x_wconf 88' lang='lat' dir='ltr'>iratribus</span> <span class='ocrx_word' id='word_1_195' title='bbox 1498 2465 1533 2527; x_wconf 90' lang='lat' dir='ltr'>et</span> <span class='ocrx_word' id='word_1_196' title='bbox 1545 2463 1745 2542; x_wconf 77' lang='lat' dir='ltr'>coepiscopis</span> <span class='ocrx_word' id='word_1_197' title='bbox 1755 2461 1854 2525; x_wconf 82' lang='lat' dir='ltr'>nostru</span> 
     </span>
     <span class='ocr_line' id='line_1_23' title="bbox 234 2558 1855 2641; baseline 0.001 -23"><span class='ocrx_word' id='word_1_198' title='bbox 234 2558 363 2621; x_wconf 90' lang='lat' dir='ltr'>usualis</span> <span class='ocrx_word' id='word_1_199' title='bbox 378 2562 529 2635; x_wconf 80' lang='lat' dir='ltr'>monetae,</span> <span class='ocrx_word' id='word_1_200' title='bbox 541 2562 636 2625; x_wconf 90' lang='lat' dir='ltr'>vobis</span> <span class='ocrx_word' id='word_1_201' title='bbox 648 2566 682 2628; x_wconf 91' lang='lat' dir='ltr'>et</span> <span class='ocrx_word' id='word_1_202' title='bbox 696 2565 945 2628; x_wconf 88' lang='lat' dir='ltr'>successoribus</span> <span class='ocrx_word' id='word_1_203' title='bbox 954 2583 1033 2629; x_wconf 89' lang='lat' dir='ltr'>ves-</span> <span class='ocrx_word' id='word_1_204' title='bbox 1084 2563 1273 2625; x_wconf 90' lang='lat' dir='ltr'>audivimus</span> <span class='ocrx_word' id='word_1_205' title='bbox 1295 2579 1369 2641; x_wconf 77' lang='lat' dir='ltr'>quae</span> <span class='ocrx_word' id='word_1_206' title='bbox 1397 2561 1601 2640; x_wconf 82' lang='lat' dir='ltr'>pontificalis</span> <span class='ocrx_word' id='word_1_207' title='bbox 1625 2560 1782 2624; x_wconf 79' lang='lat' dir='ltr'>modesta</span> <span class='ocrx_word' id='word_1_208' title='bbox 1803 2573 1855 2620; x_wconf 92' lang='lat' dir='ltr'>non</span> 
     </span>
     <span class='ocr_line' id='line_1_24' title="bbox 233 2655 1855 2740; baseline -0.002 -22"><span class='ocrx_word' id='word_1_209' title='bbox 233 2655 296 2718; x_wconf 78' lang='lat' dir='ltr'>trIs</span> <span class='ocrx_word' id='word_1_210' title='bbox 317 2656 358 2719; x_wconf 91' lang='lat' dir='ltr'>de</span> <span class='ocrx_word' id='word_1_211' title='bbox 381 2673 513 2721; x_wconf 89' lang='lat' dir='ltr'>camera</span> <span class='ocrx_word' id='word_1_212' title='bbox 533 2660 623 2724; x_wconf 86' lang='lat' dir='ltr'>beati</span> <span class='ocrx_word' id='word_1_213' title='bbox 648 2663 740 2724; x_wconf 88' lang='lat' dir='ltr'>Petri</span> <span class='ocrx_word' id='word_1_214' title='bbox 766 2660 908 2740; x_wconf 90' lang='lat' dir='ltr'>singulis</span> <span class='ocrx_word' id='word_1_215' title='bbox 931 2664 1030 2727; x_wconf 90' lang='lat' dir='ltr'>annis</span> <span class='ocrx_word' id='word_1_216' title='bbox 1086 2662 1220 2740; x_wconf 89' lang='lat' dir='ltr'>sapiunt</span> <span class='ocrx_word' id='word_1_217' title='bbox 1233 2661 1442 2738; x_wconf 70' lang='lat' dir='ltr'>pronitatem,</span> <span class='ocrx_word' id='word_1_218' title='bbox 1458 2661 1553 2723; x_wconf 90' lang='lat' dir='ltr'>tanto</span> <span class='ocrx_word' id='word_1_219' title='bbox 1566 2660 1685 2738; x_wconf 87' lang='lat' dir='ltr'>majori</span> <span class='ocrx_word' id='word_1_220' title='bbox 1694 2656 1855 2721; x_wconf 88' lang='lat' dir='ltr'>turbatione</span> 
     </span>
     <span class='ocr_line' id='line_1_25' title="bbox 234 2755 1854 2840; baseline 0.001 -26"><span class='ocrx_word' id='word_1_221' title='bbox 234 2755 467 2832; x_wconf 88' lang='lat' dir='ltr'>percipiendas</span> <span class='ocrx_word' id='word_1_222' title='bbox 482 2759 718 2833; x_wconf 88' lang='lat' dir='ltr'>concessimus,</span> <span class='ocrx_word' id='word_1_223' title='bbox 741 2761 846 2823; x_wconf 90' lang='lat' dir='ltr'>donec</span> <span class='ocrx_word' id='word_1_224' title='bbox 860 2761 896 2823; x_wconf 93' lang='lat' dir='ltr'>in</span> <span class='ocrx_word' id='word_1_225' title='bbox 918 2761 1031 2840; x_wconf 84' lang='lat' dir='ltr'>aliquo</span> <span class='ocrx_word' id='word_1_226' title='bbox 1086 2758 1330 2831; x_wconf 84' lang='lat' dir='ltr'>contundimur,</span> <span class='ocrx_word' id='word_1_227' title='bbox 1344 2759 1467 2836; x_wconf 84' lang='lat' dir='ltr'>quanto</span> <span class='ocrx_word' id='word_1_228' title='bbox 1482 2757 1621 2823; x_wconf 88' lang='lat' dir='ltr'>illorum</span> <span class='ocrx_word' id='word_1_229' title='bbox 1635 2771 1781 2821; x_wconf 85' lang='lat' dir='ltr'>excessus</span> <span class='ocrx_word' id='word_1_230' title='bbox 1792 2768 1854 2816; x_wconf 86' lang='lat' dir='ltr'>ms·</span> 
     </span>
     <span class='ocr_line' id='line_1_26' title="bbox 234 2853 1855 2961; baseline 0 -47"><span class='ocrx_word' id='word_1_231' title='bbox 234 2853 326 2915; x_wconf 88' lang='lat' dir='ltr'>certo</span> <span class='ocrx_word' id='word_1_232' title='bbox 337 2854 595 2919; x_wconf 88' lang='lat' dir='ltr'>loeovobisesse</span> <span class='ocrx_word' id='word_1_233' title='bbox 606 2858 732 2921; x_wconf 87' lang='lat' dir='ltr'>utiliter</span> <span class='ocrx_word' id='word_1_234' title='bbox 740 2859 919 2935; x_wconf 73' lang='lat' dir='ltr'>assignate</span> <span class='ocrx_word' id='word_1_235' title='bbox 933 2858 1028 2940; x_wconf 81' lang='lat' dir='ltr'>(stc):</span> <span class='ocrx_word' id='word_1_236' title='bbox 1081 2860 1138 2935; x_wconf 87' lang='lat' dir='ltr'>jus</span> <span class='ocrx_word' id='word_1_237' title='bbox 1153 2856 1276 2919; x_wconf 83' lang='lat' dir='ltr'>afferre</span> <span class='ocrx_word' id='word_1_238' title='bbox 1294 2855 1488 2918; x_wconf 89' lang='lat' dir='ltr'>scandalum</span> <span class='ocrx_word' id='word_1_239' title='bbox 1511 2855 1691 2928; x_wconf 90' lang='lat' dir='ltr'>intuemur,</span> <span class='ocrx_word' id='word_1_240' title='bbox 1710 2853 1855 2961; x_wconf 24' lang='lat' dir='ltr'>dumvpec·</span> 
     </span>
     <span class='ocr_line' id='line_1_27' title="bbox 234 2946 1855 3033; baseline -0.002 -22"><span class='ocrx_word' id='word_1_241' title='bbox 234 2950 429 3025; x_wconf 88' lang='lat' dir='ltr'>statuentes,</span> <span class='ocrx_word' id='word_1_242' title='bbox 454 2955 565 3028; x_wconf 87' lang='lat' dir='ltr'>ntea,</span> <span class='ocrx_word' id='word_1_243' title='bbox 589 2971 662 3033; x_wconf 74' lang='lat' dir='ltr'>quse</span> <span class='ocrx_word' id='word_1_244' title='bbox 687 2956 729 3018; x_wconf 91' lang='lat' dir='ltr'>ad</span> <span class='ocrx_word' id='word_1_245' title='bbox 756 2957 1031 3020; x_wconf 85' lang='lat' dir='ltr'>sustentationem</span> <span class='ocrx_word' id='word_1_246' title='bbox 1086 2956 1200 3017; x_wconf 88' lang='lat' dir='ltr'>cantes</span> <span class='ocrx_word' id='word_1_247' title='bbox 1219 2968 1359 3033; x_wconf 85' lang='lat' dir='ltr'>peccare</span> <span class='ocrx_word' id='word_1_248' title='bbox 1381 2952 1508 3015; x_wconf 84' lang='lat' dir='ltr'>iaciunt</span> <span class='ocrx_word' id='word_1_249' title='bbox 1532 2953 1621 3016; x_wconf 90' lang='lat' dir='ltr'>alios</span> <span class='ocrx_word' id='word_1_250' title='bbox 1648 2950 1702 3030; x_wconf 86' lang='lat' dir='ltr'>qui</span> <span class='ocrx_word' id='word_1_251' title='bbox 1724 2946 1855 3012; x_wconf 80' lang='lat' dir='ltr'>adbibere</span> 
     </span>
     <span class='ocr_line' id='line_1_28' title="bbox 232 3047 1857 3130; baseline -0.003 -21"><span class='ocrx_word' id='word_1_252' title='bbox 232 3049 378 3111; x_wconf 90' lang='lat' dir='ltr'>vestram</span> <span class='ocrx_word' id='word_1_253' title='bbox 391 3052 609 3115; x_wconf 81' lang='lat' dir='ltr'>consuevistis</span> <span class='ocrx_word' id='word_1_254' title='bbox 621 3053 793 3130; x_wconf 87' lang='lat' dir='ltr'>percipere</span> <span class='ocrx_word' id='word_1_255' title='bbox 806 3054 848 3116; x_wconf 90' lang='lat' dir='ltr'>de</span> <span class='ocrx_word' id='word_1_256' title='bbox 858 3056 1030 3118; x_wconf 86' lang='lat' dir='ltr'>monaste·</span> <span class='ocrx_word' id='word_1_257' title='bbox 1085 3051 1243 3115; x_wconf 88' lang='lat' dir='ltr'>deberent</span> <span class='ocrx_word' id='word_1_258' title='bbox 1259 3051 1411 3129; x_wconf 84' lang='lat' dir='ltr'>exemplo</span> <span class='ocrx_word' id='word_1_259' title='bbox 1426 3050 1594 3113; x_wconf 90' lang='lat' dir='ltr'>bonorum</span> <span class='ocrx_word' id='word_1_260' title='bbox 1614 3064 1745 3128; x_wconf 87' lang='lat' dir='ltr'>operum</span> <span class='ocrx_word' id='word_1_261' title='bbox 1757 3047 1857 3108; x_wconf 89' lang='lat' dir='ltr'>semet·</span> 
     </span>
     <span class='ocr_line' id='line_1_29' title="bbox 233 3137 1859 3247; baseline -0.006 -36"><span class='ocrx_word' id='word_1_262' title='bbox 233 3145 286 3211; x_wconf 81' lang='lat' dir='ltr'>vlo</span> <span class='ocrx_word' id='word_1_263' title='bbox 297 3145 604 3220; x_wconf 85' lang='lat' dir='ltr'>Sublacensi,vobis</span> <span class='ocrx_word' id='word_1_264' title='bbox 615 3151 902 3214; x_wconf 88' lang='lat' dir='ltr'>etsuccessoribus</span> <span class='ocrx_word' id='word_1_265' title='bbox 910 3154 1031 3216; x_wconf 86' lang='lat' dir='ltr'>vestris</span> <span class='ocrx_word' id='word_1_266' title='bbox 1085 3149 1188 3228; x_wconf 85' lang='lat' dir='ltr'>ipsos.</span> <span class='ocrx_word' id='word_1_267' title='bbox 1200 3153 1287 3212; x_wconf 86' lang='lat' dir='ltr'>sane</span> <span class='ocrx_word' id='word_1_268' title='bbox 1295 3149 1349 3211; x_wconf 87' lang='lat' dir='ltr'>W.</span> <span class='ocrx_word' id='word_1_269' title='bbox 1364 3147 1549 3211; x_wconf 88' lang='lat' dir='ltr'>monachus</span> <span class='ocrx_word' id='word_1_270' title='bbox 1571 3145 1758 3210; x_wconf 87' lang='lat' dir='ltr'>monasterii</span> <span class='ocrx_word' id='word_1_271' title='bbox 1773 3137 1859 3247; x_wconf 76' lang='lat' dir='ltr'>sancti</span> 
     </span>
     <span class='ocr_line' id='line_1_30' title="bbox 232 3230 1859 3325; baseline -0.003 -21"><span class='ocrx_word' id='word_1_272' title='bbox 232 3230 582 3321; x_wconf 75' lang='lat' dir='ltr'>&#39;propterhoominlme</span> <span class='ocrx_word' id='word_1_273' title='bbox 591 3248 805 3324; x_wconf 78' lang='lat' dir='ltr'>negarentur.</span> <span class='ocrx_word' id='word_1_274' title='bbox 818 3251 1031 3313; x_wconf 90' lang='lat' dir='ltr'>Postmodum</span> <span class='ocrx_word' id='word_1_275' title='bbox 1086 3247 1254 3310; x_wconf 85' lang='lat' dir='ltr'>Lamberti</span> <span class='ocrx_word' id='word_1_276' title='bbox 1267 3261 1405 3325; x_wconf 88' lang='lat' dir='ltr'>gravem</span> <span class='ocrx_word' id='word_1_277' title='bbox 1419 3244 1515 3308; x_wconf 90' lang='lat' dir='ltr'>nobis</span> <span class='ocrx_word' id='word_1_278' title='bbox 1527 3244 1768 3323; x_wconf 84' lang='lat' dir='ltr'>querimoniam</span> <span class='ocrx_word' id='word_1_279' title='bbox 1780 3238 1859 3302; x_wconf 84' lang='lat' dir='ltr'>dost·</span> 
     </span>
     <span class='ocr_line' id='line_1_31' title="bbox 234 3332 1858 3444; baseline -0.004 -43"><span class='ocrx_word' id='word_1_280' title='bbox 234 3339 428 3404; x_wconf 89' lang='lat' dir='ltr'>autemoum</span> <span class='ocrx_word' id='word_1_281' title='bbox 442 3344 569 3405; x_wconf 90' lang='lat' dir='ltr'>reversi</span> <span class='ocrx_word' id='word_1_282' title='bbox 585 3343 764 3409; x_wconf 78' lang='lat' dir='ltr'>fuissemus</span> <span class='ocrx_word' id='word_1_283' title='bbox 775 3346 817 3410; x_wconf 84' lang='lat' dir='ltr'>ad</span> <span class='ocrx_word' id='word_1_284' title='bbox 827 3347 953 3421; x_wconf 89' lang='lat' dir='ltr'>urbem,</span> <span class='ocrx_word' id='word_1_285' title='bbox 965 3345 1033 3431; x_wconf 90' lang='lat' dir='ltr'>[in-</span> <span class='ocrx_word' id='word_1_286' title='bbox 1085 3344 1179 3409; x_wconf 88' lang='lat' dir='ltr'>navit</span> <span class='ocrx_word' id='word_1_287' title='bbox 1191 3345 1290 3425; x_wconf 85' lang='lat' dir='ltr'>quod,</span> <span class='ocrx_word' id='word_1_288' title='bbox 1315 3360 1417 3408; x_wconf 85' lang='lat' dir='ltr'>eausa</span> <span class='ocrx_word' id='word_1_289' title='bbox 1441 3342 1647 3405; x_wconf 87' lang='lat' dir='ltr'>electionum</span> <span class='ocrx_word' id='word_1_290' title='bbox 1666 3341 1812 3404; x_wconf 84' lang='lat' dir='ltr'>iacturum</span> <span class='ocrx_word' id='word_1_291' title='bbox 1826 3332 1858 3444; x_wconf 83' lang='lat' dir='ltr'>de</span> 
     </span>
     <span class='ocr_line' id='line_1_32' title="bbox 231 3435 1857 3523; baseline -0.004 -23"><span class='ocrx_word' id='word_1_292' title='bbox 231 3435 396 3519; x_wconf 79' lang='lat' dir='ltr'>venimus]</span> <span class='ocrx_word' id='word_1_293' title='bbox 421 3442 581 3518; x_wconf 85' lang='lat' dir='ltr'>quosdam</span> <span class='ocrx_word' id='word_1_294' title='bbox 603 3442 646 3506; x_wconf 92' lang='lat' dir='ltr'>de</span> <span class='ocrx_word' id='word_1_295' title='bbox 668 3442 827 3505; x_wconf 66' lang='lat' dir='ltr'>nabibus</span> <span class='ocrx_word' id='word_1_296' title='bbox 847 3443 1032 3509; x_wconf 71' lang='lat' dir='ltr'>nostrised</span> <span class='ocrx_word' id='word_1_297' title='bbox 1085 3445 1158 3523; x_wconf 88' lang='lat' dir='ltr'>ipso</span> <span class='ocrx_word' id='word_1_298' title='bbox 1195 3444 1228 3506; x_wconf 90' lang='lat' dir='ltr'>et</span> <span class='ocrx_word' id='word_1_299' title='bbox 1254 3441 1385 3506; x_wconf 80' lang='lat' dir='ltr'>Vualclr</span> <span class='ocrx_word' id='word_1_300' title='bbox 1416 3441 1586 3504; x_wconf 87' lang='lat' dir='ltr'>monacho</span> <span class='ocrx_word' id='word_1_301' title='bbox 1617 3441 1653 3504; x_wconf 91' lang='lat' dir='ltr'>in</span> <span class='ocrx_word' id='word_1_302' title='bbox 1686 3436 1857 3502; x_wconf 78' lang='lat' dir='ltr'>monasterio</span> 
     </span>
     <span class='ocr_line' id='line_1_33' title="bbox 203 3535 1858 3618; baseline -0.002 -22"><span class='ocrx_word' id='word_1_303' title='bbox 203 3542 208 3557; x_wconf 88' lang='lat'><strong><em>¹</em></strong></span> <span class='ocrx_word' id='word_1_304' title='bbox 235 3535 385 3598; x_wconf 89' lang='lat' dir='ltr'>nostram</span> <span class='ocrx_word' id='word_1_305' title='bbox 416 3539 629 3616; x_wconf 71' lang='lat' dir='ltr'>presentiam</span> <span class='ocrx_word' id='word_1_306' title='bbox 661 3541 835 3604; x_wconf 88' lang='lat' dir='ltr'>destinatis</span> <span class='ocrx_word' id='word_1_307' title='bbox 860 3542 1032 3606; x_wconf 87' lang='lat' dir='ltr'>humiliter</span> <span class='ocrx_word' id='word_1_308' title='bbox 1085 3541 1268 3604; x_wconf 88' lang='lat' dir='ltr'>memorato</span> <span class='ocrx_word' id='word_1_309' title='bbox 1289 3540 1453 3618; x_wconf 89' lang='lat' dir='ltr'>pendente</span> <span class='ocrx_word' id='word_1_310' title='bbox 1476 3554 1595 3601; x_wconf 87' lang='lat' dir='ltr'>coram</span> <span class='ocrx_word' id='word_1_311' title='bbox 1614 3535 1774 3618; x_wconf 87' lang='lat' dir='ltr'>judicibus</span> <span class='ocrx_word' id='word_1_312' title='bbox 1794 3548 1812 3593; x_wconf 87' lang='lat' dir='ltr'>a</span> <span class='ocrx_word' id='word_1_313' title='bbox 1829 3543 1858 3590; x_wconf 84' lang='lat' dir='ltr'>se</span> 
     </span>
     <span class='ocr_line' id='line_1_34' title="bbox 233 3628 1857 3735; baseline -0.001 -40"><span class='ocrx_word' id='word_1_314' title='bbox 233 3632 461 3712; x_wconf 89' lang='lat' dir='ltr'>implorantes,</span> <span class='ocrx_word' id='word_1_315' title='bbox 478 3639 514 3700; x_wconf 93' lang='lat' dir='ltr'>nt</span> <span class='ocrx_word' id='word_1_316' title='bbox 528 3639 778 3702; x_wconf 88' lang='lat' dir='ltr'>concessionem</span> <span class='ocrx_word' id='word_1_317' title='bbox 796 3641 903 3718; x_wconf 87' lang='lat' dir='ltr'>ipsam</span> <span class='ocrx_word' id='word_1_318' title='bbox 918 3642 954 3704; x_wconf 93' lang='lat' dir='ltr'>in</span> <span class='ocrx_word' id='word_1_319' title='bbox 967 3642 1033 3704; x_wconf 90' lang='lat' dir='ltr'>ali·</span> <span class='ocrx_word' id='word_1_320' title='bbox 1087 3639 1172 3702; x_wconf 90' lang='lat' dir='ltr'>Sede</span> <span class='ocrx_word' id='word_1_321' title='bbox 1183 3637 1373 3716; x_wconf 85' lang='lat' dir='ltr'>Apostoliea</span> <span class='ocrx_word' id='word_1_322' title='bbox 1388 3637 1561 3714; x_wconf 88' lang='lat' dir='ltr'>delegatis,</span> <span class='ocrx_word' id='word_1_323' title='bbox 1582 3638 1618 3699; x_wconf 93' lang='lat' dir='ltr'>tu</span> <span class='ocrx_word' id='word_1_324' title='bbox 1633 3652 1708 3698; x_wconf 92' lang='lat' dir='ltr'>eum</span> <span class='ocrx_word' id='word_1_325' title='bbox 1721 3634 1754 3695; x_wconf 90' lang='lat' dir='ltr'>in</span> <span class='ocrx_word' id='word_1_326' title='bbox 1766 3628 1857 3735; x_wconf 78' lang='lat' dir='ltr'>eccle·⁸</span> 
     </span>
     <span class='ocr_line' id='line_1_35' title="bbox 233 3722 1857 3817; baseline -0.003 -23"><span class='ocrx_word' id='word_1_327' title='bbox 233 3748 299 3810; x_wconf 84' lang='lat' dir='ltr'>quo</span> <span class='ocrx_word' id='word_1_328' title='bbox 314 3737 405 3797; x_wconf 90' lang='lat' dir='ltr'>certo</span> <span class='ocrx_word' id='word_1_329' title='bbox 420 3735 493 3799; x_wconf 89' lang='lat' dir='ltr'>loco</span> <span class='ocrx_word' id='word_1_330' title='bbox 508 3736 723 3813; x_wconf 87' lang='lat' dir='ltr'>dignaremur</span> <span class='ocrx_word' id='word_1_331' title='bbox 743 3740 903 3817; x_wconf 90' lang='lat' dir='ltr'>perpetuo</span> <span class='ocrx_word' id='word_1_332' title='bbox 927 3739 1032 3802; x_wconf 90' lang='lat' dir='ltr'>stabi·</span> <span class='ocrx_word' id='word_1_333' title='bbox 1086 3738 1136 3800; x_wconf 90' lang='lat' dir='ltr'>sia</span> <span class='ocrx_word' id='word_1_334' title='bbox 1152 3735 1418 3815; x_wconf 88' lang='lat' dir='ltr'>capityrannica</span> <span class='ocrx_word' id='word_1_335' title='bbox 1433 3733 1567 3796; x_wconf 78' lang='lat' dir='ltr'>feritate</span> <span class='ocrx_word' id='word_1_336' title='bbox 1584 3733 1692 3796; x_wconf 86' lang='lat' dir='ltr'>iecisti</span> <span class='ocrx_word' id='word_1_337' title='bbox 1705 3733 1737 3794; x_wconf 92' lang='lat' dir='ltr'>et</span> <span class='ocrx_word' id='word_1_338' title='bbox 1753 3722 1857 3791; x_wconf 71' lang='lat' dir='ltr'>renodi</span> 
     </span>
     <span class='ocr_line' id='line_1_36' title="bbox 233 3821 1858 3917; baseline -0.005 -27"><span class='ocrx_word' id='word_1_339' title='bbox 233 3830 307 3904; x_wconf 92' lang='lat' dir='ltr'>lire,</span> <span class='ocrx_word' id='word_1_340' title='bbox 324 3831 366 3894; x_wconf 94' lang='lat' dir='ltr'>de</span> <span class='ocrx_word' id='word_1_341' title='bbox 379 3848 445 3910; x_wconf 89' lang='lat' dir='ltr'>quo</span> <span class='ocrx_word' id='word_1_342' title='bbox 465 3834 622 3911; x_wconf 77' lang='lat' dir='ltr'>praelatas</span> <span class='ocrx_word' id='word_1_343' title='bbox 644 3852 705 3898; x_wconf 80' lang='lat' dir='ltr'>sex</span> <span class='ocrx_word' id='word_1_344' title='bbox 729 3836 832 3898; x_wconf 87' lang='lat' dir='ltr'>libras</span> <span class='ocrx_word' id='word_1_345' title='bbox 856 3838 1029 3917; x_wconf 88' lang='lat' dir='ltr'>percipere</span> <span class='ocrx_word' id='word_1_346' title='bbox 1085 3836 1121 3898; x_wconf 91' lang='lat' dir='ltr'>in</span> <span class='ocrx_word' id='word_1_347' title='bbox 1136 3850 1304 3898; x_wconf 87' lang='lat' dir='ltr'>carcerem</span> <span class='ocrx_word' id='word_1_348' title='bbox 1316 3832 1464 3910; x_wconf 88' lang='lat' dir='ltr'>graviter</span> <span class='ocrx_word' id='word_1_349' title='bbox 1476 3832 1690 3894; x_wconf 88' lang='lat' dir='ltr'>vulneratum</span> <span class='ocrx_word' id='word_1_350' title='bbox 1701 3831 1735 3891; x_wconf 93' lang='lat' dir='ltr'>in</span> <span class='ocrx_word' id='word_1_351' title='bbox 1747 3841 1803 3905; x_wconf 85' lang='lat' dir='ltr'>quo</span> <span class='ocrx_word' id='word_1_352' title='bbox 1811 3821 1858 3884; x_wconf 90' lang='lat' dir='ltr'>ad·</span> 
     </span>
     <span class='ocr_line' id='line_1_37' title="bbox 233 3921 1858 4034; baseline -0.006 -43"><span class='ocrx_word' id='word_1_353' title='bbox 233 3929 402 3993; x_wconf 81' lang='lat' dir='ltr'>valeretis.</span> <span class='ocrx_word' id='word_1_354' title='bbox 425 3933 495 3994; x_wconf 91' lang='lat' dir='ltr'>Nos</span> <span class='ocrx_word' id='word_1_355' title='bbox 518 3932 630 4009; x_wconf 90' lang='lat' dir='ltr'>igitur,</span> <span class='ocrx_word' id='word_1_356' title='bbox 654 3933 768 3997; x_wconf 91' lang='lat' dir='ltr'>habito</span> <span class='ocrx_word' id='word_1_357' title='bbox 784 3934 924 3996; x_wconf 78' lang='lat' dir='ltr'>fratrum</span> <span class='ocrx_word' id='word_1_358' title='bbox 947 3953 1032 4000; x_wconf 91' lang='lat' dir='ltr'>nos·</span> <span class='ocrx_word' id='word_1_359' title='bbox 1085 3935 1152 3995; x_wconf 90' lang='lat' dir='ltr'>huc</span> <span class='ocrx_word' id='word_1_360' title='bbox 1165 3933 1295 3997; x_wconf 88' lang='lat' dir='ltr'>detines</span> <span class='ocrx_word' id='word_1_361' title='bbox 1319 3930 1452 3993; x_wconf 89' lang='lat' dir='ltr'>eumin</span> <span class='ocrx_word' id='word_1_362' title='bbox 1472 3929 1631 4002; x_wconf 88' lang='lat' dir='ltr'>vinculis,</span> <span class='ocrx_word' id='word_1_363' title='bbox 1655 3930 1690 3991; x_wconf 91' lang='lat' dir='ltr'>ut</span> <span class='ocrx_word' id='word_1_364' title='bbox 1707 3921 1858 4034; x_wconf 73' lang='lat' dir='ltr'>sicsalteru</span> 
     </span>
     <span class='ocr_line' id='line_1_38' title="bbox 232 4026 1857 4132; baseline -0.001 -44"><span class='ocrx_word' id='word_1_365' title='bbox 232 4026 361 4090; x_wconf 87' lang='lat' dir='ltr'>trorum</span> <span class='ocrx_word' id='word_1_366' title='bbox 375 4029 516 4092; x_wconf 88' lang='lat' dir='ltr'>consilio</span> <span class='ocrx_word' id='word_1_367' title='bbox 539 4031 573 4093; x_wconf 90' lang='lat' dir='ltr'>et</span> <span class='ocrx_word' id='word_1_368' title='bbox 595 4046 747 4104; x_wconf 89' lang='lat' dir='ltr'>assensu,</span> <span class='ocrx_word' id='word_1_369' title='bbox 764 4034 836 4110; x_wconf 88' lang='lat' dir='ltr'>jam</span> <span class='ocrx_word' id='word_1_370' title='bbox 851 4032 957 4096; x_wconf 88' lang='lat' dir='ltr'>dictas</span> <span class='ocrx_word' id='word_1_371' title='bbox 972 4051 1033 4097; x_wconf 84' lang='lat' dir='ltr'>sex</span> <span class='ocrx_word' id='word_1_372' title='bbox 1086 4033 1224 4109; x_wconf 86' lang='lat' dir='ltr'>cogatur</span> <span class='ocrx_word' id='word_1_373' title='bbox 1243 4047 1264 4094; x_wconf 89' lang='lat' dir='ltr'>a</span> <span class='ocrx_word' id='word_1_374' title='bbox 1286 4029 1519 4109; x_wconf 89' lang='lat' dir='ltr'>prosecutione</span> <span class='ocrx_word' id='word_1_375' title='bbox 1538 4028 1701 4090; x_wconf 85' lang='lat' dir='ltr'>desistere</span> <span class='ocrx_word' id='word_1_376' title='bbox 1716 4027 1795 4132; x_wconf 75' lang='lat' dir='ltr'>juris</span> <span class='ocrx_word' id='word_1_377' title='bbox 1806 4033 1857 4128; x_wconf 57' lang='grc' dir='ltr'>ΒΨ,</span> 
     </span>
     <span class='ocr_line' id='line_1_39' title="bbox 233 4120 1858 4228; baseline 0.005 -44"><span class='ocrx_word' id='word_1_378' title='bbox 233 4122 336 4186; x_wconf 87' lang='lat' dir='ltr'>libras</span> <span class='ocrx_word' id='word_1_379' title='bbox 349 4126 443 4189; x_wconf 90' lang='lat' dir='ltr'>vobis</span> <span class='ocrx_word' id='word_1_380' title='bbox 462 4127 496 4188; x_wconf 92' lang='lat' dir='ltr'>et</span> <span class='ocrx_word' id='word_1_381' title='bbox 518 4129 768 4190; x_wconf 90' lang='lat' dir='ltr'>successoribus</span> <span class='ocrx_word' id='word_1_382' title='bbox 781 4131 902 4192; x_wconf 89' lang='lat' dir='ltr'>vestris</span> <span class='ocrx_word' id='word_1_383' title='bbox 921 4133 1033 4209; x_wconf 88' lang='lat' dir='ltr'>perci·</span> <span class='ocrx_word' id='word_1_384' title='bbox 1086 4129 1266 4209; x_wconf 84' lang='lat' dir='ltr'>quostiam</span> <span class='ocrx_word' id='word_1_385' title='bbox 1285 4128 1334 4189; x_wconf 89' lang='lat' dir='ltr'>sio</span> <span class='ocrx_word' id='word_1_386' title='bbox 1356 4127 1489 4189; x_wconf 89' lang='lat' dir='ltr'>detento</span> <span class='ocrx_word' id='word_1_387' title='bbox 1508 4140 1568 4203; x_wconf 91' lang='lat' dir='ltr'>pro</span> <span class='ocrx_word' id='word_1_388' title='bbox 1589 4120 1785 4228; x_wconf 63' lang='lat' dir='ltr'>corrigendis</span> <span class='ocrx_word' id='word_1_389' title='bbox 1801 4126 1858 4192; x_wconf 66' lang='lat' dir='ltr'>tili</span> 
     </span>
     <span class='ocr_line' id='line_1_40' title="bbox 233 4209 1859 4317; baseline -0.006 -36"><span class='ocrx_word' id='word_1_390' title='bbox 233 4220 373 4298; x_wconf 90' lang='lat' dir='ltr'>piendas</span> <span class='ocrx_word' id='word_1_391' title='bbox 386 4223 528 4299; x_wconf 89' lang='lat' dir='ltr'>singulis</span> <span class='ocrx_word' id='word_1_392' title='bbox 536 4224 634 4285; x_wconf 90' lang='lat' dir='ltr'>annis</span> <span class='ocrx_word' id='word_1_393' title='bbox 644 4224 685 4287; x_wconf 88' lang='lat' dir='ltr'>de</span> <span class='ocrx_word' id='word_1_394' title='bbox 697 4240 809 4288; x_wconf 88' lang='lat' dir='ltr'>annuo</span> <span class='ocrx_word' id='word_1_395' title='bbox 817 4242 920 4289; x_wconf 89' lang='lat' dir='ltr'>censu</span> <span class='ocrx_word' id='word_1_396' title='bbox 930 4230 1032 4292; x_wconf 88' lang='lat' dir='ltr'>castri</span> <span class='ocrx_word' id='word_1_397' title='bbox 1087 4227 1292 4300; x_wconf 84' lang='lat' dir='ltr'>excessibus,</span> <span class='ocrx_word' id='word_1_398' title='bbox 1314 4241 1398 4304; x_wconf 84' lang='lat' dir='ltr'>quos</span> <span class='ocrx_word' id='word_1_399' title='bbox 1420 4224 1602 4287; x_wconf 88' lang='lat' dir='ltr'>insinuasti</span> <span class='ocrx_word' id='word_1_400' title='bbox 1623 4237 1696 4286; x_wconf 90' lang='lat' dir='ltr'>esse</span> <span class='ocrx_word' id='word_1_401' title='bbox 1720 4209 1859 4317; x_wconf 70' lang='lat' dir='ltr'>ramesei</span> 
     </span>
     <span class='ocr_line' id='line_1_41' title="bbox 234 4307 1858 4423; baseline 0 -45"><span class='ocrx_word' id='word_1_402' title='bbox 234 4318 614 4394; x_wconf 83' lang='lat' dir='ltr'>Pontianiconcedimus,</span> <span class='ocrx_word' id='word_1_403' title='bbox 627 4322 915 4386; x_wconf 88' lang='lat' dir='ltr'>etooneessionem</span> <span class='ocrx_word' id='word_1_404' title='bbox 925 4326 1032 4403; x_wconf 86' lang='lat' dir='ltr'>ipsam</span> <span class='ocrx_word' id='word_1_405' title='bbox 1087 4324 1300 4402; x_wconf 90' lang='lat' dir='ltr'>multiplices,</span> <span class='ocrx_word' id='word_1_406' title='bbox 1323 4321 1523 4401; x_wconf 89' lang='lat' dir='ltr'>apostolicas</span> <span class='ocrx_word' id='word_1_407' title='bbox 1552 4321 1682 4383; x_wconf 87' lang='lat' dir='ltr'>litteras</span> <span class='ocrx_word' id='word_1_408' title='bbox 1701 4307 1858 4423; x_wconf 55' lang='lat' dir='ltr'>impetrati}</span> 
     </span>
     <span class='ocr_line' id='line_1_42' title="bbox 235 4413 1858 4500; baseline -0.005 -22"><span class='ocrx_word' id='word_1_409' title='bbox 235 4417 392 4493; x_wconf 79' lang='lat' dir='ltr'>prasenti</span> <span class='ocrx_word' id='word_1_410' title='bbox 405 4417 581 4494; x_wconf 87' lang='lat' dir='ltr'>privilegio</span> <span class='ocrx_word' id='word_1_411' title='bbox 591 4419 837 4482; x_wconf 82' lang='lat' dir='ltr'>confirmamus.</span> <span class='ocrx_word' id='word_1_412' title='bbox 850 4422 943 4484; x_wconf 91' lang='lat' dir='ltr'>Nulli</span> <span class='ocrx_word' id='word_1_413' title='bbox 953 4440 1033 4500; x_wconf 90' lang='lat' dir='ltr'>ergo</span> <span class='ocrx_word' id='word_1_414' title='bbox 1086 4424 1257 4485; x_wconf 82' lang='lat' dir='ltr'>uteorum</span> <span class='ocrx_word' id='word_1_415' title='bbox 1281 4421 1456 4484; x_wconf 89' lang='lat' dir='ltr'>occasione</span> <span class='ocrx_word' id='word_1_416' title='bbox 1480 4418 1669 4481; x_wconf 89' lang='lat' dir='ltr'>deservires</span> <span class='ocrx_word' id='word_1_417' title='bbox 1688 4413 1813 4476; x_wconf 87' lang='lat' dir='ltr'>libemus</span> <span class='ocrx_word' id='word_1_418' title='bbox 1829 4418 1858 4465; x_wconf 83' lang='lat'>111</span> 
     </span>
     <span class='ocr_line' id='line_1_43' title="bbox 235 4508 1859 4596; baseline -0.007 -20"><span class='ocrx_word' id='word_1_419' title='bbox 235 4513 371 4576; x_wconf 91' lang='lat' dir='ltr'>omnino</span> <span class='ocrx_word' id='word_1_420' title='bbox 384 4514 557 4577; x_wconf 89' lang='lat' dir='ltr'>hominum</span> <span class='ocrx_word' id='word_1_421' title='bbox 571 4516 671 4579; x_wconf 87' lang='lat' dir='ltr'>liceat</span> <span class='ocrx_word' id='word_1_422' title='bbox 686 4517 1034 4596; x_wconf 88' lang='lat' dir='ltr'>hancpaginamnos-</span> <span class='ocrx_word' id='word_1_423' title='bbox 1086 4520 1249 4583; x_wconf 90' lang='lat' dir='ltr'>eumdem.</span> <span class='ocrx_word' id='word_1_424' title='bbox 1276 4522 1380 4581; x_wconf 90' lang='lat' dir='ltr'>Porro</span> <span class='ocrx_word' id='word_1_425' title='bbox 1409 4533 1484 4580; x_wconf 92' lang='lat' dir='ltr'>cum</span> <span class='ocrx_word' id='word_1_426' title='bbox 1519 4516 1608 4578; x_wconf 89' lang='lat' dir='ltr'>idem</span> <span class='ocrx_word' id='word_1_427' title='bbox 1636 4508 1859 4592; x_wconf 82' lang='lat' dir='ltr'>procuratorem</span> 
     </span>
     <span class='ocr_line' id='line_1_44' title="bbox 234 4602 1860 4695; baseline -0.006 -21"><span class='ocrx_word' id='word_1_428' title='bbox 234 4612 530 4675; x_wconf 69' lang='lat' dir='ltr'>mseeoncessionis</span> <span class='ocrx_word' id='word_1_429' title='bbox 538 4615 572 4677; x_wconf 92' lang='lat' dir='ltr'>et</span> <span class='ocrx_word' id='word_1_430' title='bbox 581 4615 829 4679; x_wconf 88' lang='lat' dir='ltr'>constitutionis</span> <span class='ocrx_word' id='word_1_431' title='bbox 837 4616 1029 4695; x_wconf 84' lang='lat' dir='ltr'>infringere,</span> <span class='ocrx_word' id='word_1_432' title='bbox 1087 4635 1183 4681; x_wconf 91' lang='lat' dir='ltr'>suum</span> <span class='ocrx_word' id='word_1_433' title='bbox 1196 4617 1237 4679; x_wconf 91' lang='lat' dir='ltr'>ad</span> <span class='ocrx_word' id='word_1_434' title='bbox 1248 4617 1341 4679; x_wconf 89' lang='lat' dir='ltr'>tuam</span> <span class='ocrx_word' id='word_1_435' title='bbox 1356 4616 1519 4694; x_wconf 87' lang='lat' dir='ltr'>synodum</span> <span class='ocrx_word' id='word_1_436' title='bbox 1537 4608 1733 4675; x_wconf 88' lang='lat' dir='ltr'>destinasset</span> <span class='ocrx_word' id='word_1_437' title='bbox 1746 4602 1860 4668; x_wconf 85' lang='lat' dir='ltr'>contra·</span> 
     </span>
     <span class='ocr_line' id='line_1_45' title="bbox 233 4699 1859 4811; baseline -0.003 -40"><span class='ocrx_word' id='word_1_438' title='bbox 233 4710 288 4771; x_wconf 89' lang='lat' dir='ltr'>vel</span> <span class='ocrx_word' id='word_1_439' title='bbox 312 4711 344 4772; x_wconf 92' lang='lat' dir='ltr'>ei</span> <span class='ocrx_word' id='word_1_440' title='bbox 370 4728 456 4773; x_wconf 90' lang='lat' dir='ltr'>ausu</span> <span class='ocrx_word' id='word_1_441' title='bbox 481 4712 660 4774; x_wconf 87' lang='lat' dir='ltr'>temerario</span> <span class='ocrx_word' id='word_1_442' title='bbox 683 4713 861 4777; x_wconf 89' lang='lat' dir='ltr'>contraire.</span> <span class='ocrx_word' id='word_1_443' title='bbox 893 4714 928 4777; x_wconf 87' lang='lat' dir='ltr'>si</span> <span class='ocrx_word' id='word_1_444' title='bbox 959 4718 1033 4794; x_wconf 84' lang='lat' dir='ltr'>quis</span> <span class='ocrx_word' id='word_1_445' title='bbox 1086 4715 1263 4786; x_wconf 90' lang='lat' dir='ltr'>dicturum,</span> <span class='ocrx_word' id='word_1_446' title='bbox 1297 4729 1340 4774; x_wconf 93' lang='lat' dir='ltr'>ne</span> <span class='ocrx_word' id='word_1_447' title='bbox 1372 4727 1474 4774; x_wconf 88' lang='lat' dir='ltr'>causa</span> <span class='ocrx_word' id='word_1_448' title='bbox 1507 4709 1672 4789; x_wconf 90' lang='lat' dir='ltr'>pendente</span> <span class='ocrx_word' id='word_1_449' title='bbox 1707 4699 1859 4811; x_wconf 63' lang='lat' dir='ltr'>prolatum</span> 
     </span>
     <span class='ocr_line' id='line_1_46' title="bbox 234 4794 1861 4889; baseline -0.002 -20"><span class='ocrx_word' id='word_1_450' title='bbox 234 4808 346 4870; x_wconf 89' lang='lat' dir='ltr'>autem</span> <span class='ocrx_word' id='word_1_451' title='bbox 367 4808 431 4871; x_wconf 91' lang='lat' dir='ltr'>hoc</span> <span class='ocrx_word' id='word_1_452' title='bbox 458 4811 624 4873; x_wconf 60' lang='lat' dir='ltr'>ademere</span> <span class='ocrx_word' id='word_1_453' title='bbox 653 4813 913 4889; x_wconf 72' lang='lat' dir='ltr'>presumpserit,</span> <span class='ocrx_word' id='word_1_454' title='bbox 938 4815 1031 4876; x_wconf 90' lang='lat' dir='ltr'>indi·</span> <span class='ocrx_word' id='word_1_455' title='bbox 1086 4812 1217 4877; x_wconf 75' lang='lat' dir='ltr'>vualclu</span> <span class='ocrx_word' id='word_1_456' title='bbox 1227 4811 1441 4874; x_wconf 88' lang='lat' dir='ltr'>benediceres</span> <span class='ocrx_word' id='word_1_457' title='bbox 1455 4810 1491 4872; x_wconf 91' lang='lat' dir='ltr'>in</span> <span class='ocrx_word' id='word_1_458' title='bbox 1510 4808 1674 4871; x_wconf 90' lang='lat' dir='ltr'>abbatem.</span> <span class='ocrx_word' id='word_1_459' title='bbox 1689 4806 1736 4865; x_wconf 82' lang='lat' dir='ltr'>Tu</span> <span class='ocrx_word' id='word_1_460' title='bbox 1753 4794 1861 4861; x_wconf 77' lang='lat' dir='ltr'>mhll0·</span> 
     </span>
     <span class='ocr_line' id='line_1_47' title="bbox 234 4904 1858 4989; baseline 0 -23"><span class='ocrx_word' id='word_1_461' title='bbox 234 4907 426 4981; x_wconf 89' lang='lat' dir='ltr'>gnationem</span> <span class='ocrx_word' id='word_1_462' title='bbox 448 4909 683 4986; x_wconf 90' lang='lat' dir='ltr'>omnipotentis</span> <span class='ocrx_word' id='word_1_463' title='bbox 708 4910 785 4984; x_wconf 86' lang='lat' dir='ltr'>Dei,</span> <span class='ocrx_word' id='word_1_464' title='bbox 808 4910 841 4973; x_wconf 90' lang='lat' dir='ltr'>et</span> <span class='ocrx_word' id='word_1_465' title='bbox 858 4910 1032 4975; x_wconf 87' lang='lat' dir='ltr'>beatorum</span> <span class='ocrx_word' id='word_1_466' title='bbox 1086 4912 1197 4974; x_wconf 90' lang='lat' dir='ltr'>minus</span> <span class='ocrx_word' id='word_1_467' title='bbox 1209 4911 1284 4989; x_wconf 93' lang='lat' dir='ltr'>post</span> <span class='ocrx_word' id='word_1_468' title='bbox 1296 4909 1554 4987; x_wconf 89' lang='lat' dir='ltr'>appellationem</span> <span class='ocrx_word' id='word_1_469' title='bbox 1577 4904 1702 4981; x_wconf 91' lang='lat' dir='ltr'>abipso</span> <span class='ocrx_word' id='word_1_470' title='bbox 1716 4906 1858 4978; x_wconf 77' lang='lat' dir='ltr'>procura·</span> 
     </span>
     <span class='ocr_line' id='line_1_48' title="bbox 235 4991 1858 5086; baseline -0.007 -23"><span class='ocrx_word' id='word_1_471' title='bbox 235 5003 327 5064; x_wconf 88' lang='lat' dir='ltr'>Petri</span> <span class='ocrx_word' id='word_1_472' title='bbox 343 5006 377 5065; x_wconf 91' lang='lat' dir='ltr'>et</span> <span class='ocrx_word' id='word_1_473' title='bbox 388 5005 484 5066; x_wconf 90' lang='lat' dir='ltr'>Pauli</span> <span class='ocrx_word' id='word_1_474' title='bbox 499 5007 732 5083; x_wconf 77' lang='lat' dir='ltr'>Apostolorum</span> <span class='ocrx_word' id='word_1_475' title='bbox 750 5010 835 5086; x_wconf 78' lang='lat' dir='ltr'>ejus,</span> <span class='ocrx_word' id='word_1_476' title='bbox 852 5025 888 5070; x_wconf 91' lang='lat' dir='ltr'>se</span> <span class='ocrx_word' id='word_1_477' title='bbox 902 5012 1033 5074; x_wconf 89' lang='lat' dir='ltr'>noverit</span> <span class='ocrx_word' id='word_1_478' title='bbox 1085 5011 1159 5072; x_wconf 90' lang='lat' dir='ltr'>tore</span> <span class='ocrx_word' id='word_1_479' title='bbox 1171 5009 1317 5085; x_wconf 90' lang='lat' dir='ltr'>legitime</span> <span class='ocrx_word' id='word_1_480' title='bbox 1331 5006 1573 5084; x_wconf 89' lang='lat' dir='ltr'>interpositam,</span> <span class='ocrx_word' id='word_1_481' title='bbox 1592 5003 1688 5065; x_wconf 91' lang='lat' dir='ltr'>illum</span> <span class='ocrx_word' id='word_1_482' title='bbox 1701 4999 1757 5060; x_wconf 90' lang='lat' dir='ltr'>lite</span> <span class='ocrx_word' id='word_1_483' title='bbox 1767 4991 1858 5055; x_wconf 81' lang='lat' dir='ltr'>adhuc</span> 
     </span>
     <span class='ocr_line' id='line_1_49' title="bbox 234 5100 1857 5183; baseline -0.001 -20"><span class='ocrx_word' id='word_1_484' title='bbox 234 5100 457 5163; x_wconf 89' lang='lat' dir='ltr'>incursurum.</span> <span class='ocrx_word' id='word_1_485' title='bbox 474 5106 589 5165; x_wconf 77' lang='lat' dir='ltr'>Amen.</span> <span class='ocrx_word' id='word_1_486' title='bbox 610 5108 725 5167; x_wconf 85' lang='lat' dir='ltr'>Amen.</span> <span class='ocrx_word' id='word_1_487' title='bbox 742 5110 859 5168; x_wconf 86' lang='lat' dir='ltr'>Amen.</span> <span class='ocrx_word' id='word_1_488' title='bbox 1087 5106 1253 5170; x_wconf 83' lang='lat' dir='ltr'>existente</span> <span class='ocrx_word' id='word_1_489' title='bbox 1271 5104 1332 5168; x_wconf 89' lang='lat' dir='ltr'>sub</span> <span class='ocrx_word' id='word_1_490' title='bbox 1349 5105 1463 5183; x_wconf 78' lang='lat' dir='ltr'>judice</span> <span class='ocrx_word' id='word_1_491' title='bbox 1477 5103 1513 5165; x_wconf 89' lang='lat' dir='ltr'>in</span> <span class='ocrx_word' id='word_1_492' title='bbox 1530 5101 1680 5165; x_wconf 86' lang='lat' dir='ltr'>abbatem</span> <span class='ocrx_word' id='word_1_493' title='bbox 1693 5102 1857 5174; x_wconf 69' lang='lat' dir='ltr'>praesump-</span> 
     </span>
    </p>

    <p class='ocr_par' dir='ltr' id='par_1_7' title="bbox 234 5181 1857 5759">
     <span class='ocr_line' id='line_1_50' title="bbox 274 5181 1857 5301; baseline 0.003 -42"><span class='ocrx_word' id='word_1_494' title='bbox 274 5202 384 5276; x_wconf 85' lang='lat' dir='ltr'>‹Bgo</span> <span class='ocrx_word' id='word_1_495' title='bbox 416 5200 629 5262; x_wconf 88' lang='lat' dir='ltr'>Innocentius</span> <span class='ocrx_word' id='word_1_496' title='bbox 665 5203 845 5266; x_wconf 77' lang='lat' dir='ltr'>catholicae</span> <span class='ocrx_word' id='word_1_497' title='bbox 875 5204 1032 5268; x_wconf 73' lang='lat' dir='ltr'>Ecclesiae</span> <span class='ocrx_word' id='word_1_498' title='bbox 1087 5206 1160 5269; x_wconf 90' lang='lat' dir='ltr'>sisti</span> <span class='ocrx_word' id='word_1_499' title='bbox 1173 5205 1255 5267; x_wconf 91' lang='lat' dir='ltr'>etin</span> <span class='ocrx_word' id='word_1_500' title='bbox 1276 5202 1526 5282; x_wconf 88' lang='lat' dir='ltr'>procuratorem</span> <span class='ocrx_word' id='word_1_501' title='bbox 1545 5203 1614 5277; x_wconf 91' lang='lat' dir='ltr'>jam</span> <span class='ocrx_word' id='word_1_502' title='bbox 1635 5195 1763 5301; x_wconf 70' lang='lat' dir='ltr'>dictum,</span> <span class='ocrx_word' id='word_1_503' title='bbox 1781 5181 1857 5296; x_wconf 45' lang='lat'>{1⁸¹¹}</span> 
     </span>
     <span class='ocr_line' id='line_1_51' title="bbox 234 5291 1856 5402; baseline -0.006 -44"><span class='ocrx_word' id='word_1_504' title='bbox 234 5297 422 5375; x_wconf 89' lang='lat' dir='ltr'>episcopus.</span> <span class='ocrx_word' id='word_1_505' title='bbox 439 5298 512 5359; x_wconf 88' lang='lat' dir='ltr'>Dat.</span> <span class='ocrx_word' id='word_1_506' title='bbox 527 5299 684 5360; x_wconf 89' lang='lat' dir='ltr'>Laterani</span> <span class='ocrx_word' id='word_1_507' title='bbox 705 5315 765 5377; x_wconf 90' lang='lat' dir='ltr'>per</span> <span class='ocrx_word' id='word_1_508' title='bbox 779 5318 914 5363; x_wconf 89' lang='lat' dir='ltr'>manum</span> <span class='ocrx_word' id='word_1_509' title='bbox 928 5305 1033 5366; x_wconf 90' lang='lat' dir='ltr'>Blasii</span> <span class='ocrx_word' id='word_1_510' title='bbox 1087 5303 1269 5366; x_wconf 91' lang='lat' dir='ltr'>monitione</span> <span class='ocrx_word' id='word_1_511' title='bbox 1308 5300 1491 5379; x_wconf 74' lang='lat' dir='ltr'>premissa,</span> <span class='ocrx_word' id='word_1_512' title='bbox 1531 5291 1856 5402; x_wconf 73' lang='lat' dir='ltr'>excommunrcnttoms</span> 
     </span>
     <span class='ocr_line' id='line_1_52' title="bbox 235 5374 1856 5496; baseline -0.006 -41"><span class='ocrx_word' id='word_1_513' title='bbox 235 5395 484 5457; x_wconf 84' lang='lat' dir='ltr'>Turritanensis</span> <span class='ocrx_word' id='word_1_514' title='bbox 499 5395 607 5468; x_wconf 86' lang='lat' dir='ltr'>electi,</span> <span class='ocrx_word' id='word_1_515' title='bbox 619 5396 714 5459; x_wconf 85' lang='lat' dir='ltr'>sexto</span> <span class='ocrx_word' id='word_1_516' title='bbox 725 5398 893 5460; x_wconf 85' lang='lat' dir='ltr'>Kalendas</span> <span class='ocrx_word' id='word_1_517' title='bbox 906 5402 1029 5474; x_wconf 89' lang='lat' dir='ltr'>Martii,</span> <span class='ocrx_word' id='word_1_518' title='bbox 1087 5399 1285 5463; x_wconf 87' lang='lat' dir='ltr'>sententiam</span> <span class='ocrx_word' id='word_1_519' title='bbox 1308 5397 1521 5476; x_wconf 90' lang='lat' dir='ltr'>promulgare</span> <span class='ocrx_word' id='word_1_520' title='bbox 1551 5393 1674 5456; x_wconf 88' lang='lat' dir='ltr'>iaciens</span> <span class='ocrx_word' id='word_1_521' title='bbox 1700 5397 1799 5496; x_wconf 63' lang='lat' dir='ltr'>ipsum</span> <span class='ocrx_word' id='word_1_522' title='bbox 1823 5374 1856 5486; x_wconf 65' lang='lat' dir='ltr'>fit</span> 
     </span>
     <span class='ocr_line' id='line_1_53' title="bbox 237 5479 1853 5595; baseline -0.006 -44"><span class='ocrx_word' id='word_1_523' title='bbox 237 5491 418 5555; x_wconf 88' lang='lat' dir='ltr'>indictione</span> <span class='ocrx_word' id='word_1_524' title='bbox 427 5495 482 5565; x_wconf 88' lang='lat' dir='ltr'>Vi,</span> <span class='ocrx_word' id='word_1_525' title='bbox 496 5493 739 5557; x_wconf 86' lang='lat' dir='ltr'>incarnationis</span> <span class='ocrx_word' id='word_1_526' title='bbox 754 5497 1032 5561; x_wconf 84' lang='lat' dir='ltr'>Dominieaeanno</span> <span class='ocrx_word' id='word_1_527' title='bbox 1087 5498 1213 5578; x_wconf 88' lang='lat' dir='ltr'>synodo</span> <span class='ocrx_word' id='word_1_528' title='bbox 1229 5496 1371 5574; x_wconf 83' lang='lat' dir='ltr'>turpiter</span> <span class='ocrx_word' id='word_1_529' title='bbox 1384 5493 1462 5573; x_wconf 83' lang='lat' dir='ltr'>ejici</span> <span class='ocrx_word' id='word_1_530' title='bbox 1477 5494 1544 5556; x_wconf 89' lang='lat' dir='ltr'>eta</span> <span class='ocrx_word' id='word_1_531' title='bbox 1563 5482 1773 5595; x_wconf 76' lang='lat' dir='ltr'>servientibus</span> <span class='ocrx_word' id='word_1_532' title='bbox 1790 5479 1853 5581; x_wconf 69' lang='lat' dir='ltr'>tuis,</span> 
     </span>
     <span class='ocr_line' id='line_1_54' title="bbox 236 5571 1854 5667; baseline -0.002 -20"><span class='ocrx_word' id='word_1_533' title='bbox 236 5589 362 5660; x_wconf 78' lang='lat' dir='ltr'>licen,</span> <span class='ocrx_word' id='word_1_534' title='bbox 385 5591 597 5667; x_wconf 83' lang='lat' dir='ltr'>pontificatus</span> <span class='ocrx_word' id='word_1_535' title='bbox 612 5608 692 5655; x_wconf 86' lang='lat' dir='ltr'>vero</span> <span class='ocrx_word' id='word_1_536' title='bbox 706 5592 832 5656; x_wconf 88' lang='lat' dir='ltr'>domini</span> <span class='ocrx_word' id='word_1_537' title='bbox 847 5597 1033 5661; x_wconf 89' lang='lat' dir='ltr'>innocentii</span> <span class='ocrx_word' id='word_1_538' title='bbox 1086 5597 1166 5659; x_wconf 90' lang='lat' dir='ltr'>lieet</span> <span class='ocrx_word' id='word_1_539' title='bbox 1183 5597 1271 5659; x_wconf 90' lang='lat' dir='ltr'>esset</span> <span class='ocrx_word' id='word_1_540' title='bbox 1285 5594 1321 5656; x_wconf 91' lang='lat' dir='ltr'>in</span> <span class='ocrx_word' id='word_1_541' title='bbox 1339 5592 1595 5655; x_wconf 87' lang='lat' dir='ltr'>subdiaconatus</span> <span class='ocrx_word' id='word_1_542' title='bbox 1615 5584 1728 5649; x_wconf 77' lang='lat' dir='ltr'>ornae</span> <span class='ocrx_word' id='word_1_543' title='bbox 1744 5571 1854 5639; x_wconf 73' lang='lat' dir='ltr'>constr·</span> 
     </span>
     <span class='ocr_line' id='line_1_55' title="bbox 237 5678 1854 5759; baseline 0.001 -17"><span class='ocrx_word' id='word_1_544' title='bbox 237 5684 338 5758; x_wconf 86' lang='lat' dir='ltr'>Papae</span> <span class='ocrx_word' id='word_1_545' title='bbox 350 5687 406 5756; x_wconf 91' lang='lat' dir='ltr'>lli,</span> <span class='ocrx_word' id='word_1_546' title='bbox 421 5696 509 5750; x_wconf 86' lang='lat' dir='ltr'>anno</span> <span class='ocrx_word' id='word_1_547' title='bbox 524 5690 665 5753; x_wconf 81' lang='lat' dir='ltr'>sexto.»</span> <span class='ocrx_word' id='word_1_548' title='bbox 1086 5693 1177 5759; x_wconf 91' lang='lat' dir='ltr'>tutus</span> <span class='ocrx_word' id='word_1_549' title='bbox 1198 5690 1373 5756; x_wconf 87' lang='lat' dir='ltr'>inhoneste</span> <span class='ocrx_word' id='word_1_550' title='bbox 1394 5687 1545 5752; x_wconf 89' lang='lat' dir='ltr'>tractari.</span> <span class='ocrx_word' id='word_1_551' title='bbox 1568 5682 1614 5751; x_wconf 80' lang='lat' dir='ltr'>Ad</span> <span class='ocrx_word' id='word_1_552' title='bbox 1634 5678 1703 5744; x_wconf 82' lang='lat' dir='ltr'>hec</span> <span class='ocrx_word' id='word_1_553' title='bbox 1715 5686 1782 5738; x_wconf 79' lang='lat' dir='ltr'>cum</span> <span class='ocrx_word' id='word_1_554' title='bbox 1794 5678 1854 5730; x_wconf 78' lang='lat'>¹1¹⁰·</span> 
     </span>
    </p>
   </div>
   <div class='ocr_carea' id='block_1_6' title="bbox 0 0 1959 6196">
    <p class='ocr_par' dir='ltr' id='par_1_8' title="bbox 0 0 1959 6196">
     <span class='ocr_line' id='line_1_56' title="bbox 0 0 1959 6196; baseline 0 0"><span class='ocrx_word' id='word_1_555' title='bbox 0 0 1959 6196; x_wconf 95' lang='lat' dir='ltr'> </span> 
     </span>
    </p>
   </div>
  </div>
 </body>
</html>
