3958 6204
193 281 254 341 335
661 282 837 349 HONORII
860 284 905 344 111
927 284 1076 345 OPERA.
1093 315 1131 329 -
1147 284 1380 345 SERMONES.
1787 284 1850 345 336

195 441 290 505 Unde
312 442 504 508 ieremias:
529 445 684 519 neptevn
703 458 761 506 me
781 444 993 505 cnaurttudt·
1048 442 1078 524 (l
1099 445 1196 506 Joan.
1223 459 1271 518 ιν,
1300 439 1366 521 16).
1392 441 1531 516 Quidam
1553 443 1693 519 peccant
1712 442 1848 516 timore,

193 544 305 613 nibus,
328 543 513 603 inebrtevit
541 557 597 603 me
626 543 806 603 absinthio,
834 541 991 603 inebriati
1047 541 1181 618 qnidam
1208 557 1333 603 amore.
1357 544 1404 602 De
1427 539 1545 618 quibus
1566 540 1743 603 Psalmista
1759 557 1767 601 :
1782 545 1849 602 ln-

194 640 283 699 enim
293 638 471 711 absinthio,
487 638 582 710 idest,
596 638 732 700 miseria
746 654 860 700 amara
874 638 907 700 et
917 638 993 700 dul·
1046 654 1148 701 censa
1164 643 1236 717 tpnd
1248 639 1283 701 et
1295 639 1444 713 suffossa
1455 642 1497 700 ab
1511 639 1748 713 increpatione
1766 644 1849 700 ven-

193 736 310 797 cedine
329 736 442 797 saeculi
463 735 705 798 obliviscuntur
726 737 786 797 Dei
812 735 864 797 sui
884 758 891 795 ε
909 752 991 812 gens
1047 738 1103 797 tus
1116 738 1169 798 tut
1180 738 1342 810 per‘thnnt
1359 737 1428 815 (Ps.
1450 737 1501 809 79,
1527 736 1592 816 17).
1619 738 1759 797 Incensa
1778 736 1851 812 igni

193 833 265 894 sine
280 833 419 895 consilio
439 834 471 895 et
486 833 558 894 siue
572 833 759 912 prudentia,
776 849 841 894 non
860 833 990 895 intelli·
1046 835 1123 896 sunt
1144 834 1279 911 peccata
1303 849 1379 911 quae
1403 834 1487 895 liunt
1507 848 1567 910 per
1584 848 1743 906 amorem,
1768 835 1851 911 quia

190 931 306 1006 gentes
320 946 360 992 ac
372 930 554 992 novissima
567 930 789 1008 providentes.
803 932 884 991 Cum
898 931 988 992 enim
1045 946 1142 992 amor
1153 932 1203 992 est
1213 930 1311 1007 ignis,
1325 930 1367 992 de
1379 947 1444 1008 quo
1453 931 1533 1007 igne
1546 931 1669 1007 legitur
1683 930 1717 992 in
1734 933 1852 992 Evan-

190 1043 257 1104 pax
271 1029 303 1089 et
317 1028 491 1100 securitas,
504 1028 583 1090 tnnc
598 1029 791 1106 repentinus
811 1028 862 1089 eis
878 1043 991 1105 super-
1044 1028 1133 1104 gelio
1154 1049 1162 1089 ε
1186 1033 1308 1105 Ipnem
1346 1031 1427 1090 vent
1460 1028 1603 1090 mittere
1636 1032 1673 1089 tn
1710 1030 1851 1090 terram

188 1125 303 1186 veniet
331 1124 496 1193 interitus,
517 1126 550 1187 et
575 1125 707 1186 dolores
724 1124 819 1202 quasi
839 1124 874 1184 iu
895 1125 990 1186 utero
1045 1124 1138 1203 (Luc.
1163 1141 1225 1197 ιιι,
1241 1124 1307 1206 49),
1323 1125 1420 1198 idest,
1438 1126 1598 1204 Spiritum
1627 1126 1798 1198 Sanctum,
1817 1128 1851 1188 et

191 1219 351 1283 habentes
374 1237 441 1283 nou
465 1221 635 1297 effugient.
652 1224 740 1283 Deus
754 1222 860 1297 replet
881 1221 992 1281 homi·
1044 1225 1126 1296 qntd
1146 1229 1231 1295 uoto,
1246 1227 1316 1285 ntra·
1330 1224 1464 1284 ardeat.

189 1335 265 1380 nem
279 1317 555 1381 amaritudinibus
570 1319 605 1379 in
625 1319 685 1380 hac
697 1318 777 1391 vita,
792 1319 829 1380 ut
847 1335 915 1380 non
935 1319 990 1381 di·
1085 1319 1176 1396 Ignis
1191 1321 1312 1391 autem,
1336 1319 1467 1393 tratres,
1488 1319 1552 1382 etsi
1578 1320 1700 1382 multas
1724 1319 1849 1384 habeat

191 1417 274 1493 ligat
292 1417 489 1494 praesentem
508 1417 611 1477 vitam
626 1432 786 1485 amaram,
803 1417 860 1478 sed
874 1416 991 1478 dulce-
1045 1418 1276 1494 proprietates,
1291 1418 1352 1479 has
1371 1420 1483 1479 tamen
1500 1418 1768 1495 septemvidetur
1779 1419 1846 1480 ha-

191 1514 302 1576 dinem
326 1516 573 1591 sempiternam.
599 1514 662 1575 Sed
684 1514 817 1591 quidam
832 1515 909 1576 sunt
923 1514 991 1576 ine-
1044 1514 1123 1576 bere
1144 1514 1308 1577 notabiles
1334 1517 1433 1592 atque
1460 1515 1621 1591 insignes.
1645 1515 1737 1591 Ignis
1755 1517 1846 1577 enim

190 1611 290 1674 briati
316 1612 494 1684 absinthio,
524 1612 625 1685 idest,
648 1612 726 1673 uitae
750 1611 850 1691 hujus
874 1611 989 1673 muudi
1044 1611 1143 1683 lucet,
1160 1612 1238 1683 urit,
1253 1610 1397 1682 roborat,
1419 1611 1550 1688 purgat,
1566 1611 1723 1683 desiccat,
1740 1612 1846 1673 deeo-

190 1710 423 1781 amaritudine,
453 1710 542 1785 quia,
564 1709 650 1771 sicut
665 1708 777 1771 ebrius
797 1709 939 1771 aestimat
953 1724 991 1769 se
1044 1706 1132 1782 quet,
1168 1707 1200 1765 et
1223 1704 1386 1767 calefacit.
1410 1705 1512 1766 Lucet
1537 1720 1597 1781 per
1622 1704 1845 1781 splendorem,

188 1823 310 1883 magna
324 1807 410 1869 bona
418 1806 552 1879 habere,
567 1808 601 1869 et
611 1806 744 1868 laetatur
755 1806 791 1867 in
802 1822 861 1866 sua
879 1806 990 1868 ebrie-
1045 1804 1112 1864 urit
1141 1818 1200 1879 per
1232 1803 1527 1879 consumptionem,
1557 1801 1693 1863 roborat
1720 1803 1847 1863 minis-

188 1905 266 1977 tate,
284 1906 330 1967 ita
345 1904 410 1982 ipsi
424 1903 988 1981 delectanturinipsaamaritudine
1043 1898 1163 1960 trando
1195 1899 1296 1966 vires,
1325 1899 1446 1975 pungat
1473 1898 1674 1960 removendo
1712 1898 1844 1972 sordes,

187 2004 355 2080 tamquam
375 2004 409 2063 in
430 2002 616 2076 dulcedine,
631 2003 664 2065 et
679 2002 894 2064 estimantse
908 2001 990 2063 bea·
1044 1996 1189 2058 desiccat
1216 1995 1429 2072 reprimendo
1464 1993 1648 2068 humorem,
1679 1995 1846 2074 decoquat

187 2101 239 2162 tos
264 2116 348 2162 esse.
365 2102 405 2162 m
422 2103 501 2162 nota
523 2099 610 2177 quod
633 2100 734 2161 timor
747 2101 797 2160 est
811 2115 878 2161 una
892 2099 988 2176 porta
1043 2093 1263 2170 praeparando
1284 2092 1387 2164 cibos,
1401 2093 1555 2155 ealefacit
1569 2093 1762 2171 repellendo
1782 2092 1846 2154 iri-

188 2197 316 2270 mortis,
334 2198 367 2259 et
381 2212 476 2258 amor
489 2196 573 2272 alia3
596 2196 630 2259 et
644 2196 719 2258 ideo
740 2196 923 2258 cavendum
938 2198 989 2259 est
1043 2207 1117 2266 gus·
1137 2193 1221 2267 Ergo
1237 2191 1325 2253 lucet
1338 2191 1373 2251 in
1392 2190 1603 2262 candelam,
1617 2191 1684 2252 urit
1699 2189 1843 2268 paleam,

188 2294 441 2356 atimoremale
454 2294 662 2368 humiliante,
677 2295 709 2357 et
724 2293 988 2355 abamoremale
1044 2286 1179 2349 roborat
1207 2290 1339 2360 testam,
1373 2291 1494 2364 purgat
1525 2302 1654 2359 aurum,
1695 2287 1847 2350 desiccat

189 2392 371 2455 incedente.
391 2393 457 2453 Ista
470 2392 744 2469 dicunturportae
762 2391 890 2463 mortis,
909 2393 986 2468 quia
1043 2401 1200 2463 pannum,
1214 2385 1375 2463 decoquat
1397 2384 1517 2457 cibum,
1534 2384 1688 2446 calefacit
1702 2385 1842 2446 nudum.

187 2506 249 2567 per
260 2490 332 2568 ipsa
345 2491 447 2551 intrat
457 2505 557 2561 mors,
570 2489 666 2560 idest,
681 2488 832 2550 diabolus
847 2488 899 2550 vel
915 2505 988 2565 pec-
1044 2483 1193 2545 suffossa
1205 2485 1283 2545 sunt
1296 2486 1432 2560 peccata
1444 2498 1503 2559 per
1524 2483 1688 2554 timorem,
1705 2483 1786 2559 quia
1798 2483 1848 2544 ti-

188 2588 309 2649 catum.
335 2587 470 2648 Nullum
485 2588 574 2648 enim
593 2586 764 2664 peccatum
779 2586 928 2663 estquod
941 2587 988 2647 ti·
1043 2596 1115 2641 mor
1146 2580 1292 2653 suffodit,
1308 2580 1405 2653 idest,
1420 2579 1602 2656 submergit
1610 2579 1664 2640 vel
1684 2579 1844 2642 occultat.

186 2700 280 2747 more
294 2687 328 2746 et
338 2699 453 2746 amore
465 2700 532 2745 non
547 2683 749 2762 perficiatur,
761 2685 894 2746 Timore
908 2699 990 2761 peo-
1043 2681 1090 2739 De
1114 2684 1175 2740 hoc
1199 2678 1279 2740 dicit
1298 2679 1458 2740 Dominus
1486 2678 1521 2738 in
1543 2676 1606 2738 hoc
1635 2677 1708 2738 loco
1726 2693 1733 2737 :
1749 2693 1768 2737 e
1787 2680 1843 2739 Ne

187 2784 242 2844 cat
255 2783 365 2856 homo,
382 2782 514 2860 quando
527 2782 651 2843 occidit
674 2781 873 2859 proximum,
891 2783 987 2860 quasi
1043 2777 1249 2838 terreamini
1264 2780 1306 2837 ab
1316 2779 1370 2838 bis
1385 2778 1444 2850 qul
1458 2776 1760 2849 oeetdnnteorptn.
1780 2779 1844 2836 Pi-

184 2881 306 2949 timens
319 2896 361 2941 ne
375 2880 547 2941 occidatur
558 2879 658 2951 abeo,
674 2881 706 2941 et
719 2879 853 2940 similia.
866 2882 987 2941 Amore
1041 2874 1133 2935 mete
1150 2889 1240 2946 enm,
1263 2877 1321 2947 qni
1340 2874 1525 2947 postquam
1544 2873 1717 2945 condent,
1742 2873 1844 2935 nabet

185 2979 301 3054 peccat
315 2978 372 3055 qui
396 2993 498 3039 causa
521 2976 671 3038 auaritiae
693 2977 851 3038 interficit
865 2977 986 3054 proxi-
1040 2972 1270 3045 potestatem»
1281 2969 1375 3048 (Luc.
1391 2985 1453 3042 nu,
1470 2967 1515 3050 4).

186 3092 276 3136 mum
298 3091 406 3137 suum.
428 3077 474 3136 De
498 3073 551 3134 his
574 3073 703 3134 duobus
725 3073 807 3136 dicit
823 3075 929 3135 Isaias
944 3074 984 3136 ad
1082 3069 1214 3145 Septem
1231 3069 1308 3129 sunt
1326 3083 1438 3129 causae
1460 3083 1533 3145 quae
1556 3083 1616 3131 nos
1639 3069 1801 3129 revocant
1822 3082 1845 3128 a

185 3189 298 3249 regem
319 3171 429 3233 Achae
446 3174 546 3233 zNolt
563 3172 688 3232 timere
702 3172 736 3232 et
755 3185 816 3232 eor
830 3172 930 3233 tuum
942 3187 986 3233 ne
1041 3166 1186 3242 peccatis
1200 3182 1207 3226 :
1223 3165 1344 3227 horror
1356 3165 1484 3237 mortis,
1495 3165 1595 3226 timor
1604 3164 1842 3236 damnationis,

185 3269 349 3345 formidet
362 3284 386 3330 a
411 3271 543 3330 duamur
568 3271 689 3330 cnemis
703 3269 865 3330 titionann
879 3271 988 3343 nami·
1041 3263 1082 3325 de
1101 3263 1229 3340 jndicio
1255 3263 1327 3334 Dei,
1359 3262 1467 3340 pudor
1486 3262 1716 3335 consessionis,
1737 3261 1843 3325 breve

188 3368 347 3445 peantium
366 3363 582 3444 ntornmtls.
602 3381 662 3435 vn,
678 3364 722 3446 4).
744 3366 891 3427 Titiones
910 3367 988 3428 sunt
1040 3360 1255 3438 tempusvitae
1268 3361 1443 3437 praesentis
1453 3359 1570 3436 inipso
1580 3360 1726 3436 peccato,
1738 3358 1843 3421 aidic-

188 3463 344 3543 quaelibet
365 3464 520 3540 peecata3
538 3462 617 3541 quia
646 3462 733 3525 siout
754 3463 890 3525 titiones
910 3478 988 3526 suc-
1041 3459 1088 3521 tio
1113 3458 1308 3536 peccatoria,
1336 3458 1496 3520 memoria
1511 3457 1699 3518 divinorum
1714 3456 1846 3519 beneti-

187 3562 332 3625 cendunt
358 3561 482 3637 ignem,
508 3561 555 3623 lta
576 3562 609 3622 et
623 3562 758 3638 peccata
780 3561 987 3623 succendunt
1041 3554 1844 3633 ciorum,spesaeternorumbonorumbeduobus

188 3661 333 3723 animam
363 3658 404 3720 ad
427 3658 563 3719 malum.
586 3660 668 3720 Duae
695 3658 810 3721 caudae
830 3658 986 3721 titionum
1041 3648 1159 3732 primis
1174 3653 1333 3716 Dominus
1348 3654 1383 3715 in
1398 3653 1460 3714 hoe
1475 3654 1549 3714 loco
1566 3651 1744 3714 :unimete
1765 3669 1843 3714 eum

188 3756 986 3835 sunttimoretamonlltdicunturoaudae,quia,
1041 3752 1139 3829 «qui
1163 3754 1337 3829 postquam
1366 3750 1534 3821 occiderit,
1571 3749 1626 3811 hic
1652 3750 1693 3811 de
1719 3751 1841 3827 prima,

188 3857 275 3918 sicut
288 3854 394 3917 cauda
413 3855 464 3916 est
483 3854 559 3915 finis
577 3853 738 3931 eorporis,
763 3854 808 3915 ita
834 3853 907 3916 haec
921 3854 988 3917 duo
1042 3867 1060 3910 e
1081 3848 1182 3911 habet
1195 3849 1389 3926 potestatem
1409 3849 1541 3909 mittere
1560 3847 1595 3908 in
1610 3848 1842 3924 gehennam»,

187 3955 339 4017 timeret
361 3969 456 4014 amor
475 3952 553 4013 sunt
574 3952 814 4029 complementa
828 3954 986 4030 peccato·
1041 3947 1096 4009 hic
1120 3948 1161 4007 de
1184 3946 1339 4007 secunda.
1369 3947 1416 4007 De
1439 3946 1537 4007 tertia
1556 3943 1642 4007 Job:
1666 3947 1845 4008 Venerunt

188 4068 272 4113 rum.
295 4054 374 4112 Haeo
402 4050 467 4110 duo
486 4050 601 4111 caudae
626 4050 780 4111 titionum
805 4049 984 4125 fumigant,
1041 4058 1148 4118 utqtte
1173 4047 1308 4115 adme,
1342 4043 1378 4104 et
1403 4045 1539 4116 pudore
1571 4044 1724 4114 cooperti
1757 4044 1846 4103 erent

188 4147 319 4225 quando
336 4147 517 4206 humanam
535 4145 681 4206 animam
694 4146 838 4223 caligine
858 4147 984 4223 peccati
1042 4137 1127 4218 (lob.
1146 4156 1193 4210 un,
1206 4137 1272 4217 20).
1289 4137 1379 4210 Quod
1391 4153 1561 4214 exponens
1575 4136 1691 4198 beatus
1706 4140 1843 4213 Grego-

188 4244 377 4305 0bscuraut.
1040 4237 1113 4297 rius
1126 4236 1175 4297 ait
1189 4253 1195 4295 :
1208 4238 1323 4296 «Tunc
1335 4235 1465 4313 iniquos
1479 4234 1583 4312 pudor
1590 4233 1750 4310 cooperit,
1763 4249 1844 4295 oum

228 4344 309 4402 Item
325 4338 511 4399 mundanus
523 4339 623 4400 timor
635 4344 685 4400 est
699 4337 756 4399 ille
771 4354 835 4416 quo
844 4339 917 4417 quis
932 4339 987 4400 de·
1041 4335 1076 4394 in
1100 4334 1280 4409 conspectu
1295 4331 1418 4409 judicis
1440 4331 1535 4392 testis
1553 4346 1610 4392 eos
1634 4330 1844 4393 conscientia

188 4438 290 4500 clinat
310 4436 446 4498 debono
459 4435 499 4496 ad
511 4436 646 4508 malum,
662 4437 699 4497 ut
710 4436 792 4497 vitet
804 4436 987 4498 incommo-
1041 4429 1175 4501 addicit,
1191 4429 1278 4491 idest
1290 4428 1509 4504 constringit3
1530 4429 1609 4489 tunc
1624 4425 1731 4504 judex
1744 4429 1846 4490 exte-

188 4534 465 4612 dumtemporale,
474 4533 559 4595 sicut
568 4533 717 4595 Herodes
727 4533 784 4611 qui
797 4549 838 4595 ne
847 4549 985 4610 regnum
1041 4529 1112 4589 rius
1129 4527 1287 4599 cernitur,
1304 4528 1337 4589 et
1351 4526 1526 4588 accusator
1540 4525 1682 4586 interius
1696 4524 1844 4587 tollera-

187 4634 374 4705 amitteret,
402 4631 595 4693 innocentes
625 4631 763 4703 occidit,
788 4631 859 4692 illic
881 4631 987 4708 trepi-
1040 4627 1104 4687 tur.
1116 4627 1208 4686 'lunc
1219 4630 1297 4685 aute
1306 4623 1421 4684 oculos
1433 4621 1540 4683 omnis
1549 4621 1645 4698 culpa
1653 4620 1841 4694 reducitur,

187 4732 295 4795 dando
309 4731 428 4793 timore
442 4728 499 4790 ubi
515 4745 581 4790 non
598 4733 672 4791 erat
686 4729 796 4790 timor.
813 4728 984 4790 Naturalis
1041 4725 1073 4784 et
1085 4738 1177 4783 meus
1190 4721 1457 4799 supergehennae
1468 4718 1840 4795 incendiasuogravius

187 4832 287 4893 timor
299 4829 349 4890 est
362 4828 420 4890 ille
441 4842 505 4903 quo
518 4826 657 4905 quilibet
676 4825 775 4888 homo
787 4827 986 4889 naturaliter
1040 4822 1117 4897 igne
1130 4819 1343 4883 cruciatur.»
1366 4820 1413 4879 De
1430 4818 1549 4895 quarto
1568 4815 1670 4878 Jacob
1684 4815 1719 4876 in
1738 4817 1838 4893 epis-

187 4927 303 4988 horret
316 4942 458 5003 poenam,
476 4925 562 4987 sicut
575 4926 676 4986 etiam
687 4925 758 5002 ipse
772 4924 934 4996 Christus,
945 4925 985 4986 de
1039 4919 1107 4980 tola
1123 4934 1131 4979 :
1145 4919 1231 4983 dauid
1244 4916 1296 4977 est
1307 4916 1381 4977 otta
1393 4915 1533 4977 nostrai
1551 4917 1664 4989 Vapor
1673 4916 1720 4975 ad
1730 4917 1842 4975 modi·

188 5039 252 5102 quo
267 5023 398 5099 legitur,
415 5022 501 5099 quod
516 5023 725 5099 coepitlesus
738 5037 860 5099 pavere
875 5022 909 5083 et
920 5021 985 5084 tae-
1039 5030 1119 5076 cnm
1139 5027 1279 5088 parens,
1311 5012 1345 5073 et
1365 5014 1523 5085 deinceps
1544 5011 1842 5072 eeterminabitnr

186 5122 276 5192 dere,
304 5119 493 5181 contristari
520 5120 552 5180 et
571 5122 707 5181 moedus
735 5135 820 5181 esse.
847 5120 985 5181 servilis
1041 5111 1124 5191 (Jac.
1147 5109 1276 5188 1v‚15).
1294 5112 1340 5171 De
1359 5108 1474 5186 quinto
1488 5108 1524 5168 in
1539 5106 1624 5168 libro
1638 5106 1840 5184 Sapientiae:

186 5217 287 5280 timor
308 5215 359 5277 est
373 5213 441 5284 ille,
458 5228 523 5290 quo
538 5213 691 5290 quianon
709 5229 821 5275 amore
831 5213 983 5292 justitiae,
1039 5214 1199 5283 Perque
1207 5208 1327 5283 peccet
1341 5209 1428 5281 qun,
1444 5220 1509 5280 per
1522 5209 1594 5268 neec
1607 5206 1642 5266 et
1656 5206 1844 5278 torquetur

187 5315 245 5379 sed
273 5311 450 5374 tormidine
473 5326 580 5387 poenae
608 5310 741 5372 cohibet
767 5327 901 5372 manum
927 5311 984 5372 sed
1040 5306 1132 5386 (Sap.
1148 5322 1195 5377 xi,
1224 5301 1286 5383 17).
1309 5307 1490 5365 Peccamus
1504 5302 1680 5379 pernitiat
1700 5304 1844 5380 torque-

187 5427 254 5473 non
276 5410 422 5472 animum
447 5424 466 5468 a
485 5409 629 5485 peccato.
656 5410 696 5469 Et
723 5407 764 5468 de
786 5407 847 5469 tali
865 5408 985 5468 timore
1040 5418 1115 5464 mur
1129 5418 1189 5480 per
1203 5402 1272 5463 illa.
1288 5403 1374 5462 Nam
1389 5399 1544 5476 superbia
1560 5399 1665 5471 indat,
1680 5399 1732 5460 ira
1745 5399 1841 5462 dila-

186 5508 330 5582 legitur=
347 5510 463 5569 dtmor
490 5520 559 5567 non
584 5506 636 5567 est
661 5508 698 5566 tn
722 5505 986 5577 chamelaeae
1039 5500 1120 5573 nint,
1134 5499 1270 5561 luxuria
1281 5498 1442 5576 inquinat,
1459 5496 1601 5559 avaritia
1612 5496 1773 5567 stimulat,
1790 5498 1843 5563 iu.

184 5605 341 5685 perfecta
371 5604 525 5667 charites
554 5605 652 5681 fores
685 5602 794 5664 mittit
824 5602 985 5665 stmomm
1040 5598 1137 5692 vidia·
1145 5596 1282 5669 cruciat,
1299 5597 1331 5657 et
1344 5595 1392 5656 sic
1405 5594 1446 5659 de
1456 5590 1596 5657 caeteris.
