3900 6202
89 325 139 393 rra
700 282 929 387 nersronm.
952 321 1031 385 ure.
1055 322 1080 382 1.
1654 323 1713 386 ars

86 485 178 549 solnm
197 480 290 543 dolos
314 478 430 543 contra
448 494 562 557 regem
577 479 781 545 concinnare
797 483 864 545 stu·
917 481 1018 559 elegit
1045 481 1215 555 Dominus,
1240 480 1360 544 referri
1381 479 1514 559 debeat;
1529 478 1573 547 'et
1586 481 1627 547 ab
1644 482 1708 558 his,

84 580 172 645 deant
195 578 425 652 memoratum,
453 594 571 640 rerum
600 580 700 642 etiam
723 582 862 643 assertis
916 579 974 657 qul
988 578 1097 642 eidem
1116 578 1305 658 praesident,
1331 579 1457 657 requiri
1480 580 1601 658 judicil
1626 582 1711 645 veri·

83 677 218 743 eumdem
232 672 369 754 injuriis
393 675 559 738 lacessere
581 692 648 739 non
671 677 859 741 formident.
914 677 1028 750 tatem,
1041 691 1081 739 ao
1094 676 1244 738 tenentes
1258 692 1318 754 pro
1333 677 1435 750 certo,
1450 678 1536 755 quod
1551 679 1710 742 Dominus

83 775 229 849 Quoniam
258 772 362 849 igitur
379 772 422 834 ad
447 775 689 836 occurrendum
714 774 860 838 tribula-
915 772 1035 834 sedem
1048 773 1272 850 apostolicam
1289 773 1436 850 elegerit,
1455 775 1490 837 et
1509 774 1616 852 ipsam
1638 792 1712 839 om-

83 870 209 936 tionibus
224 869 308 932 dicti
326 869 416 947 regis
431 870 606 947 multiplex
623 871 756 949 quidem
773 872 859 936 ratio
914 870 1007 932 nium
1041 871 1258 933 ecclesiarum
1293 871 1393 950 caput
1425 872 1645 946 constituerit,
1677 875 1711 937 et

82 985 133 1032 nos
144 966 279 1040 inducit,
293 967 416 1046 quippe
436 983 512 1029 cum
530 968 687 1032 Ecclesiae
702 972 859 1034 Romanae
913 967 1119 1044 magistram,
1139 984 1199 1046 per
1220 968 1361 1031 nuncios
1385 985 1479 1044 suos,
1495 971 1536 1033 ad
1558 971 1707 1047 eamdem

81 1064 239 1138 vasallus,
274 1079 315 1127 ac
347 1063 505 1142 pupillus,
537 1081 577 1128 ac
609 1066 859 1146 crucesignatus
913 1061 1039 1140 pluries
1066 1064 1290 1137 accesserunt,
1327 1062 1436 1126 felicis
1466 1065 1709 1129 recordationis

80 1162 196 1235 1111111,
221 1163 256 1224 ο1
279 1162 349 1224 tam
376 1162 485 1240 ipsum
507 1178 605 1241 quam
626 1179 765 1241 regnum
785 1168 859 1244 ejus
913 1160 1217 1240 InnocentioPapae
1229 1160 1467 1240 praedecessori
1490 1162 1603 1225 nostro
1622 1179 1706 1243 sup-

79 1258 222 1321 oustodiae
235 1258 361 1323 nonrae
376 1274 417 1321 ac
430 1260 630 1337 Apostolioae
650 1260 744 1324 Sedis
767 1277 860 1324 com·
912 1257 1075 1335 plicantes
1085 1259 1250 1322 instanter
1260 1248 1296 1324 ut
1308 1260 1416 1337 ipsum
1426 1261 1599 1323 consecret
1609 1263 1709 1324 Sauc-

80 1356 191 1419 missrit
212 1356 315 1419 clarae
329 1357 499 1419 memoriae
520 1359 616 1436 pater
636 1361 709 1437 ejus
731 1360 858 1437 positus
913 1355 1022 1417 torum
1036 1356 1188 1433 catalogo
1200 1357 1466 1428 adscribendum,
1486 1374 1529 1420 ne
1543 1358 1636 1421 tauta
1654 1358 1709 1420 ln-

78 1455 107 1515 iu
118 1452 271 1517 extremis
287 1475 295 1515 ε
318 1453 609 1530 maternianus,
623 1454 664 1518 de
685 1459 780 1535 eujus
794 1456 858 1519 ilde
912 1467 1014 1515 cerna
1028 1453 1089 1515 sub
1107 1455 1217 1519 modio
1231 1456 1420 1518 remaneret
1430 1455 1635 1527 abscondita,
1649 1457 1707 1519 sed

78 1564 111 1610 ac
126 1549 298 1627 prudentia
318 1550 466 1627 gerimus
487 1551 642 1614 fiduciam
666 1554 855 1632 specialem,
911 1548 1118 1614 illuminaret
1140 1552 1249 1629 potius
1277 1568 1345 1626 eos,
1371 1553 1428 1631 qui
1452 1554 1586 1615 suntin
1610 1554 1708 1618 domo

78 1661 128 1724 per
139 1646 318 1724 apostolica
332 1648 457 1726 scripta
470 1649 678 1723 mandamus,
695 1652 857 1729 quatenus
912 1661 1012 1722 super
1026 1647 1260 1709 candelabrum
1272 1650 1453 1712 constituti.

77 1743 151 1817 illos,
164 1744 220 1821 qni
233 1744 276 1806 de
290 1743 429 1821 praefato
443 1761 547 1822 regno
563 1746 733 1809 Hiberniae
744 1748 857 1825 injam
952 1745 1026 1819 lpse
1060 1759 1140 1807 vero
1169 1745 1395 1821 praedecessor
1423 1746 1536 1809 noster
1563 1747 1706 1809 sollicite

14 1832 15 1837 ’
77 1839 144 1902 dicti
154 1841 243 1917 regis
256 1841 433 1905 deuotione
446 1842 636 1920 persistunt,
651 1844 692 1906 ad
706 1860 780 1907 eam
794 1844 858 1908 ier·
911 1840 1072 1915 cogitans,
1085 1841 1171 1919 quod
1181 1842 1371 1920 hujusmodi
1379 1842 1543 1921 judicium
1557 1844 1707 1906 divinum

77 1937 192 2000 sentius
206 1938 358 2000 animare
379 1939 513 2002 studeas
529 1941 672 2003 sollicite
686 1958 726 2004 ae
738 1942 857 2017 sollen-
911 1934 955 1998 sit
965 1937 1174 2016 potiusquam
1195 1938 1389 2013 humanum,
1410 1956 1550 2019 esseque
1570 1940 1706 2003 difficile

77 2033 126 2107 ter,
140 2035 172 2097 et
190 2050 261 2109 eos,
284 2037 341 2115 qui
364 2036 545 2102 abalienati
570 2038 752 2101 retrorsum
775 2055 857 2119 con-
910 2034 1083 2096 mortalem
1109 2034 1277 2098 hominem
1301 2037 1455 2115 judicare
1481 2038 1520 2100 de
1541 2037 1622 2113 illis,
1649 2037 1706 2116 qui

14 2142 15 2145 ’
76 2130 150 2192 rarsi
174 2147 197 2193 a
225 2130 364 2195 dextera
388 2134 424 2194 in
450 2134 620 2196 sinistram
650 2150 670 2197 a
697 2135 855 2198 fidelitate
909 2129 1001 2192 veste
1022 2130 1234 2195 mortalitatis
1249 2132 1352 2207 exuti,
1380 2149 1455 2195 cum
1476 2133 1606 2196 Christo
1630 2149 1706 2197 ore-

76 2227 387 2304 regisrecesserunt,
402 2230 444 2292 ad
458 2230 607 2295 eamdem
625 2231 769 2306 studeas,
785 2233 856 2310 qul-
909 2225 1032 2289 duntur
1042 2228 1167 2302 vivere,
1183 2244 1223 2290 ac
1235 2244 1389 2306 regnare,
1407 2230 1598 2307 petitionem
1611 2230 1705 2308 ipso-

75 2321 262 2402 buscumque
281 2325 390 2388 modis
412 2327 570 2403 expedire
590 2326 726 2401 videris,
752 2343 852 2390 revo-
907 2337 981 2384 rum
996 2324 1147 2401 protinus
1168 2341 1235 2387 non
1256 2326 1400 2401 admisit,
1427 2326 1485 2389 sed
1506 2327 1548 2388 ad
1573 2328 1704 2404 tempus

75 2434 147 2481 cum.
159 2422 232 2483 Nos
245 2422 337 2484 enim
352 2423 473 2500 agendi
487 2440 538 2497 ea,
555 2441 630 2502 quae
646 2426 687 2487 sd
702 2426 766 2488 boc
780 2441 853 2488 esse
908 2422 1036 2485 censuit
1055 2424 1307 2500 expectandum,
1324 2425 1361 2487 ut
1379 2424 1512 2488 interim
1533 2425 1640 2500 magis
1664 2440 1704 2486 ac

76 2519 253 2593 merereris
276 2519 479 2594 necessaria,
496 2520 635 2583 liberam
656 2522 716 2584 tibi
731 2538 853 2585 conce-
907 2518 1014 2593 magis
1025 2519 1197 2582 miraculis
1213 2521 1398 2583 sanctitatis
1408 2523 1481 2599 ejus
1491 2522 1702 2594 claresceret,

75 2612 164 2677 dimus
191 2615 391 2679 auctoritate
413 2618 626 2695 praesentium
644 2619 850 2696 potestatem,
907 2614 1021 2691 etipse
1033 2617 1082 2678 sic
1096 2618 1246 2679 securius
1260 2617 1440 2695 procedere
1454 2618 1619 2695 posset'ad
1633 2620 1702 2680 tam

14 2716 15 2719 ’
75 2712 147 2771 ratas
174 2711 326 2775 babituri
355 2714 549 2786 sententias,
584 2731 666 2793 quas
697 2717 850 2778 rationa-
906 2711 1046 2773 arduum
1060 2713 1225 2791 judicium
1243 2713 1489 2792 proferendum.
1503 2717 1584 2777 Cum
1598 2715 1702 2792 igitur

74 2802 164 2869 biliter
196 2808 314 2871 tuleris
350 2811 387 2871 in
420 2808 570 2872 rebelles.
607 2813 725 2874 Datum
753 2813 853 2875 Late-
907 2825 950 2870 ex
971 2810 1066 2887 parte
1089 2810 1238 2886 ipsorum
1265 2811 1501 2885 insistentium,
1527 2812 1613 2889 quod
1634 2814 1702 2874 Do-

14 2894 16 2969 1
74 2905 142 2978 mni,
160 2908 239 2968 xvi
260 2905 422 2971 kalendas
442 2906 613 2982 februarii,
641 2909 850 2987 pontificatus
905 2906 1015 2968 minus
1029 2907 1237 2983 postmodum
1251 2908 1347 2969 illum
1362 2908 1514 2986 plurimis
1532 2909 1702 2972 decorauit

74 3002 159 3065 nostri
169 3018 262 3067 anno
278 3004 398 3081 primo.
904 3003 1076 3067 miraculis
1093 3004 1126 3067 et
1146 3003 1255 3068 adbuc
1269 3022 1330 3083 per
1348 3021 1390 3069 ea
1415 3007 1575 3069 sanctitas
1596 3007 1701 3084 ipsius

903 3099 1082 3173 eluxescit,
1110 3101 1152 3163 ad
1180 3101 1290 3180 ipsum
1318 3117 1408 3165 nunc
1432 3118 1454 3165 a
1481 3103 1577 3165 nobis
1600 3102 1701 3166 luerit

379 3234 532 3323 CXLIV
903 3197 1116 3274 postulatum.
1133 3199 1202 3261 Nos
1221 3200 1440 3274 attendentes,
1457 3201 1543 3278 quod
1565 3201 1645 3264 licet
1658 3201 1700 3263 ad

445 3328 451 3335 -
897 3293 977 3364 boc,
989 3294 1026 3359 ut
1037 3295 1158 3373 aliquis
1168 3296 1277 3359 tidelis
1291 3301 1425 3360 sanctus
1439 3300 1483 3362 sit
1497 3298 1583 3375 apud
1595 3302 1699 3361 Deum

902 3392 1057 3457 meritum
1067 3393 1212 3457 sufficiat
1225 3394 1302 3458 rite
1314 3396 1497 3473 solum3ad
1506 3396 1570 3460 boc
1583 3397 1697 3459 mmen

73 3455 314 3533 dammum
327 3457 637 3521 Antidssiii’dffl'en·
659 3458 694 3521 et
712 3458 848 3521 abbam
902 3490 940 3553 ut
955 3491 1091 3554 sanctus
1107 3492 1194 3569 apud
1216 3491 1368 3556 homines
1393 3493 1566 3567 habeatur,
1581 3509 1700 3557 neces-

103 3552 137 3613 46
148 3555 344 3617 Bmmdw
353 3555 388 3617 et
401 3556 443 3617 αθ
455 3556 619 3629 camma
636 3555 718 3617 απ·
732 3558 806 3618 ⁰²⁴d·
902 3586 992 3649 saria
1006 3587 1074 3651 sint
1091 3588 1265 3663 miracula,
1282 3606 1358 3652 cum
1376 3591 1491 3653 eodem
1500 3591 1540 3653 de
1554 3591 1696 3669 utroque

347 3667 381 3723 ¹⁷
392 3664 454 3740 1⁸¹1·
471 3667 550 3726 ¹21⁷·
901 3683 1057 3747 duximus
1069 3685 1616 3766 inquirendumeoquodaltemm
1630 3704 1698 3750 nou

185 3787 503 3855 [smlmumnomnorm.
515 3795 535 3840 a
547 3790 591 3851 111,
606 3805 633 3854 p.
645 3789 712 3856 ellJ.
901 3780 1025 3844 sufficit
1038 3782 1108 3846 sine
1122 3784 1239 3855 altero,
1262 3785 1419 3847 uidelicet
1430 3785 1511 3846 uitae
1528 3785 1695 3857 meritum,

154 3929 196 3944 ,,
247 3932 253 3945 ‚
415 3931 421 3945 ,
591 3933 597 3946 ,
733 3936 739 3947 ,
823 3935 829 3947 ,
901 3879 931 3939 si
948 3878 1110 3941 miracula
1133 3895 1200 3941 non
1225 3880 1350 3943 luerint
1378 3881 1565 3957 subsecuta,
1588 3897 1697 3959 neque

73 3925 217 3990 &mmmm
244 3939 439 4034 ¹¹3q⁰¹⁵¹f¹⁰¹¹ff⁸
458 3948 550 4034 mim.
571 3940 628 4035 v¹f³
654 3942 687 4036 εἰ.
702 3936 846 3995 ¹¹¹¹ffi⁰¹¹¹¹⁸
900 3975 1072 4047 miracula,
1090 3976 1260 4040 sisauitae
1274 3977 1428 4040 meritum
1440 3994 1507 4039 non
1522 3980 1694 4057 processit,

175 4020 207 4077 Β·
221 4019 368 4080 flumem
378 4034 505 4095 ⁶⁹¹⁸⁰⁰p¹
520 4022 714 4081 Bnunoem'
900 4089 975 4136 cum
989 4074 1085 4137 multi
1097 4073 1219 4137 dicturi
1243 4076 1370 4138 suntin
1388 4076 1442 4139 dis
1456 4076 1526 4150 illa,
1543 4077 1692 4150 Domine,

102 4159 257 4224 Honorius
293 4163 486 4241 episcopus,
523 4180 640 4228 sersus
671 4182 844 4229 servorum
899 4171 1049 4244 Domine,
1075 4187 1186 4234 nonne
1209 4173 1245 4234 in
1268 4174 1403 4237 nomine
1429 4176 1487 4237 tuo
1509 4175 1693 4253 propbeta-

72 4252 129 4328 Dei,
152 4259 334 4322 venerabili
366 4259 463 4322 fratri
495 4262 649 4340 episcopo
674 4264 843 4328 Autissio-
898 4268 1018 4342 vimus,
1032 4270 1065 4332 et
1079 4269 1114 4330 in
1133 4271 1267 4333 nomine
1280 4273 1338 4333 tuo
1349 4272 1514 4335 daemonia
1526 4272 1691 4351 ejicimus,

16 4372 18 4415 t
72 4347 167 4414 dorsu.
183 4357 215 4419 et
227 4357 361 4420 dilectis
375 4358 453 4419 tiliis
466 4360 656 4423 Bonoradio
668 4362 702 4423 et
721 4362 762 4424 de
776 4365 843 4425 Ga·
900 4365 1084 4429 etuirtutes
1098 4366 1238 4429 lecimus
1258 4368 1294 4429 in
1317 4370 1452 4431 nomine
1470 4373 1527 4433 tuo
1551 4371 1695 4433 multasi

16 4424 18 4517 i
72 4444 167 4524 loaeio,
194 4452 323 4516 ordinis
353 4454 488 4517 cisterc.
525 4455 699 4519 abbatibus
730 4460 845 4522 Antis-
899 4461 1035 4537 Quibus,
1052 4464 1212 4541 quia-non
1230 4466 1309 4527 novi
1323 4483 1399 4536 vos,
1422 4467 1581 4531 discedite
1601 4484 1622 4530 a
1642 4483 1695 4531 me

16 4554 18 4687 1
73 4540 215 4704 litigem
244 4551 280 4613 et
303 4551 484 4614 Bituricen.
513 4553 624 4628 dioee,
643 4556 784 4619 salutem
810 4559 844 4621 et
898 4561 1044 4637 operarii
1070 4561 1268 4640 iniquitatis,
1295 4564 1467 4638 Dominus,
1496 4567 1594 4642 prout
1618 4566 1692 4642 ipse

87 4646 552 4808 ngenffilgefflculoggtmr
573 4748 843 4827 archiepiscopus
896 4656 1140 4832 {psolrftlggtguodl
1152 4660 1691 4835 ajggrfo‘ireelrlriuiemliroalggllistogerffi

16 4866 17 4899 1
73 4830 289 4912 etdilectiillii,
306 4841 488 4918 capitulum
506 4844 687 4907 Bituricen.
704 4846 843 4910 tirmiter
897 4852 930 4914 et
950 4851 1105 4929 operibus
1128 4853 1290 4915 miracula
1311 4852 1505 4915 fulciantur.
1529 4854 1691 4927 Quocirca

72 4928 287 5011 rumpentes,
322 4938 387 5017 piae
417 4942 658 5003 recordationis
703 4945 843 5008 Guillel-
897 4947 1089 5009 discretioni
1103 4950 1223 5011 restrae
1238 4948 1278 5010 de
1297 4964 1362 5026 qua
1382 4949 1514 5026 plenam
1535 4950 1691 5015 fiduciam

17 5048 18 5099 1
72 5037 143 5133 mum
159 5034 436 5108 predecessorem
459 5038 565 5115 ipsius
583 5041 839 5122 archiepiscopi,
896 5045 1083 5106 obtinemus
1109 5060 1170 5123 per
1192 5046 1374 5123 apostolica
1400 5048 1524 5125 scripta
1549 5050 1690 5113 manda-

71 5132 114 5181 0111
136 5131 328 5205 sanctitatis,
354 5135 390 5197 ut
421 5135 578 5208 afferunt,
613 5139 841 5205 testimonium
895 5158 981 5215 mus,
1008 5143 1170 5220 quatenus
1196 5143 1236 5205 de
1262 5144 1412 5221 praedicti
1442 5146 1508 5207 viri
1536 5148 1690 5225 praeclari

71 5219 223 5290 Perhibent
237 5229 398 5292 miracula
413 5235 487 5309 post
501 5236 574 5312 eJ'us
588 5235 629 5297 de
641 5236 704 5298 boc
718 5240 840 5301 mundo
894 5240 975 5311 uita,
990 5240 1022 5302 et
1031 5241 1283 5304 conuersatione
1296 5258 1335 5304 ac
1349 5244 1478 5306 meritis
1490 5261 1511 5306 a
1525 5245 1608 5306 viris
1623 5246 1688 5306 ho-

70 5312 225 5385 irausitum
253 5326 446 5402 subsecuta,
473 5332 669 5394 Sanctorum
695 5334 840 5397 adscribi
894 5337 1009 5410 nesiiS,
1025 5353 1065 5399 ac
1080 5338 1144 5399 fide
1158 5339 1278 5415 dignis,
1300 5340 1418 5418 quide
1439 5342 1606 5418 praedictis
1627 5342 1691 5403 ha-

71 5407 170 5478 debere
181 5421 330 5499 catalogo
348 5427 585 5502 uenerandum,
608 5430 641 5492 et
661 5432 839 5495 attenden—
894 5434 973 5498 bent
995 5436 1158 5510 notitiam,
1183 5453 1312 5501 necnon
1345 5441 1378 5502 et
1404 5439 1586 5511 miraculis,
1615 5456 1689 5516 quae

71 5504 211 5591 tesquop
231 5521 329 5596 juxta
356 5522 504 5589 divinum
528 5529 730 5605 praeceptum
747 5531 841 5607 judi·
895 5535 969 5612 post
995 5536 1067 5610 eJ’us
1095 5534 1220 5598 obitum
1243 5536 1418 5598 subsecuta
1451 5536 1615 5609 dicuntur,
1649 5553 1688 5601 ao

71 5602 294 5690 elementiciis,
308 5620 610 5698 acambigunm,ad
624 5625 837 5705 locumquem
893 5632 1153 5695 circumstantiis
1189 5633 1356 5696 universis
1383 5632 1624 5711 pertinentibus
1646 5636 1687 5699 ad
