3968 6204
187 284 246 347 103
652 278 830 347 iloa’oun
850 278 898 367 m.
918 278 1068 349 oriani.
1083 306 1122 323 -·
1137 277 1372 341 SEIfflONES.
1779 281 1840 346 104

187 443 539 519 vatione,etcontinua
548 441 711 506 castitatis
719 438 985 504 conservatione.
1041 438 1173 518 quando
1197 456 1294 505 nemo
1317 441 1440 520 poterit
1458 440 1604 520 operari.
1632 442 1838 520 6661616161,

187 546 225 607 In
260 543 546 622 eleemosynarum
572 539 767 617 largitione,
790 539 869 618 quia
897 537 986 601 oculi
1003 555 1007 561 ’
1041 538 1118 615 quia
1132 554 1233 616 opera
1246 539 1381 601 illorum
1397 541 1582 619 sequuntur
1598 539 1685 603 illos.
1702 542 1751 604 ed
1767 541 1841 605 boec

186 644 259 721 ejus
281 641 316 703 in
332 657 512 721 pauperem
533 636 767 716 respiciebant,
788 653 850 699 666
872 636 986 699 666166
1041 637 1106 698 duo
1119 637 1230 715 posuit
1243 637 1404 701 Dominus
1419 654 1478 699 vos
1499 639 1666 709 custodes,
1687 640 1728 701 ad
1749 641 1841 717 vigi·

186 757 265 804 suos
288 737 532 803 transvertebat
559 753 579 799 a
601 751 759 815 paupere.
787 735 851 797 Sed
875 734 986 797 sciens
1041 736 1229 819 landumet
1242 735 1283 798 ad
1306 735 1652 814 circumspiciendum.
1667 740 1720 800 Ad
1744 741 1840 816 nipt-

186 840 286 901 etiam
306 837 391 917 quod
411 835 594 898 foeneratur
616 835 756 897 Domino
771 834 828 913 qui
843 834 985 896 mucre·
1040 837 1192 908 turtdum,
1209 834 1391 896 secundum
1405 835 1492 912 quod
1505 835 1578 912 ipse
1592 835 1839 914 aitApostolis:

185 940 240 1000 tur
260 935 410 1015 pauperi,
429 951 563 996 manum
585 949 681 996 suam
702 932 834 1010 aperuit
847 931 938 1010 inopi
954 933 987 994 et
1046 933 1189 1010 Vigilate
1202 933 1237 996 ct
1260 934 1359 997 orote
1377 934 1417 995 ut
1435 948 1504 996 non
1515 935 1656 998 intretis
1670 939 1707 997 tn
1719 936 1839 998 teutu-

186 1035 314 1114 palmas
344 1049 422 1094 suas
444 1032 593 1097 extendit
617 1032 660 1094 ad
684 1047 876 1110 pauperem.
902 1030 985 1103 Quia
1042 1030 1842 1111 6666601666.616,38).11661666616616166-

185 1148 252 1195 non
268 1132 341 1195 erat
361 1147 489 1209 pauper
506 1131 542 1193 in
560 1131 630 1193 tota
644 1129 726 1191 urbe
744 1128 802 1208 qui
816 1144 884 1191 non
898 1129 987 1191 esset
1040 1133 1139 1201 diam,
1167 1129 1350 1192 seeundum
1379 1130 1465 1209 quod
1499 1129 1596 1192 nobis
1630 1130 1777 1210 loquitur
1801 1132 1839 1194 in

186 1231 329 1309 scriptus
351 1231 386 1292 in
407 1228 594 1301 matricula,
618 1227 705 1290 sicut
722 1226 846 1305 legitur
868 1226 904 1288 in
919 1228 986 1289 Le·
1041 1227 1214 1291 Ezechiele
1230 1251 1238 1289 ε
1253 1232 1322 1291 Fili
1343 1230 1504 1302 bomtnts,
1526 1218 1778 1304 specmatmm
1804 1231 1839 1293 tc

183 1328 305 1408 ganda.
335 1327 609 1390 inabstinentia
636 1324 879 1397 observatione,
908 1323 986 1404 guia
1040 1328 1119 1388 dcdt
1137 1329 1255 1390 domui
1278 1329 1391 1390 Israel
1419 1325 1552 1407 (Ezech.
1575 1343 1632 1401 111,
1658 1326 1723 1406 17).
1749 1331 1839 1405 Ergo

186 1442 368 1489 conversus
381 1427 431 1489 est
443 1425 483 1488 ad
498 1427 604 1487 Deum
616 1424 652 1486 in
666 1424 735 1487 toto
751 1423 850 1486 eorde
864 1438 937 1484 suo.
949 1425 986 1484 ln
1041 1422 1070 1485 si
1085 1424 1237 1487 custodes
1247 1425 1339 1499 estis,
1362 1425 1499 1502 vigilate
1524 1427 1557 1488 et
1580 1426 1837 1504 circumspicite.

182 1525 453 1604 jejuniismultis,
469 1524 505 1586 in
518 1523 645 1601 vigiliis
657 1523 690 1585 et
701 1523 736 1584 in
747 1520 910 1585 charitate
919 1537 986 1583 non
1041 1524 1071 1583 N
1073 1538 1115 1585 on
1129 1523 1217 1585 enim
1230 1522 1342 1600 posuit
1354 1539 1414 1585 vos
1429 1524 1588 1586 Dominus
1602 1525 1640 1587 ut
1650 1525 1837 1598 dormiatis,

187 1624 274 1686 licta.
295 1626 333 1685 In
356 1623 514 1687 continua
534 1621 787 1685 conservatione
809 1619 985 1689 castitatis,
1041 1620 1099 1683 sed
1125 1622 1162 1683 ut
1180 1621 1337 1698 vigiletis.
1362 1624 1439 1683 Non
1462 1622 1499 1686 ut
1520 1621 1632 1685 stolidi
1659 1624 1837 1695 maneatis,

186 1722 264 1801 quia
279 1721 426 1784 accinxit
441 1720 636 1783 tortitudine
650 1716 781 1780 lumbos
793 1734 872 1780 suos
886 1733 986 1779 assu·
1040 1719 1098 1781 sed
1113 1720 1150 1781 ut
1163 1719 1294 1797 providi
1309 1719 1598 1798 circumspiciatis.
1616 1721 1691 1782 Non
1704 1724 1740 1783 nt
1753 1721 1839 1783 dor·

187 1835 280 1882 mens
299 1835 416 1881 zonam
431 1817 604 1895 pelliceam
621 1818 654 1880 et
665 1815 834 1894 cingulum
849 1815 987 1877 castita·
1039 1818 1163 1892 miatis,
1177 1818 1255 1896 quia
1271 1819 1328 1897 qui
1344 1818 1524 1889 dormiunt,
1541 1821 1639 1882 nocte
1655 1819 1836 1893 dormiunt,

185 1918 229 1980 tis
260 1918 301 1980 de
333 1915 470 1979 renibus
499 1916 581 1977 illias
617 1914 651 1977 et
683 1912 805 1975 lumbis
832 1913 984 1977 loannis.
1040 1915 1144 1993 etqui
1163 1914 1248 1978 ebrii
1268 1916 1363 1988 6661,
1388 1917 1485 1978 66616
1503 1915 1589 1977 ebrii
1616 1917 1713 1991 sunt,
1727 1916 1786 1979 sed
1801 1918 1842 1980 ut

186 2015 330 2077 bumbos
344 2013 542 2092 praecinctos
560 2011 678 2074 babuit
696 2011 787 2073 Elias
799 2011 840 2073 de
854 2026 920 2088 quo
934 2011 986 2071 le·
1040 2012 1199 2089 vigiletis,
1216 2013 1295 2091 quia
1309 2013 1366 2092 qui
1381 2029 1478 2075 mane
1492 2013 1707 2091 vigilaverint
1720 2014 1762 2077 ad
1775 2031 1838 2077 sa·

186 2114 277 2190 gitur
294 2113 330 2174 in
352 2110 497 2187 Regibus
514 2131 521 2172 ε
544 2113 605 2172 Vir
620 2112 753 2184 pilosus
774 2109 878 2171 estet
897 2123 986 2173 aona
1040 2109 1211 2188 pientiam,
1229 2110 1401 2174 invenient
1419 2111 1525 2175 illam.

183 2215 323 2290 pellicco
334 2210 507 2271 6661661616
520 2210 661 2270 renibus
676 2206 735 2288 (lv
747 2208 828 2284 Reg.
843 2222 866 2279 1,
881 2206 928 2285 8).
1080 2210 1235 2286 Legimus
1267 2209 1352 2288 quod
1388 2212 1535 2273 loannes
1567 2211 1696 2275 audivit
1720 2227 1837 2275 vocem

226 2309 429 2373 Praecinctos
448 2304 578 2369 lumbos
599 2304 716 2367 babuit
735 2307 883 2368 loannes
898 2307 987 2382 Bap-
1040 2307 1140 2369 unius
1161 2307 1282 2385 aquia
1302 2307 1450 2371 volantis
1470 2324 1531 2386 per
1550 2309 1695 2371 medium
1716 2309 1837 2372 coelum

186 2408 276 2480 tista,
294 2407 334 2467 de
349 2422 414 2484 quo
427 2404 550 2480 legitur
566 2402 653 2481 quod
668 2404 742 2465 erat
755 2402 895 2465 vestitus
908 2402 984 2480 pilis
1040 2407 1073 2467 et
1091 2405 1230 2468 dicentis
1252 2426 1260 2466 ε
1290 2409 1358 2479 Voe,
1379 2421 1446 2480 occ,
1472 2422 1527 2469 our
1547 2408 1779 2471 babitantibus
1799 2412 1837 2471 in

188 2505 404 2576 camelorum,
431 2504 465 2564 et
486 2516 570 2563 zona
591 2499 733 2578 pellicea
751 2500 840 2562 circa
855 2499 984 2561 lumbos
1040 2504 1139 2567 terro
1158 2501 1274 2583 (Apoc.
1296 2519 1370 2577 vni,
1391 2506 1457 2585 13),
1481 2505 1579 2583 quasi
1606 2505 1757 2569 moeret:
1777 2510 1836 2570 vac

188 2620 278 2676 suos,
295 2598 703 2676 etloannesldvangelista
718 2615 815 2677 quem
826 2599 984 2661 Dominus
1039 2602 1186 2680 praelatis
1210 2601 1456 2679 negligentibus
1483 2604 1520 2665 in
1540 2604 1643 2666 terra.
1670 2607 1728 2666 Vae
1753 2621 1836 2667 sue·

188 2701 356 2791 volentem
374 2697 501 2762 nubere
515 2713 535 2761 a
552 2697 680 2776 nuptiis
693 2697 878 2772 revocavit;
895 2699 985 2759 Pau·
1039 2699 1227 2762 sessoribus
1240 2699 1484 2778 Apostolorum,
1503 2701 1532 2763 si
1545 2702 1745 2765 mercenarii
1759 2705 1838 2767 sunt

188 2802 241 2864 166
269 2814 401 2879 quoque
427 2797 484 2877 qui
510 2796 551 2859 de
579 2812 642 2859 sua
672 2795 866 2872 virginitate
900 2795 982 2858 ait:
1039 2797 1181 2861 dicendi.
1197 2801 1255 2861 va
1266 2799 1454 2876 pastoribus
1469 2799 1592 2868 ovium
1608 2800 1638 2861 si
1659 2800 1746 2863 inter
1765 2802 1839 2865 66-

192 2903 270 2965 Volo
288 2910 407 2965 ontncs
426 2897 581 2958 66661666
595 2907 670 2955 csse
687 2893 779 2955 61661
798 2907 854 2955 nac
870 2896 985 2968 ipsum
1038 2896 1098 2960 dos
1111 2897 1189 2959 sunt
1198 2895 1395 2960 collocandi
1411 2900 1470 2961 ve
1492 2898 1551 2976 gui
1569 2897 1737 2976 sapientes
1758 2901 1837 2963 sunt

183 2996 218 3078 (1
233 3000 307 3060 Cor.
327 3010 387 3068 vn,
416 2992 462 3073 7).
488 2990 690 3055 Ρ666166166
717 2989 847 3061 sortiter
870 2989 985 3052 babuit
1039 2996 1074 3057 in
1087 2994 1193 3057 oculis
1207 2994 1290 3069 suis,
1305 2997 1340 3058 61
1354 3011 1467 3058 coram
1488 2996 1836 3075 semetipsispruden·

182 3098 260 3174 ipsa
274 3099 428 3157 5666666
443 3106 517 3169 quae
531 3088 633 3165 elegit
656 3089 767 3166 potins
786 3087 983 3151 morderem
1038 3094 1100 3167 tes,
1117 3091 1146 3155 si
1174 3108 1235 3171 per
1260 3091 1458 3171 sapientiam
1482 3093 1582 3172 hujus
1610 3094 1725 3157 mundi
1747 3095 1835 3173 apud

186 3209 306 3257 manus
331 3190 515 3258 hominum,
531 3203 630 3266 quam
656 3201 796 3265 peccare
818 3186 854 3248 in
880 3189 983 3249 Deum
1039 3194 1143 3253 Deum
1164 3190 1258 3254 stulti
1277 3192 1355 3254 sunt
1375 3191 1566 3270 reputandi.
1580 3193 1639 3255 Vae
1659 3192 1717 3271 qui
1733 3193 1838 3271 tusti-

187 3309 296 3356 suum.
330 3289 374 3351 Hi
397 3289 506 3349 motus
539 3286 616 3347 sunt
643 3284 801 3363 populns
811 3283 985 3347 1666666-
1038 3289 1292 3367 licantimpinm
1318 3305 1377 3368 pro
1404 3289 1596 3352 muneribus
1620 3291 1654 3354 et
1669 3291 1837 3370 justitiam

186 3383 983 3468 6666666666,1ι66661616666616,6ο6
1034 3388 1289 3467 1661166166661
1309 3387 1352 3450 ab
1366 3405 1418 3462 66,
1446 3387 1487 3462 si,
1509 3389 1595 3451 sicut
1618 3389 1756 3452 devorat
1774 3391 1839 3452 sti-

186 3488 294 3569 potuit
308 3487 348 3548 de
363 3486 435 3563 ipsa
449 3482 630 3560 expellere.
656 3482 794 3559 Semper
807 3480 897 3543 enim
921 3483 983 3544 le·
1039 3487 1151 3564 pulam
1161 3485 1250 3562 ignis
1263 3486 1296 3547 et
1316 3484 1409 3549 calor
1423 3485 1565 3549 flammae
1582 3488 1703 3562 exurit,
1710 3488 1837 3551 aeterno

185 3589 321 3650 bnsaeus
335 3582 464 3645 habitat
482 3580 518 3642 in
538 3581 630 3641 terra
650 3581 778 3650 nostra,
796 3594 870 3657 quae
887 3577 983 3641 nobis
1037 3583 1115 3661 igne
1128 3585 1205 3644 sunt
1219 3581 1446 3645 comburendi.

185 3686 301 3764 spinas
324 3685 356 3744 et
379 3677 520 3744 tribulos
546 3693 612 3739 non
637 3676 760 3740 desinit
781 3676 981 3754 germinare.
1077 3682 1218 3757 Magnus
1240 3679 1417 3758 subregio,
1447 3680 1526 3760 quia
1549 3697 1610 3759 per
1633 3681 1834 3744 moritlcium

186 3786 226 3847 nt
240 3782 314 3845 ideo
332 3780 417 3842 6666
443 3777 567 3839 dictum
582 3774 653 3837 est
646 3796 654 3811 ·
670 3775 801 3838 Beatus
814 3777 873 3849 qui
887 3776 985 3838 tenc·
1037 3776 1126 3841 beati
1142 3777 1294 3841 silvestri
1306 3778 1340 3840 et
1350 3778 1521 3841 orationes
1536 3795 1619 3857 quas
1633 3779 1754 3842 obtulit
1765 3781 1837 3841 Deo

186 3884 234 3945 ott
248 3882 281 3945 et
296 3878 410 3943 attidet
420 3876 509 3949 111166
522 3887 604 3937 suos
617 3874 663 3935 ad
674 3888 717 3949 pe
719 3873 815 3936 trum
828 3871 898 3952 (Ps.
912 3874 981 3947 136,
1038 3891 1098 3954 pro
1113 3875 1262 3938 Ecclesia
1276 3876 1310 3937 et
1322 3875 1444 3952 populo
1466 3875 1531 3937 sibi
1554 3877 1731 3940 commisso
1754 3876 1839 3939 bea-

182 3980 233 4061 9.)
186 3980 287 4042 snt
301 3977 377 4057 quia
392 3990 459 4036 nou
473 3971 596 4034 suflicit
611 3970 740 4032 lumbos
754 3970 878 4033 babere
891 3986 982 4049 6666-
1038 3973 1177 4035 titlcavit
1191 3973 1285 4034 illum
1300 3974 1398 4034 Deus
1420 3971 1538 4034 Unde
1528 3989 1563 4032 in
1588 3972 1837 4050 6666866166-

186 4078 326 4147 cinctos,
352 4073 419 4135 nisi
444 4070 478 4133 et
500 4070 646 4130 lucernae
670 4083 808 4144 operum
834 4084 983 4131 accensae
1038 4072 1127 4136 tiae:
1153 4074 1233 4134 Non
1258 4071 1311 4133 cst
1346 4070 1508 4131 16666166
1542 4072 1667 4132 rimata
1700 4073 1749 4134 tui
1776 4075 1838 4147 put

187 4170 396 4238 habeantur·
387 4185 423 4230 m
437 4165 602 4237 manibus,
617 4164 983 4243 sicdebemusoperum
1037 4169 1261 4233 conservaret
1291 4173 1400 4245 sepem
1424 4170 1564 4231 roccus
1594 4164 1709 4247 (16611
1736 4184 1835 4243 mv,

187 4273 376 4337 nostrornm
397 4267 553 4328 lucernas
578 4262 773 4335 accendere,
795 4266 832 4326 ut
854 4279 983 4345 nequa·
1037 4265 1104 4348 20).
1121 4265 1328 4328 Sacrificium
1348 4265 1497 4327 nostrum
1515 4265 1568 4327 est
1582 4265 1696 4330 anima
1721 4268 1837 4331 nostra

187 4386 287 4452 quam
306 4383 364 4430 eas
387 4378 549 4445 ponamus
573 4361 633 4423 sub
659 4360 781 4435 modio,
809 4361 867 4424 sed
884 4378 985 4441 super
1038 4364 1181 4429 contrita
1196 4379 1296 4441 quam
1315 4361 1472 4424 debemus
1487 4379 1618 4442 semper
1631 4363 1668 4426 in
1682 4365 1839 4427 manibus

187 4461 485 4536 candelabrum,ut
497 4460 546 4522 sic
556 4458 633 4537 igne
648 4459 822 4522 charitatis
832 4460 982 4536 ardeant
1038 4463 1174 4535 babere,
1191 4464 1224 4523 et
1239 4461 1486 4523 immaculatam
1498 4464 1565 4524 Deo
1585 4462 1718 4524 offerre.
1740 4462 1838 4526 Unde

186 4572 224 4633 nt
248 4580 350 4647 opera
378 4560 492 4669 nostra
514 4557 648 4623 luceant
678 4557 830 4620 omnibus
857 4558 914 4637 qui
947 4559 984 4621 in
1038 4562 1074 4627 in
1095 4561 1244 4641 psalmo:
1257 4563 1386 4622 Alcime
1409 4575 1489 4623 mco
1514 4562 1552 4623 tn
1569 4563 1728 4623 monibus
1747 4563 1838 4623 nacta

187 4662 384 4731 domosunt
1037 4674 1177 4735 scmpcr
1189 4657 1339 4739 (Pslt8,
1352 4656 1436 4737 169).
1452 4658 1492 4720 Ε1
1507 4656 1675 4720 iterumm
1687 4658 1836 4737 psalmo

227 4769 253 4827 0
279 4763 430 4841 pastores
451 4756 574 4829 ovium,
603 4732 799 4833 operemini,
819 4754 897 4833 quia
923 4770 984 4817 re·
1038 4760 1257 4832 sacraficium
1287 4760 1359 4819 Deo
1394 4756 1541 4830 spatenis
1568 4759 1647 4819 cont
1634 4755 1836 4830 Mansuetus

186 4856 540 4941 gnumDeinonestin
556 4868 722 4927 sermone,
739 4852 820 4914 sed
811 4869 847 4914 m
861 4854 984 4916 virtute
1038 4870 1100 4919 cor
1119 4855 1309 4918 corctrttum
1333 4855 1368 4916 ct
1392 4855 1622 4927 inmutatum,
1638 4857 1744 4928 Deus,
1765 4870 1837 4917 noca

188 4974 336 5038 operum.
353 4952 552 5032 operemini,
565 4951 768 5030 quiaomnes
782 4950 985 5013 adstabimus
1039 4956 1205 5027 despicies
1219 4950 1290 5031 (Ps.
1308 4953 1358 5025 56,
1380 4950 1444 5031 18).
1461 4951 1617 5028 Legimus
1633 4953 1733 5015 etiam
1747 4952 1836 5031 guod

188 5059 265 5122 ante
279 5052 427 5118 tribunal
442 5050 577 5123 Christi,
591 5051 628 5112 ut
641 5048 784 5127 recipiat
804 5048 986 5127 unusquis·
1040 5049 1105 5110 tria
1128 5050 1205 5110 sunt
1227 5062 1351 5124 genera
1374 5047 1597 5110 sacrificandi.
1619 5048 1758 5121 Quidam
1780 5064 1839 5110 sa·

188 5173 252 5237 que
272 5140 460 5217 'secundum
486 5164 582 5209 suum
606 5146 765 5209 laborem.
781 5146 983 5224 Operemini,
1039 5147 1192 5210 criticant
1203 5146 1239 5208 in
1254 5161 1367 5220 carne,
1380 5144 1514 5224 quidam
1526 5146 1562 5206 in
1579 5146 1691 5220 corde,
1702 5146 1837 5224 quidam

190 5256 267 5337 quia
282 5253 318 5316 in
333 5249 421 5312 labio
432 5262 525 5309 aeneo
535 5245 631 5306 erant
645 5243 782 5321 specula
795 5245 983 5320 mulierum,
1039 5245 1075 5308 in
1088 5259 1208 5324 opere.
1227 5243 1280 5307 llli
1299 5242 1493 5306 sacrificant
1503 5242 1539 5305 in
1559 5259 1660 5306 carne
1681 5244 1738 5322 qui
1752 5260 1837 5322 quo-

188 5357 222 5419 et
233 5355 268 5415 in
281 5349 370 5413 labio
386 5341 614 5424 praedicatoris
629 5340 726 5403 debet
743 5356 818 5405 esse
830 5343 987 5420 splendor
1039 5343 1121 5408 tidie
1149 5341 1347 5419 crucifigunt
1380 5356 1521 5418 corpora
1551 5357 1612 5404 sua
1640 5359 1715 5404 cum
1744 5341 1838 5403 vitiis

189 5446 404 5533 operationis.
418 5438 619 5519 Operemini,
635 5438 714 5517 quia
735 5453 802 5501 non
816 5441 985 5504 auditores
1040 5443 1073 5504 et
1098 5439 1390 5518 concupiscentiis,
1419 5439 1505 5502 sicut
1529 5439 1610 5503 dicit
1633 5439 1836 5517 Apostolus:

189 5550 286 5627 logis,
310 5543 366 5604 sed
390 5540 533 5602 ractores
548 5536 634 5617 justi
655 5537 734 5600 sunt
756 5538 844 5615 apud
868 5540 983 5602 Deum.
1039 5558 1058 5602 a
1079 5538 1277 5602 Mortificate
1291 5553 1426 5602 carnem
1440 5539 1588 5602 vestram
1608 5555 1685 5601 cum
1699 5539 1790 5601 vitiis
1804 5541 1838 5600 et

190 5639 378 5728 operemini
400 5638 478 5702 dum
499 5636 651 5709 (1166661,
679 5635 758 5714 quria
783 5636 894 5702 veniet
917 5654 986 5701 nox
1039 5636 1359 5717 «concupiscentiis
1387 5653 1430 5701 66
1452 5636 1641 5700 dominetur
1665 5637 1837 5715 peccatum
