3946 6196
210 243 269 305 379
835 244 1012 307 HONORII
1033 246 1078 307 111
1100 246 1247 308 OPERA.
1807 253 1867 313 380

211 417 285 481 quae
299 403 601 481 impraesentiarum
626 402 874 467 rationabiliter
900 406 1011 482 possi·
1064 407 1154 485 rupit
1167 407 1438 485 praesumptionis
1459 406 1649 481 audaciam,
1666 408 1756 487 quod
1776 409 1868 473 litte-

212 501 310 573 detis,
322 503 380 564 aut
393 501 429 563 in
444 501 592 564 futurum
599 502 699 580 justis
710 502 816 564 modis
828 504 1010 581 praestante
1064 520 1120 567 ras
1138 505 1287 583 ejusdem
1307 505 1562 583 praedecessoris
1581 508 1688 569 nostri
1710 507 1868 570 obtentas

213 600 352 662 Domino
367 600 518 677 poteritis
530 599 682 677 adipisci,
699 600 761 663 sub
773 601 861 664 beati
872 602 963 664 Petri
978 602 1011 664 et
1065 619 1166 681 super
1180 604 1386 666 correctione
1402 604 1554 667 ecclesiae
1575 607 1607 666 S.
1624 605 1869 683 1111111110-

213 700 327 760 1131111
342 698 544 775 protectione
567 698 765 776 suscipimus
789 700 823 761 ct
837 700 1011 777 praesentis
1065 702 1147 780 priis
1162 701 1315 763 manibus
1326 717 1393 764 non
1406 703 1457 764 est
1468 702 1594 765 veritus
1606 704 1811 777 cancellare,
1828 721 1869 767 ac

214 796 328 872 scripti
342 795 528 873 patrocinio
541 798 793 870 communimus,
812 798 1011 861 auctoritato
1065 801 1305 863 correctionem
1320 800 1425 878 ipsius
1441 801 1593 862 ecclesiae
1613 802 1654 863 de
1673 802 1868 879 apostolico

212 893 308 956 vobis
331 894 545 970 praesentium
573 895 798 972 indulgentes,
824 897 911 975 quod
935 912 1011 958 cum
1065 897 1251 960 faciendam
1264 898 1418 960 mandato
1429 900 1546 976 primo,
1559 899 1705 961 30111110
1717 900 1753 961 et
1766 899 1867 961 tertio

213 991 370 1067 generale
403 992 615 1055 interdictum
645 994 744 1057 terrae
771 993 883 1067 luerit,
912 994 1013 1056 liceat
1067 996 1249 1073 impedivit,
1265 997 1299 1058 et
1312 997 1413 1058 etiam
1428 996 1603 1075 quemdam
1618 998 1791 1059 hominem
1806 1012 1867 1059 ca-

214 1088 309 1151 vebis
324 1089 448 1151 clausis
459 1091 584 1169 januis,
597 1107 664 1153 nou
676 1092 815 1170 pulsatis
826 1092 1010 1170 campanis,
1066 1094 1163 1172 pituli
1176 1093 1324 1172 ejusdem
1340 1095 1491 1157 ecclesias
1507 1110 1567 1172 pro
1585 1110 1637 1167 eo,
1654 1095 1744 1172 quod
1759 1112 1866 1173 quos·

214 1187 362 1249 exclusis
373 1190 668 1252 excommunicatis
681 1190 714 1253 et
728 1190 924 1263 interdictis,
938 1207 1014 1268 sup·
1067 1192 1142 1254 dam
1158 1192 1199 1254 de
1213 1193 1358 1270 capitulo
1374 1193 1564 1254 laborantes
1581 1209 1641 1270 pro
1658 1193 1868 1255 correctione

214 1300 331 1365 pressa
345 1302 436 1359 voce,
454 1286 566 1350 divina
581 1287 692 1350 cilicia
715 1288 896 1351 celebrare.
922 1289 1014 1351 Nulli
1067 1289 1226 1368 praedicta
1239 1292 1412 1368 receperat
1429 1291 1463 1352 in
1483 1290 1674 1368 hospitium,
1691 1289 1866 1354 111111111-

216 1400 296 1461 ergo
309 1384 443 1446 omnino
456 1384 628 1446 hominum
641 1386 741 1448 liceat
754 1386 841 1448 nanc
855 1386 1014 1465 pagiuam
1068 1388 1138 1451 ceri
1150 1388 1345 1466 mancipari,
1357 1388 1533 1450 Kelledeos
1548 1404 1677 1466 quoque
1693 1389 1735 1448 de
1748 1391 1782 1450 S.
1796 1392 1868 1450 An-

215 1483 339 1544 uostrae
356 1483 570 1559 protectionis
594 1485 627 1545 et
647 1484 873 1547 concessionis
890 1484 1016 1546 inirin·
1069 1485 1148 1546 drea
1166 1483 1209 1546 ab
1228 1484 1462 1546 executoribus
1482 1500 1502 1545 a
1521 1482 1660 1561 praelato
1680 1484 1870 1561 praedeces-

216 1594 307 1657 gere,
334 1580 390 1641 rel
415 1581 447 1641 et
469 1596 554 1642 ausu
572 1583 751 1644 temerario
775 1583 952 1645 contraire.
979 1581 1015 1643 Si
1069 1597 1145 1643 sore
1176 1582 1290 1644 nostro
1321 1582 1503 1653 concessis,
1536 1580 1690 1657 exigente
1712 1581 1863 1658 justitia,

217 1679 291 1756 puis
307 1680 417 1741 autem
433 1678 497 1740 hoc
515 1680 678 1742 attentare
693 1680 953 1759 praesumpserit,
967 1680 1015 1741 in·
1069 1680 1204 1741 viuculo
1231 1678 1585 1742 excommunicationis
1611 1678 1767 1741 astrictos
1794 1680 1867 1757 post

219 1775 445 1851 dignationem
460 1778 695 1855 omnipotentis
716 1778 777 1840 Dei
797 1779 830 1841 et
844 1778 1016 1841 beatorum
1069 1778 1325 1855 appellationem
1344 1778 1385 1840 ad
1403 1778 1523 1840 sedem
1541 1776 1767 1854 apostolicam
1778 1777 1868 1853 legi-

218 1874 309 1935 Petri
326 1874 359 1935 et
382 1875 490 1948 Pauli,
506 1876 739 1952 Apostolorum
753 1878 838 1954 eJus,
854 1892 891 1937 se
913 1890 1017 1937 nove-
1069 1878 1149 1940 time
1160 1876 1390 1953 interpositam
1403 1875 1613 1954 praesumpsit
1624 1874 1813 1947 absolvere,
1829 1891 1867 1938 ac

217 1970 261 2032 rit
283 1971 507 2033 incursurum.
528 1973 648 2035 Datum
674 1974 842 2045 Laterani,
872 1975 917 2035 VI
945 1973 1014 2036 tal.
1069 1974 1870 2053 111103111111111111111103111010111101011

218 2067 309 2139 maii,
325 2069 537 2145 pontificatus
550 2070 656 2133 nostri
670 2086 759 2133 anno
774 2071 894 2149 primo.
1071 2073 1252 2149 legitimam
1280 2072 1635 2134 excommunicationis
1667 2071 1869 2133 sententiam

1071 2170 1294 2248 promulgare,
1317 2173 1351 2233 et
1371 2187 1437 2232 non
1460 2170 1567 2232 solum
1590 2168 1869 2247 appellationibus

553 2283 680 2371 GCCX
1071 2269 1315 2331 rationabiliter
1328 2269 1369 2329 ad
1386 2268 1504 2331 Sedem
1518 2267 1743 2345 apostolicam
1758 2266 1866 2344 impo-

1071 2366 1144 2427 sitis
1162 2365 1293 2429 delerre
1307 2367 1514 2443 contempsit,
1532 2365 1589 2427 sed
1611 2367 1645 2427 et
1658 2365 1868 2442 appellantes

216 2496 269 2556 Aa
290 2497 502 2571 episcopum,
523 2498 735 2575 „2429ssng
751 2500 784 2560 J·
807 2501 849 2561 de
870 2502 1017 2563 Hedum,
1071 2463 1424 2527 excommunicationis
1440 2479 1597 2526 mucrone
1616 2463 1779 2541 percellit
1793 2462 1869 2524 Vil-

255 2593 290 2655 et
316 2595 351 2656 s,
387 2596 429 2656 αθ
463 2598 625 2658 undem
649 2600 832 2659 canonicos
859 2601 1015 2662 Dum„
1071 2564 1138 2626 lam
1158 2563 1296 2640 insuper
1315 2563 1356 2624 de
1380 2562 1601 2624 Glerkentono
1622 2560 1664 2621 ad
1686 2561 1871 2638 capitulum

258 2693 391 2754 denses,
951 2710 955 2717 .
1071 2661 1289 2739 pertinentem
1313 2659 1664 2738 postappellatiouem
1688 2658 1871 2720 adsedem

1072 2759 1296 2837 apostolicam
1311 2759 1458 2835 legitime
1474 2758 1705 2834 interpositam
1720 2772 1869 2833 occupa-

516 2834 551 2893 ²⁷
566 2849 627 2908 ³⁹¹·
645 2836 723 2894 ¹²¹⁷·
1071 2858 1134 2930 vit,
1158 2857 1223 2935 ipsi
1242 2856 1400 2935 capitulo,
1421 2858 1458 2917 111
1479 2855 1512 2916 id
1531 2854 1606 2916 ilari
1626 2855 1868 2931 permitterent,

305 2964 434 3030 fluctuor,
448 2967 613 3018 monumenta
627 2967 765 3031 11111111,
778 2983 803 3034 p.
816 2968 841 3028 a,
854 2985 880 3021 n.
892 2970 929 3033 1.]
1072 2956 1329 3034 promissionem
1343 2953 1470 3015 iaciens
1486 2953 1569 3015 vitio
1583 2952 1776 3013 simoniacae
1794 2967 1873 3027 pra·

467 3117 473 3129 ,
516 3118 522 3130 ,
1071 3054 1185 3115 vitatis
1204 3051 1372 3125 iniectam,
1394 3068 1459 3130 quo
1473 3050 1704 3128 multipliciter
1723 3050 1873 3111 noscitur

224 3116 829 3191 1111311131111113111111111131111111111
843 3122 966 3195 iisque
983 3122 1018 3181 ab

258 3206 394 3278 episcopo
409 3206 438 3263 S.
453 3205 575 3264 Andree
585 3221 736 3281 perperam
751 3216 814 3268 acta
832 3210 951 3283 luerint,
971 3214 1015 3270 iu·

260 3293 383 3365 quirunt.

1072 3152 1221 3215 irretitus
1236 3167 1244 3212 τ
1259 3165 1388 3212 aecum
1404 3150 1492 3212 esset
1505 3149 1681 3227 episcopus
1694 3147 1873 3209 Glascuen·

1072 3250 1134 3323 sis,
1158 3250 1336 3327 1111111111
1360 3248 1465 3326 ipsius
1491 3246 1670 3324 appellatio
1697 3246 1786 3307 esset
1811 3260 1875 3322 per

1074 3349 1192 3410 Sedem
1202 3346 1425 3424 Apostolicam
1435 3344 1628 3423 approbata,
1646 3344 1687 3404 ad
1700 3342 1876 3420 praeiatam

259 3441 428 3502 Honorius
438 3442 623 3520 episcopus,
633 3444 922 3509 venerabiliiratri
934 3448 1019 3527 epis·
1073 3446 1249 3508 ecclesiam
1270 3447 1304 3507 S.
1327 3443 1468 3506 Andreae
1492 3458 1529 3504 se
1549 3441 1735 3513 transtulit,
1759 3441 1792 3503 et
1814 3439 1876 3501 ad-

221 3554 314 3616 copo,
327 3540 361 3600 et
374 3538 503 3602 dilectis
517 3540 595 3602 tiliis
608 3542 768 3617 magistro
783 3546 808 3606 Ι.
826 3545 866 3606 de
878 3547 1017 3609 Heduno
1072 3543 1312 3605 ministrationi
1331 3543 1400 3605 tam
1422 3540 1645 3619 spiritualium
1668 3555 1769 3618 quam
1788 3539 1877 3600 tem·

221 3639 255 3697 et
269 3639 302 3697 s.
315 3636 355 3699 de
366 3637 523 3701 Lindasia
532 3639 703 3702 canonicis
714 3641 1015 3718 Dunkeldensibus,
1072 3641 1239 3719 poralium
1269 3641 1394 3703 temere
1426 3654 1462 3700 se
1494 3637 1704 3710 immiscens,
1735 3635 1873 3697 sabbato

222 3733 374 3802 salutem.
1072 3743 1215 3818 quatuor
1231 3739 1416 3815 temporum
1432 3737 1467 3798 11
1484 3735 1680 3813 septembre,
1703 3749 1779 3796 cum
1798 3735 1878 3810 ejus

262 3832 409 3894 Dilectus
424 3832 513 3894 itlius
529 3834 699 3898 Eustatius
712 3838 892 3901 canonicus
910 3840 1017 3903 sancti
1072 3836 1251 3915 postulatio
1280 3834 1479 3914 praecedenti
1509 3835 1628 3911 quarta
1658 3832 1744 3895 teria
1773 3830 1876 3892 luerit

221 3929 363 3992 Andreae
378 3930 419 3992 de
435 3932 546 3994 scotia
561 3932 597 3993 in
611 3934 724 3995 nostra
739 3937 918 4012 presentia
932 3953 1017 4000 cou-
1072 3934 1251 4003 celebrata,
1265 3935 1302 3996 in
1316 3933 1433 3996 eadem
1448 3932 1593 3993 ecclesia
1607 3933 1644 3993 ut
1658 3930 1765 4008 ipsius
1781 3929 1877 4007 epis-

222 4028 357 4091 stitutus
367 4027 462 4090 nobis
472 4028 698 4093 denuntiando
708 4035 916 4104 monstravit,
931 4035 1018 4113 quod
1072 4049 1174 4111 copus
1205 4033 1339 4094 ordines
1372 4030 1563 4092 celebravit.
1601 4028 1748 4090 Litteras
1778 4028 1880 4089 etiam

223 4141 298 4186 cum
329 4125 531 4187 venerabilis
563 4125 668 4190 irater
700 4131 813 4192 noster
843 4132 1018 4210 episcopus
1071 4131 1279 4209 apostolicas
1293 4129 1401 4191 eidem
1416 4128 1450 4190 et
1466 4127 1543 4189 aliis
1563 4127 1708 4188 directas
1723 4128 1879 4187 contem·

223 4222 328 4282 sancti
347 4220 487 4283 Andreae
502 4222 543 4283 de
558 4224 713 4286 mandato
731 4226 827 4289 bouae
849 4232 1018 4294 memoriae
1072 4246 1167 4301 nens,
1179 4227 1400 4290 obedientiam
1411 4230 1445 4289 et
1452 4225 1673 4287 reverentiam
1683 4223 1764 4285 Sodi
1772 4226 1875 4299 Apos-

223 4319 248 4378 1.
266 4320 364 4394 Papae
381 4318 636 4395 praedecessoris
655 4323 761 4384 nostri
776 4326 1018 4389 cathanensem
1071 4327 1181 4390 tolicae
1198 4325 1343 4388 debitam
1355 4340 1421 4386 non
1438 4322 1607 4401 impendit,
1624 4338 1667 4383 ex
1681 4337 1722 4382 eo
1735 4336 1874 4383 sumens

223 4415 413 4492 episcopum
433 4419 653 4489 consecrarit,
669 4420 702 4482 et
715 4421 784 4494 ille,
803 4424 902 4501 prout
920 4427 1018 4487 tene·
1073 4423 1481 4501 audaciamdeliuquendi,
1494 4420 1591 4498 quod,
1603 4420 1639 4481 ut
1652 4418 1789 4497 publice
1803 4434 1876 4497 pro·

222 4512 331 4585 batur,
350 4514 486 4590 paratus
503 4514 603 4578 luerit
623 4516 781 4581 exhibere
796 4521 846 4581 illi
868 4524 1018 4599 praedicti
1073 4520 1227 4593 testatur,
1240 4518 1352 4580 nullus
1364 4518 1400 4578 11
1412 4532 1515 4593 regno
1530 4516 1649 4577 Scotiae
1664 4514 1784 4576 contra
1801 4530 1876 4576 eum

222 4610 477 4691 praedecessoris
501 4613 607 4675 nostri
631 4617 765 4678 nomine
789 4618 959 4683 fidelitatis
987 4624 1021 4685 et
1074 4617 1198 4695 aliquid
1214 4617 1335 4679 audeat
1354 4615 1527 4678 attentare.
1551 4614 1589 4674 Et
1608 4612 1687 4673 licet
1706 4611 1800 4673 idem
1821 4627 1878 4673 ca-

223 4708 419 4772 obedientiae
436 4712 675 4787 jurameutum,
700 4714 788 4777 idem
815 4734 882 4779 non
912 4720 1019 4781 solum
1074 4717 1214 4779 nonicus
1233 4716 1300 4777 tam
1315 4728 1375 4792 per
1391 4728 1443 4785 se,
1464 4728 1563 4790 quam
1585 4726 1645 4788 per
1662 4709 1877 4771 venerabiles

224 4807 307 4868 illud
331 4808 482 4886 recipere
505 4812 690 4883 recusavit,
714 4829 830 4875 verum
853 4817 953 4878 etiam
978 4819 1020 4881 ad
1074 4815 1194 4876 iratres
1213 4814 1343 4874 nostros
1366 4811 1602 4873 (tlascuensem
1622 4810 1655 4869 et
1676 4808 1876 4869 Moravien-

225 4904 343 4965 Sedem
368 4907 592 4983 apostolicam
618 4911 831 4988 appellando,
862 4930 904 4976 ne
923 4918 1022 4993 jura·
1075 4928 1144 4974 sem
1172 4911 1362 4989 episcopos,
1391 4910 1425 4971 et
1450 4907 1625 4983 religiosos
1651 4905 1737 4967 alios
1768 4905 1877 4984 ipsum

224 5002 372 5062 mentum
400 5003 482 5065 illud
505 5007 699 5082 praestaret,
727 5011 858 5087 penitus
882 5014 1019 5075 contra-
1075 5010 1202 5087 pluries
1230 5008 1405 5070 caritative
1435 5004 1617 5077 monuerit,
1644 5004 1680 5065 ut
1707 5019 1814 5080 super
1835 5003 1877 5063 iis

224 5099 319 5161 dixit.
350 5100 518 5163 Praeterea
549 5104 698 5167 mandati
724 5109 906 5184 apostolici
938 5111 1020 5173 dues
1075 5109 1110 5170 et
1132 5107 1209 5169 aliis
1228 5104 1421 5168 excessibus
1441 5102 1624 5178 corrigeret
1644 5101 1875 5177 semetipsum,

224 5196 407 5270 excedens,
431 5201 470 5259 Α.
499 5201 531 5261 et
551 5203 593 5261 Η.
618 5203 660 5263 ad
684 5204 963 5270 Dumblanensem
989 5211 1023 5271 et
1075 5206 1162 5268 idem
1183 5204 1216 5265 id
1237 5203 1370 5265 allicere
1388 5219 1454 5263 uon
1474 5200 1616 5264 curarit.
1639 5201 1748 5270 Quum
1772 5198 1880 5273 igitur

223 5295 464 5357 Brekinensem
479 5298 638 5360 ecclesias
655 5301 847 5377 electorum,
862 5306 941 5368 licet
955 5308 1023 5369 sint
1076 5303 1159 5375 haec,
1176 5302 1205 5363 si
1219 5316 1299 5363 vera
1315 5301 1391 5371 sint,
1406 5316 1473 5361 non
1488 5297 1667 5360 debeamus
1691 5296 1881 5356 conniven-

225 5392 286 5453 ttlii
301 5394 520 5467 sacerdotum,
535 5396 730 5461 electionem
743 5400 867 5480 absque
881 5405 1023 5481 aposto-
1076 5400 1165 5464 tibus
1181 5399 1287 5461 oculis
1302 5398 1516 5476 pertransire,
1539 5393 1736 5456 discretioni
1758 5394 1880 5453 vestrae

228 5488 301 5551 licae
317 5492 412 5553 Sedis
430 5493 679 5572 dispensatione
697 5499 911 5574 confirmans,
931 5502 1022 5580 ipsos
1078 5514 1138 5576 per
1150 5496 1343 5575 apostolica
1358 5495 1483 5572 scripta
1498 5490 1723 5571 praecipiendo
1739 5489 1882 5551 manda-

230 5583 264 5643 in
279 5587 451 5665 episcopos
465 5594 682 5671 consecrarit,
701 5596 734 5658 et
748 5595 783 5657 in
795 5598 1024 5677 1111111111-
1078 5612 1162 5670 mus,
1180 5596 1343 5673 quatenus
1365 5591 1591 5671 suprafatam
1615 5587 1793 5652 ecclesiam
1818 5584 1880 5648 ‘ac-
