3968 6204
117 341 175 404 ns
578 336 706 398 111.-
726 330 981 399 1111110111
1003 338 1152 399 0111111
1174 301 1312 402 esrai.
1712 345 1771 409 110

116 502 213 566 etiam
238 497 378 576 peccata
405 513 469 560 sua
499 512 573 578 quse
604 496 697 575 prius
725 497 919 576 ignoranter
974 498 1064 560 enim
1088 498 1220 578 quando
1246 497 1318 561 haec
1346 499 1449 574 dixit,
1483 499 1659 567 trinomius
1685 506 1768 568 erat.

117 596 339 669 commiserat,
366 612 611 674 recognoscere
629 596 779 676 incipiat,
804 597 919 660 dicens
973 595 1085 659 Primo
1100 596 1188 658 enim
1200 595 1772 678 10011111111811101,(1101111101-

116 714 187 760 cnm
219 695 393 774 Propheta
418 716 427 756 a
455 695 681 771 inanitatem
710 711 825 759 mecm
857 711 919 774 ego
973 695 1122 772 pretatur
1142 694 1310 757 obediens.
1328 695 1480 759 Secundo
1495 699 1667 771 Dertona,
1684 699 1772 763 idest

116 808 260 873 01110100
282 794 317 855 et
336 795 500 856 delictum
516 808 634 857 mcum
651 794 774 856 contra
791 793 920 856 meost
973 792 1062 854 iilius
1093 793 1268 866 columbae,
1300 793 1386 856 idest
1413 793 1621 857 humilitatis.
1658 798 1771 861 ‘lertio

115 908 254 967 semper
268 891 343 971 (Ρο.
359 892 411 962 50,
427 891 472 973 4).
974 892 1092 954 Petrus
1105 890 1161 971 1111
1176 891 1414 970 interpretatur
1434 892 1560 954 firmus.
1582 893 1696 957 slmon
1711 896 1769 957 in-

153 989 251 1053 Unde
265 990 442 1052 sciendum
459 988 610 1069 estquod
627 990 805 1068 antequam
820 990 919 1052 homo
972 989 1173 1066 terpretatur
1187 987 1357 1061 obediens,
1382 990 1416 1051 et
1433 989 1510 1069 quid
1524 990 1567 1053 sit
1581 990 1771 1057 obedientia
1884 978 1888 989 ¹

118 1087 291 1161 moriatur,
313 1103 424 1151 sermo
439 1087 572 1150 divinus
595 1090 647 1150 est
669 1104 744 1150 cum
759 1102 811 1162 eo,
836 1102 921 1166 quo-
973 1087 1006 1149 et
1020 1085 1135 1165 quanti
1147 1085 1257 1150 meriti
1273 1087 1326 1161 sit,
1345 1088 1462 1149 Petrus
1477 1089 1510 1151 et
1522 1089 1672 1153 Andreas
1686 1091 1772 1154 indi·

115 1185 205 1248 niam
229 1186 265 1248 et
286 1200 309 1247 a
336 1200 489 1247 sermone
513 1184 627 1249 divino
651 1186 759 1264 potest
783 1185 916 1259 instrui,
973 1186 1060 1246 cant.
1081 1184 1437 1264 Continuo-postquam
1455 1188 1552 1249 lesus
1576 1187 1683 1250 dixit:
1704 1194 1770 1253 Ve-

115 1284 147 1347 et
165 1299 228 1361 por
252 1299 444 1347 sermonem
470 1283 620 1347 divinum
643 1284 729 1346 alios
753 1284 919 1347 instruere
973 1284 1045 1345 nite
1053 1282 1135 1357 post
1154 1298 1221 1357 me,
1242 1283 1315 1345 sine
1330 1300 1434 1357 mora,
1457 1284 1582 1349 relictis
1597 1287 1723 1350 retibus
1738 1289 1772 1350 et

116 1383 236 1461 potest,
270 1381 359 1459 quod
396 1384 472 1460 post
501 1383 642 1444 mortem
674 1382 811 1469 minime
845 1382 918 1445 11011
973 1380 1050 1443 navi
1075 1380 1433 1445 secutisunteum.Et
1451 1382 1626 1461 sicutipse
1644 1387 1772 1466 recepit

116 1480 233 1557 potest
260 1480 327 1540 llic
350 1481 402 1543 est
429 1495 508 1556 ergo
535 1480 594 1543 ille
618 1480 759 1557 angelus
784 1480 826 1544 de
854 1498 918 1559 quo
974 1477 1112 1539 mortem
1131 1477 1168 1539 in
1182 1493 1281 1540 cruce
1295 1494 1355 1556 pro
1370 1478 1430 1552 eis,
1447 1480 1494 1542 ita
1509 1480 1543 1542 et
1563 1480 1627 1558 ipsi
1646 1497 1707 1559 pro
1721 1482 1771 1544 eis

116 1576 196 1639 dicit
217 1576 370 1639 Ecclesia
387 1578 497 1651 :Quia
517 1578 609 1640 misit
630 1579 790 1643 Dominus
813 1595 920 1656 ange·
973 1576 1170 1653 receperunt
1183 1575 1333 1637 eamdem
1348 1576 1499 1639 mortem.
1791 1631 1794 1637 ,

118 1673 189 1734 lum
202 1691 307 1735 sunni.
335 1674 401 1735 Sed
416 1677 503 1737 Deus
527 1675 627 1737 Pater
649 1675 805 1752 angelum
822 1693 918 1738 sunm
1013 1673 1107 1735 Unde
1122 1671 1220 1735 datur
1240 1674 1428 1752 exemplum
1443 1676 1489 1747 nt,
1511 1675 1541 1736 si
1555 1677 1687 1754 quando
1701 1677 1770 1739 ali-

118 1772 216 1844 misit,
237 1787 305 1833 non
322 1772 514 1849 quemlibet,
536 1772 594 1834 sed
610 1789 718 1847 suum,
740 1774 837 1843 idest,
862 1774 920 1835 Fi·
973 1771 1047 1851 quis
1062 1771 1220 1849 praelatus
1234 1772 1387 1849 praecipit
1400 1771 1531 1835 subdito
1543 1789 1603 1835 suo
1625 1773 1666 1836 de
1681 1776 1771 1837 omni

117 1868 195 1930 lium
208 1868 274 1931 sibi
289 1870 620 1943 consubstantialem,
635 1887 703 1933 non
714 1870 916 1949 adoptatum,
972 1866 1079 1943 gradu
1099 1868 1134 1928 et
1156 1866 1196 1928 de
1216 1866 1306 1928 omni
1320 1866 1448 1940 ordine,
1465 1867 1577 1930 statim
1593 1867 1666 1929 sine
1681 1869 1772 1931 omni

118 1968 149 2029 et
162 1965 319 2030 liberavit
331 1983 407 2029 eum
423 1967 464 2029 de
479 1984 580 2030 manu
592 1968 745 2030 Herodis.
973 1964 1188 2026 excusatione
1211 1980 1286 2026 cum
1311 1966 1498 2041 gratiarum
1522 1966 1653 2027 actione
1670 1956 1773 2028 ‘man-

155 2063 305 2126 Eerodes
320 2063 474 2126 diabolus
489 2067 551 2128 est.
576 2065 734 2129 Diabolus
749 2066 831 2127 duas
846 2083 920 2129 ma·
973 2061 1085 2125 datum
1100 2060 1297 2124 obedientiae
1313 2061 1410 2125 debet
1423 2062 1584 2141 recipere,
1604 2064 1682 2141 quia
1697 2080 1771 2125 me-

119 2179 177 2224 111
195 2162 310 2224 habet.
340 2165 422 2225 Duae
452 2180 570 2225 manus
591 2164 715 2227 diaboli
742 2166 819 2228 sunt
844 2165 918 2227 duae
972 2160 1038 2221 lius
1061 2161 1112 2223 est
1135 2159 1271 2221 obedire
1291 2175 1391 2238 quam
1414 2160 1616 2236 sacrificare,
1633 2163 1666 2224 et
1686 2161 1771 2224 obe-

120 2261 242 2338 species
256 2260 465 2338 iniquorum.
490 2262 633 2324 Dextera
652 2279 771 2324 manus
794 2262 920 2340 signiti-
973 2258 1098 2321 dientia
1113 2257 1210 2319 debet
1227 2274 1301 2320 esse
1318 2258 1392 2320 sine
1405 2274 1509 2321 mora.
1524 2259 1656 2321 Primus
1671 2258 1770 2323 horno

120 2357 916 2438 catillos,quihabentpotestatemtemporalem
972 2355 1167 2419 inobediens
1195 2356 1311 2430 exivit,
1336 2356 1502 2419 secundus
1531 2356 1687 2421 obediens
1711 2374 1771 2422 re-

121 2457 252 2519 sinistra
273 2455 429 2534 designat
452 2457 527 2519 illos
552 2458 608 2536 qui
631 2458 756 2521 habent
779 2459 918 2538 sapien·
972 2471 1124 2532 gressum
1139 2454 1278 2534 accepit.

120 2554 193 2615 tiam
212 2554 402 2627 carnalem,
434 2571 493 2632 per
513 2572 596 2637 quos
618 2556 737 2634 affligit
757 2556 917 2635 quosdam
1012 2556 1079 2616 Bar
1100 2555 1186 2617 Jona
1213 2552 1452 2630 interpretatur
1477 2553 1567 2614 fliius
1596 2554 1769 2618 columbae.

121 2650 158 2711 de
178 2650 341 2713 Ecclesia.
364 2651 471 2714 Aliter
491 2651 565 2715 duae
587 2669 706 2715 manus
729 2654 919 2731 significant
972 2654 1039 2713 Bar
1051 2652 1137 2715 Jona
1151 2665 1272 2712 nomen
1291 2648 1462 2712 hebraeum
1481 2652 1532 2713 est
1553 2653 1771 2730 compositum

120 2748 196 2810 duas
211 2750 406 2827 potestates,
422 2766 506 2828 quas
525 2748 625 2814 habet
638 2750 801 2813 diabolus.
826 2754 918 2816 Dex-
973 2764 1016 2811 ex
1034 2748 1165 2824 integro
1180 2747 1214 2809 et
1225 2747 1393 2824 corrupto.
1409 2746 1459 2808 Ex
1472 2747 1603 2824 integro
1620 2748 1707 2826 quod
1721 2751 1774 2811 est

120 2847 186 2908 tera
198 2846 370 2923 significat
380 2848 576 2925 potestatem
589 2849 739 2912 tentandi
755 2849 916 2928 animam;
972 2849 1049 2920 Bar,
1064 2845 1149 2907 idest
1163 2844 1267 2921 nlius,
1284 2860 1328 2905 ex
1339 2844 1495 2922 corrupto
1514 2845 1601 2922 quod
1621 2846 1673 2908 est
1685 2848 1771 2908 lona

121 2944 253 3008 sinistra
276 2944 449 3021 significat
468 2947 662 3024 potestatem
682 2948 823 3010 nocendi
842 2965 920 3011 cor·
972 2960 1032 3024 pro
1050 2945 1195 3016 loanne,
1220 2942 1306 3004 idest
1329 2941 1418 3003 iilius
1432 2942 1583 3005 loannis.
1606 2945 1674 3005 Bar
1686 2945 1772 3006 Jona

121 3041 266 3120 poribus.
283 3044 350 3105 Iste
364 3044 525 3120 Herodes,
541 3044 637 3118 idest,
654 3044 806 3108 diabolus
819 3048 920 3111 mittit
972 3042 1059 3107 idest
1077 3041 1167 3103 tilius
1190 3038 1362 3102 columbae.
1378 3040 1534 3102 colomba
1555 3041 1606 3102 est
1628 3040 1771 3119 Spiritus

121 3156 236 3203 manus
256 3156 350 3211 suas,
375 3141 472 3215 idest,
498 3142 554 3204 dat
576 3157 713 3221 operam
735 3144 772 3206 ut
792 3144 919 3222 affligat
974 3139 1114 3201 Sanctus
1133 3137 1191 3216 qui
1216 3137 1308 3199 venit
1330 3152 1430 3215 super
1449 3136 1617 3199 Christum
1637 3137 1673 3198 in
1693 3139 1773 3200 lor-

122 3239 275 3316 quosdam
293 3238 333 3300 de
348 3239 508 3312 Ecclesia,
525 3240 603 3319 quia
616 3242 811 3319 potestatem
825 3258 920 3304 exer·
972 3237 1059 3299 dane
1074 3236 1222 3297 flumine.
1242 3235 1365 3297 Beatus
1390 3234 1510 3296 Petrus
1524 3234 1587 3296 luit
1606 3234 1695 3296 iilius
1714 3251 1773 3297 co-

121 3338 182 3409 cci,
207 3338 245 3398 ui
267 3337 417 3413 flagellet
442 3337 572 3415 aliquos
595 3338 635 3401 de
659 3341 918 3418 congregatione
972 3332 1104 3420 lumbae,
1120 3334 1197 3411 quia
1214 3332 1358 3409 Spiritus
1381 3333 1521 3394 Sanctus
1541 3332 1681 3395 nutrivit
1696 3332 1774 3394 ani-

122 3433 277 3496 ideiium.
314 3433 481 3506 Quosdam
511 3436 631 3513 affligit
660 3440 769 3500 mente
797 3455 920 3515 sugge-
973 3445 1060 3491 mam
1085 3432 1168 3508 ejus,
1192 3429 1279 3491 siout
1303 3429 1405 3490 Pater
1425 3428 1530 3492 nutrit
1552 3429 1686 3491 Filium.
1710 3427 1772 3491 Vel

121 3532 219 3595 rende
242 3531 294 3594 eis
317 3548 469 3610 peccare,
494 3534 656 3612 quosdam
677 3551 758 3597 1010
780 3552 919 3614 corpore
973 3528 1094 3590 dieitur
1108 3527 1197 3589 iilius
1221 3525 1382 3589 columbae
1403 3543 1464 3605 pro
1484 3526 1589 3589 multa
1610 3527 1774 3604 simplici-

124 3629 273 3691 iaciendo
297 3645 355 3691 eos
376 3631 526 3707 gravinn
545 3631 711 3706 laborare,
737 3632 823 3696 sicut
841 3635 920 3696 lecit
972 3626 1051 3700 tate,
1066 3625 1331 3697 mansuetudine,
1348 3623 1569 3703 etpromulta
1582 3624 1770 3699 dilectione,

122 3726 179 3789 Job
200 3728 235 3789 et
257 3727 382 3789 multos
403 3728 498 3789 alios.
521 3730 562 3791 Et
584 3729 660 3791 ideo
678 3730 763 3792 bene
784 3730 916 3805 dicitur,
973 3739 1047 3802 quae
1060 3723 1095 3785 in
1110 3723 1207 3785 beato
1225 3725 1325 3784 Petro
1337 3720 1411 3784 1111.

122 3825 193 3902 quia
209 3825 302 3886 misit
322 3826 482 3887 Dominus
501 3827 657 3904 angelum
672 3844 769 3889 suum
784 3829 817 3891 et
835 3828 920 3891 lihe-
1012 3823 1078 3882 Bar
1096 3824 1192 3892 Jona,
1209 3820 1295 3881 idest
1316 3818 1405 3881 filius
1419 3818 1569 3890 ioannis,
1595 3819 1773 3896 1111111101-

22 3924 23 3929 ‘
122 3923 203 3985 mvn
217 3924 355 3985 Petrum
377 3923 417 3986 de
435 3940 535 3986 manu
549 3925 703 3999 Herodis,
726 3927 759 3989 et
773 3927 814 3988 de
828 3927 919 3989 omni
973 3918 1122 3998 pretatur
1132 3917 1242 3994 gratia
1257 3916 1329 3988 nei,
1357 3917 1390 3978 et
1403 3916 1475 3994 ipse
1490 3914 1607 3978 habuit
1627 3916 1771 3992 gratiam

22 4020 23 4023 ’
123 4021 350 4098 expectatione
362 4021 468 4099 plebis
478 4026 497 4085 J
500 4023 681 4084 ndaeorum.
697 4023 809 4086 Plebis
824 4024 915 4097 dicit,
972 4016 1033 4080 Dei
1048 4031 1148 4095 super
1159 4031 1274 4076 omnes
1289 4013 1385 4087 alios,
1401 4014 1479 4093 quia
1494 4013 1584 4076 dedit
1598 4015 1629 4076 ei
1645 4014 1772 4091 princi-

123 4133 182 4181 101
203 4119 335 4197 populi,
365 4135 433 4181 nou
458 4121 665 4194 senatorum,
693 4137 760 4184 non
787 4123 917 4199 princi·
973 4116 1086 4192 patum
1116 4115 1149 4176 et
1175 4114 1303 4176 clavem
1332 4113 1427 4190 regni
1451 4112 1621 4175 coelorum.
1650 4113 1770 4174 Petrus

122 4233 205 4293 puni.
225 4216 319 4278 Unde
333 4216 489 4279 Salomon
507 4239 514 4278 :
529 4221 738 4293 1011101111
747 4223 842 4294 paces
863 4223 919 4282 in·
973 4213 1080 4275 dictus
1101 4213 1152 4275 est
1173 4228 1193 4274 a
1214 4212 1319 4290 petra,
1342 4211 1421 4290 quia
1435 4214 1504 4272 tres
1519 4209 1772 4272 considerantur

122 4318 230 4377 ocltda
245 4313 361 4394 (Pron.
375 4331 457 4386 xxx,
471 4314 537 4395 26),
561 4316 916 4389 scilicet,Judae01-um.
973 4309 1242 4389 proprietatesin
1257 4325 1308 4383 ea,
1323 4324 1383 4388 per
1401 4324 1484 4387 quas
1502 4307 1606 4370 bonos
1621 4307 1773 4385 designat

122 4411 252 4474 iudaeus
267 4413 507 4491 interpretatur
530 4415 702 4488 confitens,
728 4416 761 4478 et
781 4415 854 4478 baec
867 4416 919 4478 est
974 4407 1220 4486 significatione
1248 4405 1435 4469 manifesta·
1469 4407 1527 4468 Est
1556 4407 1645 4467 enim
1678 4407 1772 4483 petra

123 4510 204 4572 mala
218 4511 386 4573 consessio
402 4527 475 4589 quae
495 4527 606 4588 regem
628 4513 792 4574 Herodem
814 4513 919 4575 conii-
973 4506 1091 4580 solida,
1110 4521 1242 4583 aspera,
1259 4506 1293 4566 et
1304 4503 1445 4566 aedilicio
1461 4503 1548 4581 apta.
1567 4501 1649 4575 Quia
1664 4503 1771 4564 solida

22 4614 23 4619 ’
122 4609 213 4669 tetur.
240 4610 282 4671 Et
309 4608 350 4670 de
376 4608 441 4670 hac
466 4608 675 4672 consessione
700 4609 842 4673 liberata
868 4611 920 4673 est
973 4604 1034 4674 est,
1049 4601 1440 4679 eosdesignatquivitiis
1453 4616 1520 4662 non
1535 4600 1665 4662 cedunt.
1687 4600 1770 4672 Quia

123 4706 276 4769 Ecclesia.
973 4717 1093 4780 aspera
1115 4701 1176 4773 est,
1202 4716 1259 4762 eos
1274 4699 1427 4775 designat
1440 4697 1497 4776 qui
1512 4712 1629 4774 aspere
1641 4696 1767 4759 111111.

158 4806 235 4867 Haec
250 4804 363 4867 autem
382 4806 569 4882 expectatio
589 4806 734 4868 maxime
754 4807 791 4869 in
809 4806 918 4869 tribus
973 4800 1058 4873 Quia
1071 4797 1212 4860 aedilicio
1228 4797 1304 4874 apta
1320 4796 1381 4867 est,
1396 4810 1453 4856 eos
1468 4793 1621 4870 designat
1635 4795 1692 4872 qui
1706 4795 1772 4856 rir-

126 4899 269 4962 consistit
286 4921 296 4961 z
316 4900 354 4961 in
376 4900 511 4962 1110110
533 4901 657 4972 carnis,
682 4902 717 4962 in
739 4902 918 4979 concupis·
972 4897 1097 4961 tutibus
1118 4892 1305 4973 proliciunt.
1325 4895 1443 4955 Petrus
1465 4894 1575 4954 antem
1590 4893 1680 4955 vitiis
1704 4909 1771 4955 non

127 4994 224 5056 centia
243 4994 432 5068 oculorum,
456 4994 492 5055 in
512 4995 668 5072 superbia
688 4995 777 5057 vitae.
801 4997 918 5057 carnis
973 4995 1084 5068 cessit,
1101 5007 1220 5071 aspere
1233 4992 1329 5064 vixit,
1346 4988 1524 5054 virtutibus
1538 4990 1687 5068 proiecit.
1711 4990 1773 5054 Vi-

22 5146 23 5149 ,
125 5091 286 5153 vinculum
314 5091 415 5169 ligat,
448 5093 718 5175 concupiscentia
745 5093 917 5156 oculorum
972 5094 1028 5156 tiis
1043 5109 1109 5154 non
1124 5090 1225 5156 cessit
1239 5106 1299 5169 per
1319 5089 1574 5152 delectationem
1596 5089 1772 5166 concupis-

22 5190 23 5209 ³
126 5190 321 5267 coinquinat,
336 5189 494 5267 superbia
511 5189 588 5252 vitae
603 5190 753 5253 devorat.
770 5191 917 5253 Ecclesia
973 5193 1107 5267 centiae3
1131 5205 1249 5267 aspere
1271 5189 1358 5251 vixit
1379 5203 1438 5265 per
1458 5187 1654 5264 religionem
1674 5201 1772 5246 mun-

22 5298 24 5379 j
126 5301 195 5363 ergo
205 5287 246 5349 de
258 5303 320 5349 sua
331 5287 531 5351 liberatione
541 5288 696 5350 exultans
706 5287 919 5351 dicittNuac
973 5289 1079 5364 ditiae;
1103 5287 1281 5350 virtutibus
1295 5285 1436 5364 proiecit
1456 5301 1516 5363 per
1532 5283 1770 5345 exhibitionem

125 5388 284 5456 10101010,
294 5384 376 5462 quia
386 5384 478 5446 misit
487 5385 646 5446 Dominus
655 5384 811 5460 angelum
821 5402 918 5447 suum
969 5387 1119 5467 justitiae.
1144 5388 1182 5448 Et
1203 5385 1278 5447 ideo
1301 5383 1488 5446 benedixit
1511 5380 1670 5443 Dominus
1691 5395 1700 5440 z
1721 5382 1771 5442 its

22 5560 23 5563 Ἴ
126 5482 319 5545 etliberarit
333 5497 398 5542 me.
419 5484 533 5544 Potest
546 5483 647 5545 etiam
670 5498 737 5544 vox
754 5484 819 5545 ista
842 5500 919 5561 spe-
972 5481 1582 5559 0013011111011111011011011011001
1598 5478 1771 5551 cedtltcodo

126 5580 213 5642 ciclis
226 5597 300 5644 esse
323 5580 632 5659 contemplantium,
655 5597 721 5644 non
741 5581 920 5659 cujuslibet
973 5587 1160 5648 Ecclesiam
1169 5596 1296 5649 11100111,
1312 5581 1345 5643 et
1357 5578 1469 5655 porta
1483 5578 1589 5652 inseri
1601 5589 1773 5652 1101111103-

22 5694 24 5701 ·
127 5678 175 5747 sod
198 5678 254 5767 qni
278 5677 460 5749 trinomius
482 5679 549 5752 est,
578 5682 614 5743 ut
635 5681 765 5747 Petrus
798 5681 918 5745 Petrus
973 5681 1129 5746 0010111011
1155 5683 1325 5743 adversus
1347 5691 1425 5741 cam
1448 5672 1580 5754 (Matth.
1605 5689 1674 5748 1111,
1703 5672 1768 5755 18).
