3900 6202
236 287 295 353 135

238 452 324 528 quod
341 450 539 530 quicumque
561 467 628 513 non
647 453 682 513 in
705 449 849 529 propriis
877 450 1029 527 personis

237 550 318 611 illuc
337 549 551 621 accesserint,
567 548 625 610 sed
650 548 684 610 in
703 548 774 610 suis
791 546 953 611 duntaxat
971 564 1032 610 ex-

238 648 349 724 pensis
359 648 456 724 Juxta
471 645 661 708 facultatem
671 645 705 707 et
716 645 908 723 qualitatem
924 662 1028 719 suam,
1088 660 1094 673 ·

236 744 327 805 viros
349 743 486 804 idoneos
510 743 720 816 destinarint,
735 743 776 804 de
791 743 879 804 sacri
894 758 1032 804 conces-

237 842 330 902 sione
352 840 498 913 concilii,
517 841 649 918 plenam
668 855 804 901 suorum
820 840 1029 917 peccatorum

235 938 366 1000 veniam
378 936 581 1000 obtinebunt.
589 938 707 999 Datum
713 940 826 1000 Romae
836 936 923 1015 apud
932 940 1031 999 Sano-

234 1038 305 1098 tum
318 1035 463 1107 Petrum,
477 1037 567 1097 XVII
588 1034 749 1097 kalendas
761 1034 923 1112 januarii,
945 1050 1031 1113 pon·

235 1132 380 1195 tificatus
394 1133 500 1194 nostri
519 1149 607 1194 anno
623 1132 741 1210 primo.

591 1362 678 1449 CIV

268 1587 320 1646 Art
338 1587 553 1646 Guilelmum
564 1585 772 1646 Maliensem
786 1587 992 1659 episcopum.

526 1698 558 1756 17
577 1695 640 1753 dec.
661 1696 740 1754 illo.

282 1820 331 1881 [liu
342 1817 443 1881 l’lessis,
455 1817 518 1868 liist.
534 1816 671 1877 dclleaux,
686 1823 707 1868 t.
722 1817 753 1877 11,
766 1831 792 1883 p.
807 1816 861 1877 iili,
872 1833 897 1868 n.
912 1817 980 1884 iifl.

235 1961 318 2020 Mittit
343 1960 489 2018 decretum
516 1966 548 2017 ut
572 1958 629 2018 duo
651 1973 688 2016 ex
709 1960 856 2019 mauricis
873 1958 1027 2018 lleldemis

269 2050 398 2108 ecclesia
429 2062 546 2105 suarum
578 2044 686 2105 tructus
721 2045 832 2121 integre
869 2046 1027 2121 percipiant

268 2135 496 2210 praebendarum.

272 2277 439 2342 Honorius
446 2278 632 2355 episcopus,
645 2292 761 2339 servus
772 2293 943 2342 servorum
953 2282 1023 2356 Dei,

232 2375 417 2439 venerabili
432 2374 529 2436 fratri
543 2374 777 2436 G...Meldensi
793 2376 959 2454 episcope,
975 2395 1026 2441 ea·

232 2473 335 2535 lutem
350 2474 383 2534 et
397 2471 612 2549 apostolicam
626 2470 900 2534 benedictionem.

272 2573 322 2631 Ex
336 2570 430 2648 parte
442 2570 496 2630 tua
511 2568 573 2629 luit
583 2569 788 2645 propositum
803 2586 914 2632 coram
929 2571 1024 2634 nobis

232 2667 317 2745 quod
342 2682 444 2743 quum
462 2665 497 2726 in
522 2664 683 2726 Meldensi
706 2665 847 2728 ecclesia
874 2670 1023 2745 quaedam

232 2763 275 2826 sit
296 2762 486 2824 constitutio
507 2761 602 2831 inita,
623 2764 813 2839 juramento
835 2765 970 2839 vallata,
991 2767 1026 2829 et

231 2860 428 2922 anctoritate
444 2859 750 2935 sedisapostolicae
766 2861 971 2935 confirmata,
989 2865 1026 2926 ut

230 2957 386 3019 videlicet
406 2958 478 3032 oJ‘us
497 2955 650 3016 canonici
671 2956 728 3033 qui
742 2973 802 3032 per
819 2974 880 3019 sex
893 2975 1024 3023 menses

231 3070 298 3115 non
312 3052 498 3114 resederint
516 3052 551 3111 in
564 3051 690 3124 eadem,
707 3068 842 3115 suarum
853 3055 1025 3132 priventur

231 3148 391 3211 fructibus
417 3147 680 3224 praebendarum,
696 3148 765 3210 illis
784 3150 945 3214 duntaxat
964 3169 1025 3216 ex-

231 3246 335 3324 ceptis
348 3261 430 3321 quos
439 3244 616 3306 infirmitas
628 3246 754 3323 proprii
766 3248 914 3324 corporis
927 3264 1025 3312 excu-

231 3345 332 3415 saret,
348 3342 418 3403 sive
433 3342 473 3402 ad
490 3342 608 3403 sedem
620 3343 842 3420 apostolicam
853 3346 1021 3421 accedere,

231 3440 284 3502 vel
307 3441 344 3500 in
368 3441 442 3515 ejus
465 3439 603 3502 servitio
634 3440 839 3517 contingeret
868 3442 1021 3517 detineri,

231 3552 379 3614 quosque
402 3536 682 3612 peregrinationis
703 3537 808 3611 labor,
833 3541 892 3601 aut
914 3542 1023 3603 studia

230 3633 405 3695 traherent
419 3632 624 3695 litterarum:
640 3636 802 3708 Decanus,
821 3637 854 3698 et
877 3637 936 3698 alii
948 3640 1025 3715 qui-

231 3731 307 3792 dam
323 3729 475 3792 canonici
488 3729 673 3792 Meldenses
684 3732 858 3796 occasione
868 3736 1024 3798 constitu·

229 3828 331 3890 tionis
345 3827 458 3905 hujus,
473 3827 651 3889 canonicos
663 3828 766 3892 intuo
782 3831 917 3894 servitio
932 3848 1024 3894 com·

230 3927 398 3987 morantes
430 3923 683 4001 praebendarum
720 3941 855 3988 suarum
889 3929 1023 4005 privare

231 4021 392 4083 fructibus
406 4021 604 4097 molientum
620 4021 707 4083 unde
718 4023 829 4085 tamen
844 4025 1022 4101 plurimum

229 4117 291 4180 tibi
305 4117 460 4194 expediat
473 4117 603 4195 aliquos
617 4119 854 4181 canonicorum
875 4121 1022 4199 ipsorum

229 4214 265 4273 in
275 4214 332 4275 tuo
340 4214 477 4275 servitio
488 4214 644 4284 retinere,
657 4214 753 4276 nobis
763 4216 933 4280 humiliter
942 4234 1023 4297 sup-

228 4309 361 4387 plicasti
377 4309 413 4370 ut
427 4325 527 4386 super
541 4309 603 4371 hoc
618 4311 808 4374 necessitati
818 4314 896 4384 tuae,
910 4318 1021 4394 Apos-

229 4406 337 4468 tolicae
353 4400 568 4483 dignaremur
579 4400 780 4484 provisionis
796 4408 1022 4477 moderamine

227 4503 414 4581 providere.
424 4502 579 4565 volentes
587 4503 745 4579 igitursic
753 4507 1021 4572 constitutionem

228 4602 393 4663 moderari
408 4600 610 4678 praedictam,
628 4602 664 4664 ut
675 4602 763 4664 diota
774 4605 916 4667 ecclesia
930 4606 1022 4669 truc-

225 4703 296 4761 tum
319 4698 441 4760 sentiat
458 4715 502 4761 ex
517 4698 643 4773 eadem,
659 4701 694 4762 et
711 4716 772 4777 per
785 4704 857 4779 ejus
881 4702 1020 4767 abusum

226 4796 436 4873 dispendium
448 4813 514 4858 non
536 4796 699 4871 incurras,
713 4800 927 4876 praesentium
939 4817 1022 4863 auc·

226 4893 359 4955 toritate
380 4894 602 4963 decernimus,
628 4895 666 4956 ut
690 4894 756 4957 duo
781 4911 824 4958 ex
849 4898 1019 4961 canonicis

226 4990 377 5052 ecclesia
396 4993 587 5053 memoratae
601 4992 705 5054 intuo
720 4994 856 5056 servitio
870 4996 1020 5058 existen·
1086 5048 1089 5053 .

224 5089 275 5149 tes
291 5103 427 5149 suarum
449 5088 575 5150 tructus
590 5089 718 5165 integre
733 5092 918 5168 percipiant
931 5109 1020 5170 prae-

224 5184 417 5258 bendarum,
432 5201 532 5262 quum
547 5184 701 5249 absentes
715 5187 781 5249 dici
798 5205 864 5251 non
878 5189 1019 5253 debeant

225 5284 282 5344 sed
296 5283 489 5361 praesentes,
513 5283 569 5361 qui
582 5284 691 5346 tecum
714 5300 775 5363 pro
787 5286 844 5348 tuo
859 5288 892 5348 et
912 5287 1017 5364 ipsius

120 5417 121 5421 =
224 5380 374 5442 ecclesiae
389 5380 526 5442 servitio
542 5382 798 5444 commorantur.
814 5384 933 5446 Datum
950 5387 1020 5448 Ro-

223 5470 286 5535 mae
295 5477 384 5552 apud
396 5478 428 5538 S.
439 5479 586 5551 Petrum,
596 5480 671 5542 XVI
680 5478 841 5543 kalendas
854 5482 1015 5558 januarii,

224 5571 433 5642 pontificatus
448 5574 552 5636 nostrl
563 5591 651 5637 anno
663 5576 780 5653 primo.

858 289 1034 352 HONORII
1056 291 1101 352 111
1122 293 1270 359 OPERA.

1457 462 1523 550 CV

1221 666 1275 726 Art
1286 665 1474 740 capuceum
1491 669 1731 734 Placentinum.

1374 778 1408 836 l8
1426 776 1490 839 dcc.
1511 780 1589 839 tale.

1142 898 1253 963 [Campi
1265 899 1376 951 Historia
1386 900 1412 951 dl
1423 901 1553 963 Pioeenzc,
1560 909 1580 953 t.
1591 904 1622 963 11,
1631 918 1657 970 p.
1665 905 1716 966 ³8⁸,
1731 911 1806 974 n.od].
1913 960 1914 969 ,

1084 1039 1226 1097 Henonue
1252 1040 1406 1114 capitulum
1434 1043 1629 1102 Placentinum
1655 1045 1689 1103 de
1706 1051 1766 1107 novi
1783 1053 1842 1125 epis

1306 1130 1371 1202 copi
1387 1131 1527 1190 electione
1536 1140 1643 1192 monet.

1122 1270 1288 1332 Honorius
1327 1274 1512 1352 episcopus,
1547 1291 1662 1337 servus
1698 1293 1843 1343 servomn

1082 1365 1153 1438 Dei,
1171 1365 1300 1428 dilectis
1314 1368 1393 1431 liliis
1407 1371 1551 1448 capitulo
1564 1372 1759 1449 Placentino,
1769 1377 1844 1439 salu-

1081 1462 1147 1524 tem
1159 1463 1192 1525 et
1203 1465 1420 1541 apostolicam
1433 1468 1704 1531 benedictionem.

1120 1560 1190 1621 Etsi
1200 1577 1243 1623 ex
1254 1564 1431 1640 assumptae
1450 1563 1619 1628 servitutis
1634 1566 1736 1629 oidoio
1748 1570 1845 1630 tenea

1082 1671 1156 1716 mur
1188 1657 1405 1720 ecclesiarum
1435 1661 1582 1723 omniurn
1618 1664 1844 1726 sollicitudinem

1081 1767 1197 1827 gerere
1208 1754 1553 1831 studiosam3illa1um
1563 1759 1676 1822 tamen
1690 1776 1763 1822 cura
1773 1763 1845 1823 solli·
1913 1764 1914 1767 ’

1081 1848 1147 1910 cita
1160 1851 1350 1927 specialiter
1359 1853 1455 1915 nobis
1469 1854 1642 1930 incumbit,
1659 1873 1727 1934 quae
1740 1858 1776 1918 ad
1790 1861 1845 1921 Ro-
1913 1856 1914 1891 ³

1081 1961 1212 2009 manem
1219 1948 1401 2011 Ecclesiam
1414 1951 1506 2014 nullo
1515 1953 1683 2031 pertinent
1692 1955 1843 2016 mediante.

1081 2043 1162 2105 Cum
1184 2045 1287 2122 igitur
1313 2047 1487 2110 ecclesiam
1507 2051 1668 2124 vestram,
1690 2052 1790 2129 sponsi
1804 2052 1847 2113 vi·
1913 2062 1914 2131 j

1080 2140 1214 2203 duatam
1241 2143 1360 2206 solatio
1390 2144 1432 2207 ad
1457 2147 1581 2209 nostrae
1613 2148 1723 2210 deceat
1747 2164 1847 2210 conso-
1913 2168 1914 2183 ³

1080 2238 1214 2302 lationis
1235 2239 1390 2302 solatium
1411 2243 1573 2320 aspirare,
1595 2244 1739 2306 volentes
1758 2248 1846 2322 Apos-

1079 2337 1188 2399 tolicae
1213 2338 1414 2414 provisionis
1445 2339 1618 2404 inflectere
1647 2343 1753 2404 oculos
1773 2341 1846 2402 circa

1079 2434 1197 2510 ipsam,
1225 2435 1408 2497 venerabili
1446 2436 1543 2499 tratri
1578 2441 1692 2502 nostro
1710 2438 1846 2503 laonensi

1079 2530 1328 2609 archiepiscopo
1341 2534 1463 2596 nostris
1476 2533 1593 2596 damus
1603 2535 1719 2598 litteris
1730 2538 1847 2596 inman-

1079 2626 1176 2699 datis‚
1189 2628 1225 2689 ut
1238 2644 1298 2690 vos
1308 2628 1351 2690 ad
1367 2630 1555 2706 eligendum
1571 2633 1744 2709 praesulem
1754 2630 1847 2709 provi·

1079 2724 1168 2795 dum,
1187 2725 1220 2786 et
1237 2724 1414 2787 honestum
1432 2727 1611 2803 diligenter
1623 2730 1749 2791 moneat
1764 2730 1793 2789 et
1803 2729 1847 2789 in-

1079 2821 1187 2893 ducat,
1204 2822 1238 2883 et
1250 2837 1292 2883 ne
1315 2821 1416 2899 (quod
1430 2822 1530 2903 absit)
1544 2825 1690 2904 alicujus
1703 2825 1847 2888 damnosa

1078 2917 1269 2979 ambitionis
1288 2918 1420 2980 stimulo
1436 2921 1543 2982 scindi
1554 2923 1690 2985 valeant
1702 2923 1771 2985 vota
1781 2936 1847 2982 ves·

1077 3014 1141 3086 tra,
1158 3014 1309 3076 eumdem
1322 3016 1612 3095 archiepiscopum
1626 3019 1662 3080 in
1675 3019 1775 3082 medio
1786 3032 1848 3079 ves-

1077 3112 1165 3172 trum
1184 3110 1396 3173 statuendum
1419 3111 1628 3178 decrevimus
1647 3117 1793 3195 tanquam
1802 3114 1847 3174 la·

1078 3207 1187 3285 pidem
1226 3209 1420 3285 angularem
1459 3211 1689 3276 discordantes
1723 3212 1848 3292 parietes

1078 3307 1344 3383 conjungentem.
1360 3308 1521 3379 Quocirca
1542 3309 1735 3374 discretioni
1747 3309 1847 3372 vestra

1078 3417 1137 3479 per
1145 3404 1334 3480 apostolica
1344 3404 1467 3482 scripta
1475 3406 1684 3481 mandamus,
1696 3407 1847 3487 quatenus,

1078 3516 1177 3576 quum
1186 3499 1847 3582 abipsoarolriepiscopofueritisrequisitb

1079 3596 1221 3673 Spiritus
1231 3598 1344 3660 Sancti
1354 3600 1462 3674 gratia
1476 3601 1645 3677 luvocata,
1657 3603 1697 3664 de
1706 3602 1762 3665 tali
1771 3597 1850 3663 vobis

1077 3694 1251 3770 providere
1266 3696 1397 3771 pastore
1412 3697 1517 3774 ipsius
1538 3697 1776 3777 archiepiscopi
1787 3710 1848 3757 me-

1077 3789 1189 3851 diante
1201 3790 1352 3864 consilio,
1369 3793 1539 3867 studeatis,
1550 3797 1610 3873 qui
1620 3797 1758 3874 gratiam
1767 3796 1851 3870 Apot-

1076 3886 1184 3948 tolicae
1214 3886 1321 3960 Sedis,
1342 3889 1375 3950 et
1388 3894 1537 3953 nostram
1560 3892 1695 3965 habeat,
1715 3892 1747 3953 et
1760 3888 1850 3951 eidem

1076 3984 1234 4045 Ecclesiae
1250 4000 1317 4045 non
1326 3985 1433 4047 solum
1444 3990 1720 4064 praeessevaleat‚
1730 3986 1783 4049 sed
1792 3998 1853 4062 pre

1076 4079 1182 4142 desse.
1203 4083 1276 4144 Dat.
1294 4085 1408 4145 Romae
1429 4084 1517 4161 apud
1541 4087 1702 4148 Sanctum
1722 4082 1849 4148 aeuum,

1075 4178 1134 4239 XV
1155 4177 1315 4241 kalendas
1335 4180 1496 4257 januarii,
1518 4182 1732 4260 pontificatus
1761 4174 1852 4241 nostri

1075 4288 1163 4336 anno
1179 4275 1297 4352 primo.

1431 4465 1517 4552 CVI

1074 4637 1127 4697 Act
1153 4640 1348 4714 episcopum
1371 4644 1608 4717 Taroiriuum,
1634 4643 1670 4705 et
1694 4639 1853 4703 orobiota-

1243 4749 1367 4798 conum
1403 4740 1701 4803 concordiensem.

1366 4850 1400 4907 19
1417 4848 1480 4909 dec.
1496 4851 1574 4909 1111.

1215 4960 1336 5026 [Ugbelli,
1347 4962 1424 5015 ltalia
1436 4978 1517 5027 sacra,
1534 4971 1554 5016 t.
1568 4966 1604 5029 V,
1615 4980 1643 5031 p.
1660 4964 1729 5031 8³3}

1073 5092 1199 5164 liendat,
1220 5100 1252 5153 ut
1278 5094 1394 5154 Alberto
1421 5097 1514 5157 electo
1532 5097 1739 5158 concordiensi
1757 5098 1855 5154 mnium

1108 5179 1143 5238 de
1163 5184 1392 5254 possessionibus
1412 5186 1508 5245 minus
1520 5185 1640 5245 utilibus
1663 5182 1801 5245 vendendi
1816 5177 1855 5237 tri·

1106 5267 1195 5328 buant
1208 5271 1351 5330 licentiam
1366 5282 1503 5346 mantum
1516 5273 1550 5333 ad
1562 5274 1767 5334 allevationem
1779 5265 1854 5330 debiti

1106 5358 1325 5419 macardiensis
1338 5362 1469 5421 ecclesia
1478 5361 1623 5439 expediat.

1110 5484 1278 5547 Honorius
1314 5487 1500 5567 episcopus,
1540 5503 1661 5550 servus
1696 5496 1853 5550 servorum

1070 5579 1140 5653 Dei,
1170 5581 1326 5661 episcopo
1351 5586 1536 5659 Tarvisino,
1568 5587 1604 5647 et
1630 5584 1854 5648 archidiacono
