3946 6196
197 302 257 366 387
817 300 993 365 HONORII
1014 300 1058 360 111
1080 298 1229 363 OPERA.
1778 301 1835 362 388
1961 376 1962 379 ¹

192 463 295 529 16116
319 463 361 527 ad
382 462 518 527 161166
542 461 619 525 1616
638 461 814 541 privilegio
833 462 989 524 duximus
1043 459 1106 533 rio,
1124 458 1283 523 Gauirido
1300 461 1515 538 praecentore.
1536 463 1650 525 Testes
1664 460 1765 538 nujus
1787 453 1837 523 rei
1961 508 1962 527 .

193 560 905 639 1666166166,16]66166616611611611116
928 576 990 623 no-
1043 557 1244 620 666161166
1266 560 1391 622 sanctae
1418 558 1605 632 Genorelae,
1631 560 1666 622 et
1686 559 1837 621 canonici

193 662 284 725 6166
299 662 421 723 sanctae
436 661 470 721 et
484 659 663 723 individuae
684 659 866 721 Trinitatis.
883 660 989 722 (16116
1044 655 1146 728 illius,
1171 658 1268 732 Hugo
1282 656 1481 730 ermaricus,
1504 656 1585 719 Milo
1610 655 1713 720 abbas
1732 657 1839 718 sancti

194 760 255 821 Dei
273 758 382 835 gratia
398 759 562 821 senonen.
587 756 860 834 archiepiscopus
878 756 989 823 6661-
1044 754 1188 830 Remigii
1198 754 1839 831 senonenmsgisteransellusdecan

193 857 255 919 bus
269 856 311 917 ad
326 871 409 933 quos
423 856 604 932 praesentes
625 854 743 917 littera
765 854 987 933 pervenerint,
1044 851 1193 924 cellaria,
1215 852 1377 928 oggerius
1400 852 1584 914 1611666.
1607 855 1726 916 Actum
1752 854 1840 930 apud

193 955 229 1016 in
253 954 393 1015 Domino
416 952 568 1014 salutem.
593 953 715 1015 Notum
742 952 990 1016 16111616666
1044 952 1180 1012 Fontem
1224 950 1364 1012 Blaaudi
1402 966 1492 1013 6666
1529 950 1572 1013 ab
1606 952 1840 1014 incarnatione

194 1051 362 1113 universis
388 1050 606 1128 praesentibus
634 1051 761 1129 pariter
784 1052 817 1114 61
844 1050 988 1123 tuturis,
1044 1048 1175 1110 Domini
1205 1048 1382 1110 millesimo
1416 1048 1596 1111 centesimo
1623 1050 1841 1125 nonagesimo

194 1149 280 1228 quod
295 1148 461 1210 discordia
477 1165 549 1226 quae
568 1148 641 1210 6161
661 1149 751 1211 16161
772 1165 835 1211 666
858 1150 892 1211 61
910 1148 992 1209 Ful·
1044 1146 1162 1223 61166.
1174 1163 1192 1206 »
1205 1146 1330 1208 Deinde
1351 1145 1565 1223 6161116666
1584 1147 1621 1209 61
1644 1145 1841 1235 6666616111

195 1262 311 1310 66666
336 1246 488 1308 abbatem
510 1247 616 1308 sancti
643 1246 799 1309 Germani
819 1247 860 1309 de
879 1247 990 1309 Pratis
1044 1243 1147 1305 vestri
1182 1243 1362 1305 monachos
1395 1242 1594 1321 ubicumque
1619 1244 1661 1305 de
1684 1244 1843 1305 mandato

196 1346 230 1409 et
241 1344 348 1423 ipsam
359 1345 534 1407 ecclesiam
549 1344 590 1407 de
604 1345 895 1422 procurationibus
908 1361 991 1423 quas
1044 1340 1173 1403 abbatis
1188 1340 1424 1414 habitaverint,
1439 1341 1550 1403 nullus
1573 1343 1695 1419 praeter
1712 1345 1842 1404 Roma-

195 1442 308 1506 61616
331 1443 524 1521 petebamus
552 1443 588 1504 in
612 1445 740 1515 Emant,
766 1445 799 1504 et
819 1443 988 1515 BalneoIO,
1045 1456 1123 1500 num
1138 1439 1325 1516 pontificem
1340 1438 1393 1502 161
1414 1439 1559 1515 legatum
1578 1440 1620 1500 ab
1641 1443 1716 1517 eius
1733 1438 1846 1501 161616

196 1541 230 1601 61
253 1540 369 1601 666616
384 1543 548 1602 Germano
566 1540 665 1616 juxta
682 1540 931 1608 monasterium,
956 1539 991 1600 in
1045 1538 1193 1611 missum,
1219 1536 1343 1614 absque
1363 1537 1502 1615 speciali
1524 1538 1681 1600 mandato
1699 1539 1846 1616 166616-

194 1637 373 1715 praesentia
388 1636 511 1699 domini
525 1637 671 1714 Philippi
684 1638 887 1699 Francorum
899 1637 991 1712 regis
1022 1636 1119 1698 'licae
1142 1635 1246 1708 Sedis,
1275 1635 1330 1696 vel
1359 1638 1481 1712 praeter
1506 1635 1657 1697 abbatem
1677 1635 1721 1697 ad
1744 1650 1844 1714 quem

195 1733 241 1795 ita
258 1734 437 1796 terminata
448 1735 508 1796 est.
524 1737 560 1795 ln
580 1733 643 1795 hoc
664 1733 825 1811 siquidem
840 1733 990 1811 quitavi·
1045 1749 1126 1795 cura
1141 1733 1174 1795 et
1188 1733 1338 1795 custodia
1354 1749 1468 1795 eorum
1484 1734 1639 1810 pertinet,
1654 1749 1845 1795 excommu-

195 1848 269 1892 mus
288 1830 399 1893 abbati
420 1832 454 1892 et
474 1830 623 1895 ecclesiae
646 1831 753 1894 sancti
774 1832 930 1893 Germani
954 1832 991 1892 in
1045 1833 1097 1894 cet
1110 1831 1168 1893 aut
1182 1831 1369 1893 interdicat.
1385 1831 1535 1893 0166616
1547 1846 1626 1893 vero
1638 1832 1681 1903 te,
1699 1834 1778 1905 616,
1792 1848 1846 1895 ua·

195 1930 390 2006 perpetuum
411 1929 664 2007 procurationes
677 1944 761 2006 quas
777 1929 813 1990 in
823 1929 991 2006 praedictis
1045 1945 1109 2003 que
1116 1946 1127 1988 .·
1134 1927 1473 2003 eligendumslectus
1481 1928 1591 1990 66166
1602 1929 1845 1991 relaRomano

194 2026 278 2088 locis
290 2027 483 2104 petebamus
503 2026 606 2088 61616
621 2027 682 2089 tali
700 2027 808 2100 mode,
830 2028 916 2105 quod
931 2026 992 2089 ab·
1046 2025 1217 2098 Pontifice,
1232 2025 1284 2087 vel
1295 2043 1314 2087 a
1326 2042 1391 2103 quo
1405 2026 1561 2089 maluerit
1572 2027 1738 2088 catholieo
1754 2028 1848 2105 epis-

194 2123 253 2185 bas
268 2126 521 2186 etsuccessores
532 2124 584 2185 sui
593 2123 689 2186 nobis
701 2125 734 2187 61
744 2124 991 2214 successoribus
1046 2139 1128 2201 copo
1150 2139 1271 2184 munus
1299 2123 1540 2185 benedictionis
1574 2124 1728 2201 accipiat
1757 2126 1848 2186 Sane

194 2222 329 2290 nostris,
345 2222 531 2283 1611661116
541 2222 641 2284 661116
651 2222 788 2296 nuntiis,
803 2239 862 2300 pro
875 2238 992 2299 procu·
1045 2222 1213 2283 novalium
1222 2222 1419 2293 aestrorum,
1430 2223 1506 2294 etc,
1516 2238 1641 2296 usqua·
1649 2225 1844 2300 praesumat.

193 2319 379 2381 rationibus
395 2319 461 2380 illis
481 2319 620 2381 reddent
642 2320 781 2396 singulis
796 2321 895 2381 annis
917 2322 991 2382 octo
1045 2320 1234 2397 1666161166
1249 2320 1388 2397 insuper
1409 2320 1605 2381 auctoritate
1622 2320 1719 2381 16116
1743 2319 1846 2382 duxi-

194 2416 298 2478 libras
332 2417 497 2477 Parisien.
527 2416 614 2493 apud
655 2418 773 2479 Emant
810 2417 844 2477 in
874 2418 990 2479 661616
1045 2432 1118 2477 666
1133 2416 1383 2493 indulgendum,
1398 2417 1434 2479 ut
1445 2416 1533 2479 inira
1546 2417 1724 2494 parochias
1740 2418 1845 2480 eccle·

194 2513 352 2591 Paschae3
371 2514 404 2576 61
429 2513 458 2574 61
487 2514 623 2575 666161
649 2529 859 2576 successores
885 2514 991 2576 nostri
1046 2514 1227 2577 61616661
1246 2517 1317 2592 jem
1337 2515 1460 2577 dictum
1483 2515 1721 2577 monasterium
1740 2516 1846 2592 perti-

193 2611 387 2675 veniremus
402 2611 653 2674 semelinanno
668 2612 992 2685 adEmantrelBal·
1045 2612 1195 2674 nentium
1230 2613 1341 2674 nullus
1370 2612 1564 2685 oratorium,
1593 2612 1756 2690 capellam
1789 2614 1844 2675 161

193 2711 339 2783 666166,
358 2710 468 2772 16161
486 2710 601 2775 villam
624 2727 696 2789 quae
712 2710 834 2772 dicitur
857 2711 991 2773 sanctus
1045 2710 1222 2775 ecclesiam
1235 2711 1479 2780 adificare,aut
1494 2712 1722 2773 coemeterium
1731 2711 1847 2773 166616

195 2810 390 2881 Germanus,
418 2807 520 2870 abbas
550 2808 584 2870 et
606 2823 815 2870 successores
842 2809 906 2881 sui,
933 2808 992 2871 aut
1046 2808 1119 2870 6166
1134 2809 1315 2871 dioecesani
1334 2809 1483 2886 episcopi
1497 2810 1654 2871 61166116
1676 2824 1846 2871 consensu

195 2906 252 2967 ille
279 2905 336 2983 qui
360 2905 493 2967 domum
516 2904 662 2977 tenebit,
685 2906 849 2983 recipient
870 2921 930 2968 nos
959 2906 991 2968 et
1046 2905 1177 2979 audeat,
1196 2907 1263 2967 nisi
1283 2906 1368 2969 16116
1391 2906 1582 2984 Templarii,
1608 2906 1662 2968 161
1685 2906 1850 2983 11666116-

195 3019 405 3066 66666666166
422 3003 564 3076 6661166,
586 3005 620 3065 61
639 3004 790 3066 1116666
811 3004 858 3065 111
873 3019 934 3065 666
958 3006 992 3067 61
1046 3004 1277 3076 161111661161,
1300 3005 1420 3081 quibus
1444 3004 1508 3067 hoc
1525 3003 1723 3081 apostolicae
1746 3004 1845 3065 Sedis

199 3116 408 3162 successores
436 3099 542 3163 nostri
578 3101 674 3163 nocte
708 3117 775 3162 una
806 3101 991 3178 sumptibus
1046 3102 1229 3180 privilegiis
1252 3102 1415 3165 indultum
1443 3100 1547 3163 161666
1574 3101 1741 3163 66666161.
1763 3102 1846 3163 Paci

194 3198 318 3260 nostris
333 3198 490 3277 propriis,
500 3197 547 3259 116
562 3198 647 3275 quod
661 3198 718 3260 ille
729 3199 785 3276 qui
800 3199 934 3261 domum
945 3201 992 3263 te·
1046 3215 1176 3277 quoque
1197 3200 1230 3261 et
1248 3197 1482 3276 tranquillitati
1504 3199 1625 3261 1661161
1654 3198 1848 3261 Ρ661116611

195 3294 287 3358 66111
308 3310 376 3356 666
392 3293 559 3357 tenebitur
575 3294 701 3372 aliquid
718 3296 799 3358 dare
823 3296 919 3359 nobis
937 3298 990 3360 161
1045 3298 1194 3361 volentes
1222 3297 1414 3374 provisione
1441 3297 1648 3373 prospicere,
1684 3296 1847 3374 praesenti

196 3391 443 3454 successoribus
456 3393 579 3454 nostris
590 3393 912 3471 praeterbospitium,
925 3395 991 3457 nisi
1046 3395 1221 3473 privilegio
1236 3394 1392 3457 duximus
1413 3394 1635 3466 statuendum,
1658 3395 1694 3455 ut
1714 3395 1745 3456 si
1769 3394 1848 3471 quis

193 3490 257 3553 166
272 3490 312 3551 16
326 3491 437 3567 gratia
451 3491 561 3553 lacere
575 3491 729 3565 16166111,
751 3494 785 3555 61
806 3492 833 3553 61
853 3509 914 3555 666
937 3494 991 3556 161
1045 3495 1154 3556 161166
1169 3493 1285 3554 61166
1300 3491 1432 3569 dejure
1450 3492 1648 3570 spectantes,
1668 3492 1704 3553 in
1721 3491 1847 3568 quibus

194 3604 403 3651 successores
429 3588 536 3652 666111
558 3589 660 3652 66661
681 3591 807 3667 recepti
830 3590 992 3652 fuerimus
1047 3591 1232 3668 portionem
1255 3589 1398 3662 hahetis,
1421 3589 1473 3652 vel
1495 3605 1630 3667 campos
1651 3588 1848 3661 donatione,

193 3687 229 3749 in
256 3702 322 3748 uno
348 3687 583 3764 praedictorum
608 3688 768 3761 locorum,
798 3705 866 3751 666
897 3689 993 3752 1666-
1047 3690 1104 3750 661
1118 3688 1309 3753 venditione
1321 3702 1380 3748 seu
1393 3687 1540 3765 quolibet
1551 3687 1618 3749 alio
1629 3687 1850 3748 alienationis

193 3783 317 3846 166161
330 3784 485 3847 6666611
498 3785 647 3864 16616616
659 3802 720 3848 666
733 3786 804 3848 6116
814 3802 991 3849 successo·
1046 3786 1154 3859 titulo,
1171 3785 1206 3847 in
1218 3786 1320 3851 aliam
1335 3785 1511 3847 ecclesiam
1525 3785 1578 3848 161
1590 3785 1751 3861 religiosa
1772 3784 1849 3847 loca

193 3898 249 3944 166
264 3882 395 3945 nostros
415 3883 450 3944 in
467 3883 580 3961 aliquo
596 3883 735 3946 illorum
756 3884 857 3946 trium
877 3885 992 3948 eodem
1045 3884 1265 3955 transtulerit,
1282 3883 1431 3945 ecclesiis
1447 3883 1515 3943 illis
1530 3883 1582 3945 vel
1604 3882 1849 3960 1666161616-

194 3996 293 4042 anno.
308 3981 377 4043 Nos
389 3980 501 4043 autem
514 3981 653 4047 fecimus
672 3983 795 4060 quitari
810 3985 882 4060 jam
896 3984 992 4047 dictae
1048 3983 1094 4043 sis
1111 3983 1198 4045 ultra
1219 3994 1343 4045 annum
1369 3983 1402 4043 61
1426 3981 1513 4043 1166
1532 3997 1590 4043 eas
1609 3981 1683 4043 sine
1706 3996 1852 4044 assensu

195 4078 346 4140 ecclesiae
361 4079 394 4140 et
408 4078 521 4141 abbati
530 4079 740 4141 6611616166
755 4081 892 4142 decimae
906 4081 992 4143 lanae
1047 4083 1159 4143 166116
1173 4096 1240 4143 non
1255 4080 1354 4142 116661
1361 4078 1585 4150 1616616661
1596 4079 1696 4156 juxta
1705 4095 1853 4142 consue-

196 4190 216 4237 6
244 4174 447 4252 presbyteris
471 4175 528 4253 qni
553 4177 686 4238 suntin
710 4178 861 4239 ecclesiis
883 4179 992 4241 sancti
1047 4178 1197 4241 tudinem
1219 4178 1461 4255 gallicanarum
1483 4176 1702 4240 ecclesiarum
1721 4177 1851 4239 talibus

196 4271 355 4334 Germani
389 4287 449 4348 per
469 4272 791 4351 archiepiscopatum
822 4277 994 4338 senonen·
1048 4276 1200 4355 personis
1228 4276 1335 4353 pretio
1359 4290 1419 4339 seu
1439 4274 1525 4338 dono
1552 4274 1749 4348 concedant,
1775 4290 1851 4353 quae

197 4385 266 4433 sem
297 4369 480 4443 constituti,
510 4370 639 4433 scilicet
665 4373 795 4445 limant,
821 4373 992 4449 Balneolo,
1047 4374 1141 4437 16116
1157 4373 1402 4437 616666616116
1418 4374 1528 4436 166116
1541 4374 1619 4449 jura
1634 4374 1751 4434 166116
1774 4388 1852 4434 6616

195 4464 277 4526 villa
303 4479 375 4541 quae
402 4463 524 4526 dicitur
546 4467 680 4528 sanctus
697 4469 880 4529 Germanus
895 4472 993 4550 juxta
1049 4472 1239 4548 integritate
1262 4471 1463 4549 6616611661.
1489 4470 1706 4531 Decernimus
1728 4486 1849 4546 ergo...

195 4561 425 4624 musteriolum
439 4562 566 4636 Matiol,
583 4565 616 4626 et
629 4564 816 4643 presbyteri
829 4566 992 4630 dictarum
1048 4584 1155 4643 usque
1169 4586 1181 4628 .·
1195 4567 1379 4646 616161616.
1403 4568 1504 4630 Salva
1524 4566 1620 4629 Sedis
1645 4568 1850 4643 apostolicae

196 4659 414 4723 ecclesiarum
431 4661 533 4723 aliam
547 4662 756 4725 medietatem
774 4664 921 4741 ejusdem
937 4665 992 4727 de·
1049 4666 1257 4729 auctoritate.
1275 4666 1310 4727 Si
1325 4681 1390 4743 qua
1405 4665 1516 4742 igitur,
1529 4665 1605 4733 etc..
1618 4679 1728 4738 aesque
1741 4682 1754 4724 .·
1770 4664 1852 4726 661-

196 4759 291 4820 cimae
301 4754 480 4821 habebunt.
496 4759 614 4821 Nuntii
625 4763 737 4823 autem
748 4762 878 4825 abbatis
886 4764 995 4827 sancti
1045 4766 1167 4843 jaceat.
1207 4763 1341 4827 cuncus
1381 4763 1507 4835 autem,
1547 4763 1625 4834 616,
1661 4761 1850 4823 inveniant

197 4858 353 4919 Germani
372 4856 495 4921 facient
510 4858 703 4921 fidelitatem
721 4859 923 4937 presbyteris
937 4862 993 4940 qui
1048 4866 1164 4923 Amen.

195 4953 231 5014 in
253 4953 350 5015 dictis
373 4955 523 5016 ecclesiis
545 4957 652 5029 61661,
671 4958 705 5019 61
729 4957 914 5036 presbyteri
935 4975 995 5037 661
1088 4958 1206 5019 Datum
1241 4956 1408 5029 Laterani,
1438 4971 1498 5034 per
1529 4970 1663 5017 66666
1691 4954 1851 5022 Ranae-ii,

197 5051 333 5114 nuntios
354 5068 432 5113 suos
453 5054 582 5115 nuntiis
610 5053 740 5117 abbatis
764 5056 909 5118 dedicta
933 5057 994 5119 de·
1049 5058 1172 5119 sanctae
1196 5059 1354 5119 Romanae
1380 5055 1537 5118 Ecclesiae
1561 5054 1848 5124 vicecancellarii,
1961 5072 1962 5085 ¹

197 5151 284 5211 eima
308 5150 529 5212 communiter
550 5152 583 5212 et
603 5151 746 5214 fideliter
764 5154 947 5231 quaerenda
962 5156 995 5215 61
1049 5154 1147 5217 161116
1161 5154 1321 5216 kalendas
1342 5154 1435 5226 maii,
1453 5152 1635 5216 indictione
1648 5152 1777 5229 quinta,
1795 5154 1854 5213 ln-

197 5249 284 5310 16161
299 5263 336 5308 66
351 5246 539 5333 dividenda.
559 5249 650 5323 Quod
665 5265 708 5312 ne
724 5250 836 5314 161661
851 5252 994 5329 alicujus
1050 5252 1254 5314 carnationis
1273 5251 1453 5313 Dominicae
1477 5266 1566 5313 anno
1585 5250 1767 5313 millesimo
1787 5249 1852 5311 du·

198 5344 365 5407 oblivione
384 5344 500 5420 deleri,
519 5346 572 5409 161
587 5348 752 5410 malitiose
768 5350 925 5426 66116111,
948 5350 997 5411 si·
1050 5350 1230 5412 centesimo
1269 5349 1396 5411 decimo
1434 5348 1594 5424 septime,
1634 5347 1852 5424 pontificatus

197 5442 278 5519 gillo
292 5444 406 5513 nostro
420 5443 559 5506 lecimus
579 5444 613 5506 id
637 5445 838 5521 confirmari,
855 5447 997 5509 astanti·
1050 5464 1129 5511 vero
1163 5448 1289 5510 domini
1321 5446 1461 5509 Honorii
1495 5449 1595 5523 Papae
1630 5445 1725 5507 tertii
1759 5460 1852 5507 anno

197 5536 259 5599 bus
274 5540 423 5603 ecclesiae
432 5545 556 5605 nostrae
567 5544 848 5619 personisSalone
856 5545 993 5618 166666,
1050 5547 1169 5624 primo.

199 5635 353 5694 11666666
370 5638 617 5711 616111166666,
633 5641 812 5704 Wilbelmo
825 5642 996 5705 thesaura·
