3982 6196
226 274 285 329 odi

229 428 455 507 apostolorum
483 430 555 504 ejus
581 441 617 486 se
646 425 776 487 11016111
800 425 1023 487 incursurum.

269 526 388 588 Datum
417 523 585 594 Laterani,
611 525 685 584 XVI
712 523 873 584 kalendas
895 522 1023 601 aprilis,

229 625 438 702 pontificatus
454 622 560 683 nostri
576 637 665 682 anno
684 621 840 682 secundo.

571 810 687 897 CLXI

342 964 393 1024 Ad
408 964 693 1023 astreliancnsem
707 963 913 1035 episcopum.

515 1084 645 1140 19111611.
664 1082 743 1140 1118.

247 1176 368 1263 11163661,
382 1197 426 1247 lih.
442 1196 473 1255 11,
485 1196 559 1261 epist.
577 1196 764 1247 1010116616
778 1197 854 1246 Porta
871 1195 906 1245 dn
919 1193 1013 1259 Theti]

462 1302 646 1362 Praebeudanr
660 1310 797 1360 reservat.

272 1423 450 1494 Honorius,
465 1423 541 1495 616.,
556 1438 631 1484 ren.
647 1420 741 1482 tratri
760 1418 937 1500 (Manassi)
957 1422 1029 1481 Au·

232 1521 393 1581 relianen.
410 1520 576 1596 episcopo.

273 1619 374 1679 Sedes
386 1617 586 1695 apostolica,
602 1632 675 1693 quae
686 1616 808 1692 ignotis
821 1614 1031 1676 liberalitatis

232 1732 302 1776 suae
325 1731 462 1776 munere
486 1730 573 1791 saepe
595 1714 705 1777 notam
735 1714 784 1774 eis
812 1713 929 1775 adimit
948 1727 1032 1789 pau-

232 1813 381 1889 pertatis,
405 1811 503 1873 Urbis
519 1812 670 1882 clericos,
687 1812 836 1888 quisunt
854 1811 886 1872 ei
905 1810 974 1871 noti
990 1808 1031 1870 ab

233 1912 337 1977 utero,
351 1912 509 1986 tanquam
521 1909 569 1970 illi
583 1924 665 1987 qnos
677 1909 811 1987 proprio
823 1908 907 1969 lacte
918 1907 1029 1978 lactat,

232 2006 319 2067 sicut
335 2008 442 2068 mater
463 2005 694 2077 honorificata,
716 2021 790 2082 quae
810 2005 950 2083 pignora
975 2019 1033 2065 ca-

233 2103 324 2165 riora
340 2103 451 2164 carius
466 2103 685 2180 amplexatur,
711 2119 780 2164 suae
796 2102 1032 2166 consolationis

233 2201 390 2262 uberibus
423 2201 595 2262 consueuit
623 2202 656 2262 et
681 2200 778 2263 debet
808 2200 1032 2262 abundantius

233 2299 420 2369 contovere,
446 2299 625 2376 specialem
647 2298 715 2359 illis
738 2299 880 2375 gratiam
902 2299 1032 2376 impen-

234 2396 352 2467 dendo,
377 2412 460 2473 quos
473 2396 562 2457 inter
585 2395 769 2457 familiares
784 2398 867 2474 ejus,
885 2397 918 2459 et
937 2397 1032 2457 notos

234 2494 286 2555 sui
299 2494 379 2555 facit
394 2493 551 2555 nobilitas
566 2493 699 2569 generis
715 2494 872 2556 notiores.
890 2493 969 2554 Inde
983 2494 1034 2555 est

234 2591 319 2668 quod
345 2607 404 2668 pro
428 2591 548 2653 dilecto
575 2591 682 2653 lilio.··
705 2590 853 2652 basilicae
872 2591 1033 2669 principis

233 2687 467 2766 Apostolorum
502 2688 679 2761 canonico,
712 2689 790 2750 nato
820 2688 941 2750 nobilis
968 2688 1034 2749 riri

233 2787 252 2847 J
255 2786 397 2847 ohannis
406 2786 446 2848 de
456 2788 577 2848 Sancto
588 2786 779 2853 1116166110,
792 2786 1034 2848 fraternitatem

234 2884 327 2944 tuam
359 2899 516 2959 rogamus
548 2885 687 2956 attente,
717 2886 751 2945 et
778 2884 950 2946 hortamur
976 2900 1035 2961 per

236 2981 427 3058 apostolica
449 2980 510 3042 tibi
539 2981 662 3058 scripta
690 2982 913 3059 praecipiendo
935 2998 1033 3043 man·

237 3078 365 3151 dantes,
383 3078 544 3154 quatenus
559 3079 601 3150 ei,
617 3078 672 3155 qui
685 3078 746 3139 tibi
761 3081 794 3140 et
806 3079 956 3140 ecclesiae
968 3080 1035 3141 tuae

236 3191 296 3251 per
309 3190 345 3235 se
360 3190 399 3236 ac
414 3190 492 3235 suos
508 3176 615 3251 potest
629 3175 775 3236 existere
794 3175 984 3237 fructuosus
1000 3177 1035 3237 in

236 3271 361 3343 multis,
387 3270 597 3348 praebendam
622 3271 657 3332 in
683 3273 799 3334 eadem
823 3273 976 3346 ecclesia,
1007 3274 1036 3334 si

237 3384 311 3446 qnae
326 3371 433 3441 vacat,
456 3368 497 3430 ob
511 3369 733 3431 reverentiam
752 3371 951 3448 Apostolicae
976 3374 1037 3433 Se-

236 3466 287 3527 dis
303 3468 336 3529 et
349 3468 508 3539 nostram,
520 3466 703 3530 liberaliter
718 3468 882 3542 conseras,
899 3472 934 3531 et
947 3470 1035 3530 assi-

236 3580 328 3640 gnes.
345 3564 502 3642 Alioquin
517 3564 729 3627 donationem
750 3567 856 3643 primo
868 3568 1036 3629 vacaturae

237 3662 424 3739 praebendae
435 3662 532 3725 nobis
544 3663 697 3726 volumus
709 3665 888 3737 reservari,
914 3666 949 3727 nt
963 3680 1036 3727 eam

237 3774 388 3836 persona
401 3759 529 3822 idoneae
549 3760 770 3823 conteramus.
792 3763 1037 3824 Denunciantes

238 3855 381 3931 irritum,
404 3859 439 3920 et
469 3859 570 3920 inane
595 3858 625 3920 61
649 3858 727 3935 quid
751 3862 868 3922 contra
890 3860 1037 3921 extiterit

238 3955 445 4016 attentatum.
480 3957 598 4018 Datum
627 3956 785 4017 Laterani
812 3959 849 4018 14
875 3957 1037 4019 kalendas

238 4051 355 4127 aprilis
370 4069 457 4114 anno
472 4052 628 4115 secundo.

317 4363 369 4421 Ad
389 4363 670 4424 crclrtdtcconum
689 4365 956 4438 Pistoclerum,

396 4457 574 4520 cantorem
588 4460 622 4521 et
635 4464 876 4524 subdecanum.

522 4580 556 4637 19
573 4588 656 4639 mart.
674 4583 753 4640 1118.

221 4673 227 4684 “
264 4691 486 4755 [1616111111
501 4694 575 4759 spru.
587 4695 643 4746 616.
658 4696 718 4746 uss.
731 4696 1010 4763 perobscurum]

310 4800 352 4856 ne
366 4801 542 4858 correctione
561 4810 590 4859 et
608 4802 811 4863 reformatione
833 4805 862 4861 in
881 4804 966 4863 domo

426 4890 653 4964 eleemosynaria
668 4891 704 4949 de
717 4893 845 4965 Rupella.

280 5005 459 5078 Honorius,
485 5008 560 5079 616.,
579 5007 709 5071 dilectis
730 5010 846 5072 liliis...
868 5011 1039 5073 archidia-

239 5116 323 5163 cono
347 5102 498 5164 Briocen.
522 5105 692 5168 Pictaven.
716 5108 880 5183 dioecesis,
908 5111 1038 5173 cantori

238 5199 377 5277 11610116
391 5201 552 5275 ecclesiae,
574 5205 643 5265 61...
664 5204 853 5269 subdecano
869 5206 957 5270 beati
977 5209 1039 5269 Hi·

238 5295 316 5358 larii
330 5297 500 5360 Pictaven.

279 5398 328 5455 Ex
363 5397 456 5474 parte
491 5397 685 5461 dilectorum
720 5401 864 5463 illiorum
898 5402 1037 5465 iratrum

239 5488 356 5552 domus
377 5493 649 5572 eleemosynariae
668 5497 708 5559 de
724 5499 863 5576 Rupella
884 5499 945 5562 luit
960 5516 1039 5578 pro-

240 5589 382 5660 positum
403 5607 514 5652 coram
540 5592 646 5665 nobis,
676 5597 762 5672 quod
789 5613 889 5673 quum
915 5599 1037 5676 prioris

849 267 1024 327 bosonii
1048 256 1262 325 1110111111.

1822 270 1883 328 068
1979 234 1980 271 l

1079 424 1271 486 6116166110
1297 422 1402 485 libera
1429 423 1529 487 tuerit
1552 423 1594 486 ab
1619 426 1757 504 antiqno
1779 429 1882 504 jnxta
1978 466 1980 473 ι

1080 521 1166 599 quod
1186 521 1269 599 ipsis
1288 538 1308 583 a
1331 522 1489 584 Romanis
1513 522 1730 585 Pontificibus
1750 528 1803 587 661
1827 526 1884 586 in-

1080 619 1257 692 dultum...,
1281 620 1374 697 prior
1392 621 1449 699 qui
1472 637 1560 682 nunc
1585 622 1635 683 est
1658 623 1774 684 contra
1799 639 1885 684 con-
1980 644 1981 659 2

1081 718 1290 779 suetudinem
1311 718 1457 796 ejusdem
1477 718 1553 791 loci,
1569 736 1608 780 66
1627 720 1883 796 privilegiorum
1980 716 1981 719 ’

1081 830 1218 876 suorum
1245 816 1405 889 tenorem,
1434 816 1556 877 ibidem
1585 817 1711 894 praeilci
1737 835 1773 878 se
1799 834 1881 895 per-

1081 913 1182 985 misit,
1206 929 1265 990 per
1288 916 1386 992 cujus
1410 913 1567 991 injuriam
1587 916 1620 976 et
1643 915 1882 992 negligentiam

1081 1009 1168 1071 bona
1191 1011 1385 1072 minuuntur
1406 1011 1565 1089 ipsorum,
1591 1029 1665 1090 qnae
1680 1013 1768 1074 idem
1790 1013 1881 1074 dila-

1084 1108 1184 1185 pidat,
1201 1108 1391 1170 eorumdem
1404 1125 1544 1171 assensu
1559 1110 1695 1173 minime
1707 1111 1880 1188 requisito.

1084 1205 1250 1267 Praeterea
1277 1222 1377 1283 quum
1399 1206 1637 1283 hospitalitatis
1651 1208 1760 1284 gratia
1775 1207 1821 1268 ibi
1841 1208 1883 1268 ab

1084 1303 1219 1380 antiquo
1240 1304 1451 1365 consueverit
1479 1303 1665 1376 observari,
1691 1305 1763 1367 baec
1792 1309 1885 1382 ejus-

1084 1401 1157 1462 dem
1184 1400 1305 1477 prioris
1334 1402 1481 1478 tempore
1502 1401 1571 1462 1616
1596 1402 1638 1463 ad
1664 1403 1806 1463 nibilum
1833 1405 1883 1465 661

1084 1498 1234 1573 redacta;
1258 1500 1291 1561 et
1302 1498 1389 1561 dicta
1409 1499 1538 1572 domus,
1554 1500 1611 1577 qui
1632 1500 1722 1562 inter
1741 1504 1882 1563 caeteras

1084 1596 1276 1658 convicinus
1289 1597 1460 1658 consuevit
1474 1598 1636 1660 hactenus
1646 1597 1809 1660 bonorum
1818 1601 1883 1676 spi·

1085 1692 1255 1753 ritualium
1275 1693 1308 1754 et
1330 1692 1560 1770 temporalium
1577 1692 1727 1755 ubertate
1747 1693 1880 1767 llorere,

1084 1790 1168 1851 adeo
1194 1792 1246 1851 est
1267 1791 1301 1851 in
1325 1790 1499 1868 utriusque
1522 1791 1682 1867 collapsa,
1706 1792 1794 1868 quod
1819 1793 1882 1852 nisi

1085 1886 1192 1949 eidem
1222 1904 1283 1965 per
1310 1889 1458 1950 nostram
1491 1888 1749 1951 sollicitudinem
1786 1890 1884 1951 citius

1086 1986 1312 2059 succurratur,
1337 1986 1394 2047 rix
1414 1986 1560 2065 adjiciet,
1587 1988 1624 2048 nt
1639 1990 1805 2063 resurgat.
1832 1990 1888 2047 ln-

1086 2099 1186 2161 super
1209 2100 1310 2161 quum
1331 2084 1432 2146 iidem
1451 2083 1571 2146 iratres
1586 2084 1710 2145 certam
1735 2085 1887 2161 regulam

1086 2182 1127 2242 ab
1147 2181 1299 2242 omnibus
1313 2184 1504 2259 jnramento
1524 2183 1688 2244 firmatam
1707 2184 1741 2244 et
1758 2183 1888 2243 6011111-

1087 2281 1209 2341 matam
1233 2279 1267 2340 in
1294 2280 1481 2358 privilegiis
1506 2280 1698 2342 eorumdem
1723 2280 1888 2343 observa-

1086 2377 1196 2438 verint
1209 2376 1250 2438 ab
1263 2378 1411 2456 antiquo,
1425 2377 1536 2439 dictus
1548 2379 1640 2455 prior
1654 2379 1729 2455 post
1741 2378 1890 2455 appella·

1086 2476 1212 2537 tionem
1240 2476 1282 2537 ad
1311 2491 1372 2537 nos
1404 2476 1552 2553 legitime
1582 2477 1826 2553 interpositam,
1855 2479 1889 2539 61

1087 2575 1209 2650 praeter
1233 2574 1433 2651 Apostolicae
1464 2574 1558 2635 Sedis
1582 2589 1758 2635 assensum
1787 2573 1889 2635 aliam

1088 2671 1169 2749 ipsis
1191 2670 1387 2733 inconsultis
1413 2671 1654 2733 observandam
1679 2672 1825 2749 recepit,
1855 2673 1891 2733 in

1088 2770 1310 2844 contemptum
1333 2770 1494 2840 nostrum,
1514 2770 1547 2830 et
1568 2767 1801 2845 praejudicium
1827 2784 1889 2829 eo·

1088 2864 1249 2937 rumdam,
1274 2867 1307 2927 et
1335 2865 1513 2943 aliquando
1542 2866 1888 2928 excommunicatione

1089 2964 1233 3036 notatus,
1259 2963 1404 3025 scienter
1420 2962 1534 3023 divina
1553 2964 1769 3041 praesnmpsit
1782 2964 1891 3025 cilicia

1089 3061 1275 3133 celebrare,
1301 3061 1369 3123 alia
1398 3061 1502 3123 multa
1533 3061 1709 3123 committit
1739 3062 1891 3123 enormia

1089 3160 1125 3221 in
1148 3159 1266 3220 salutis
1292 3175 1361 3220 suae
1390 3159 1611 3236 dispendium,
1638 3161 1671 3220 et
1695 3160 1890 3221 scandalum

1089 3258 1317 3335 plurimorum.
1347 3256 1440 3319 Unde
1456 3256 1550 3318 nobis
1566 3257 1738 3319 humiliter
1757 3258 1890 3335 suppli-

1090 3357 1226 3424 carunt,
1254 3357 1290 3417 ut
1318 3354 1497 3432 superbis
1527 3354 1740 3417 indemnitati
1777 3371 1891 3417 eorum

1090 3453 1305 3529 dignaremur
1317 3454 1454 3530 paterna
1466 3451 1689 3515 sollicitudine
1702 3453 1891 3530 providere.

1090 3551 1248 3613 Nolentes
1264 3550 1366 3627 igitur
1380 3550 1464 3623 baec,
1479 3551 1597 3611 sicera
1611 3551 1690 3623 sint,
1708 3553 1895 3614 conniven-

1090 3647 1178 3710 tibus
1200 3648 1306 3709 oculis
1330 3648 1546 3726 pertransire,
1563 3647 1758 3710 discretioni
1775 3652 1893 3711 vestrae

1090 3761 1151 3824 per
1161 3746 1351 3824 apostolica
1366 3746 1490 3824 scripta
1503 3746 1711 3817 mandamus,
1729 3750 1895 3824 quatenus

1091 3844 1132 3906 ad
1159 3844 1267 3906 locum
1293 3844 1401 3921 ipsum
1427 3844 1649 3921 personaliter
1680 3844 1894 3917 accedentes,

1091 3943 1133 4003 iis
1149 3958 1222 4019 qnae
1242 3957 1262 4003 a
1283 3941 1422 4020 praetato
1444 3943 1556 4019 priore
1582 3943 1730 4004 alienata
1748 3944 1896 4005 invene·

1091 4040 1165 4101 ritis
1175 4039 1303 4112 illicite,
1315 4040 1367 4101 rel
1378 4039 1548 4112 distracta,
1565 4039 1607 4100 ad
1623 4042 1678 4118 jus
1694 4042 1730 4101 et
1741 4042 1899 4118 proprie-

1091 4138 1192 4198 tatem
1213 4136 1380 4213 praedictae
1403 4137 1520 4198 domus
1542 4137 1688 4214 legitime
1713 4139 1894 4208 revocatis,

1093 4250 1194 4311 super
1208 4234 1284 4295 aliis
1299 4234 1477 4310 inquiratis
1494 4234 1688 4311 diligentius
1703 4236 1893 4307 veritatem,

1091 4332 1125 4393 61
1139 4332 1327 4408 corrigatis,
1341 4348 1382 4393 66
1392 4331 1582 4395 reformetis
1596 4333 1801 4396 anctoritate
1814 4350 1895 4395 nos-

1091 4428 1896 4507 11611116116166011661101166116101116110116

1091 4527 1201 4589 officio
1221 4527 1419 4590 inveneritis
1445 4528 1611 4604 indigere;
1631 4528 1894 4591 contradictores

1092 4641 1151 4703 per
1178 4641 1353 4687 censuram
1382 4626 1643 4689 ecclesiasticam
1669 4627 1893 4704 appellatione

1091 4723 1272 4799 postposita
1288 4726 1547 4801 compescentes.
1564 4724 1655 4796 Quod
1678 4725 1706 4785 si
1724 4724 1892 4787 10116611-

1091 4821 1168 4898 quid
1183 4820 1385 4882 difficultatis
1401 4821 1575 4884 emerserit
1589 4838 1648 4883 vos
1669 4821 1754 4883 illnd
1780 4824 1890 4884 nostro

1091 4919 1238 4979 examini
1253 4922 1474 4991 reservantes,
1491 4921 1524 4981 et
1535 4919 1726 4995 redigentes
1740 4920 1778 4982 in
1793 4921 1891 4996 scrip

1091 5016 1134 5078 tis
1152 5015 1213 5076 sub
1232 5016 1351 5092 sigillis
1367 5017 1486 5079 vestris
1509 5016 1551 5078 ad
1576 5019 1726 5080 1106116111
1743 5033 1890 5095 praesen-

1090 5113 1171 5175 tiam
1196 5114 1445 5187 transmittatis,
1477 5114 1615 5192 praefixo
1641 5115 1795 5194 partibus
1822 5117 1889 5177 ter·

1091 5211 1181 5273 mino
1204 5212 1414 5288 competenti,
1440 5229 1504 5290 qno
1519 5215 1632 5276 nostro
1647 5230 1685 5275 se
1698 5211 1886 5292 conspectui

1091 5310 1345 5385 repraesentent,
1372 5312 1497 5386 justam
1519 5311 1619 5372 dante
1646 5312 1789 5375 Domino
1809 5328 1885 5375 sen·

1094 5407 1229 5468 tentiam
1241 5410 1437 5484 recepturae.
1445 5408 1536 5481 Qnod
1552 5409 1581 5471 si
1595 5425 1661 5472 non
1675 5426 1803 5483 omnes,
1813 5415 1884 5479 etc,

1091 5505 1156 5566 duo
1171 5505 1329 5578 vestrum,
1355 5508 1418 5568 etc.
1442 5508 1560 5570 Datum
1584 5508 1742 5570 Laterani
1766 5508 1885 5571 1116-

1092 5603 1207 5664 tendas
1222 5604 1339 5681 aprilis
1354 5619 1443 5665 anno
1458 5604 1612 5666 secundo.
