3980 6206
206 262 211 271 ’
239 274 324 349 vso
852 284 1028 347 HoNORn
1051 284 1094 345 111
1117 254 1264 347 ornas.
1838 286 1899 347 veo

241 445 357 508 eadem
380 446 522 510 ecclesia
550 445 586 506 iu
613 443 867 522 praesentiarum
890 444 981 522 juste
1008 443 1042 506 et
1095 442 1198 506 nicati
1221 440 1275 507 vel
1302 443 1470 509 interdicti
1496 444 1573 517 sint,
1599 443 1713 505 nullus
1737 443 1898 515 obsistat,

241 545 402 606 canonice
435 543 598 622 possidet,
623 544 682 603 aut
716 541 752 603 in
782 541 928 604 futurum
956 558 1040 604 con·
1095 541 1187 602 salva
1210 543 1322 604 tamen
1335 542 1613 619 lustitiaillarum
1629 542 1901 615 ecclesiarum

243 643 393 704 cessione
417 641 626 713 Pontificum,
645 640 821 716 largitione
845 656 961 716 regum
985 638 1038 700 vel
1095 639 1212 715 quibus
1249 641 1453 702 mortuorum
1493 656 1633 717 corpora
1666 642 1899 702 assumuntur.

243 740 446 817 principum,
477 737 643 800 oblatione
676 737 840 810 fidelium,
876 752 936 798 seu
966 736 1041 798 aliis
1095 738 1297 798 Cumautem
1312 738 1468 813 generale
1483 737 1903 799 interdictumterraefue·

239 837 339 915 justis
354 837 459 897 modis
472 836 651 913 praestante
675 837 814 897 Domino
827 835 947 912 poterit
968 821 1043 895 adi'-
1096 834 1149 904 rit,
1167 833 1266 896 liceat
1279 834 1373 896 vohis
1388 835 1511 896 clausis
1521 835 1648 912 januis,
1665 851 1732 895 nou
1756 835 1901 912 pulsatis

244 935 340 1011 pisci,
355 933 451 995 llrma
468 932 563 995 vobis
585 934 772 1011 vestrisque
793 931 1042 994 successorihus
1094 930 1338 1005 tintinnabulis,
1355 932 1500 993 exclusis
1515 932 1700 994 interdictis
1715 933 1749 993 et
1761 949 1901 993 excom-

244 1032 278 1092 et
293 1030 418 1093 illibata
435 1032 662 1108 permaneant.
680 1033 716 1092 In
732 1030 850 1108 quibus
865 1029 937 1091 haec
960 1045 1041 1107 pro·
1096 1029 1291 1102 manicatis,
1318 1045 1496 1106 suppressa
1517 1044 1617 1101 voce,
1648 1029 1763 1090 divina
1788 1028 1901 1091 officia

244 1127 491 1206 priisduximus
501 1128 717 1206 exprimenda
725 1127 907 1189 vocabulis.
920 1129 1043 1188 Locum
1096 1125 1276 1188 celebrare.
1303 1126 1452 1189 obeunte
1472 1142 1552 1189 vero
1578 1127 1610 1188 te
1639 1128 1721 1188 tunc
1749 1127 1900 1205 ejusdem

245 1224 353 1302 ipsum
379 1226 412 1286 in
429 1242 493 1303 quo
519 1225 657 1303 praefate
684 1225 827 1287 ecclesia
854 1225 1043 1286 constructa
1096 1223 1161 1286 loci
1185 1224 1302 1286 abbate
1320 1226 1373 1286 vel
1400 1227 1531 1288 tuorum
1555 1224 1702 1303 quolibet
1722 1240 1901 1285 successo-

245 1326 296 1385 est
316 1339 390 1385 cum
414 1323 567 1384 omnibus
594 1323 805 1400 pertinentiis
826 1323 907 1383 suis.
928 1321 1045 1382 Eccle-
1097 1337 1181 1395 rum,
1194 1323 1306 1383 nullus
1319 1322 1364 1383 ibi
1378 1322 1525 1401 qualibet
1535 1322 1760 1400 subreptionis
1776 1323 1900 1382 astutia

160 1430 163 1443 '
245 1420 329 1481 siam
342 1420 382 1481 de
392 1420 555 1499 Tioeraeby
566 1436 641 1482 cum
653 1420 801 1482 decimis.
813 1421 958 1481 Tertiam
971 1435 1045 1496 par·
1098 1420 1327 1482 seuviolentia
1343 1422 1565 1499 praeponatur,
1582 1420 1648 1481 uisi
1664 1435 1764 1497 quem
1779 1418 1901 1481 fratres

245 1518 313 1578 tem
337 1518 541 1579 decimarum
559 1518 595 1579 in
611 1518 755 1579 ecclesia
774 1517 814 1579 de
829 1517 1042 1594 Alexantrop.
1098 1519 1263 1579 communi
1274 1534 1438 1580 consensu
1451 1519 1505 1580 vel
1519 1518 1658 1580 fratrum
1670 1533 1749 1594 pars
1763 1516 1898 1578 consilii

221 1616 391 1676 ·Tertiam
403 1616 529 1692 partem
540 1614 743 1676 decimarum
755 1615 1041 1677 ecclesiaeanesae.
1098 1615 1252 1688 sanioris,
1277 1616 1457 1678 secundum
1484 1616 1545 1677 Dei
1570 1616 1722 1678 timorem
1747 1616 1785 1676 et
1810 1613 1901 1675 beati

246 1711 1046 1790 TertiampartemdecimarumdeHaelsings.Ter·
1098 1713 1274 1789 Augustini
1296 1714 1445 1790 regulam
1466 1713 1673 1790 providerint
1694 1712 1902 1789 eligendum.

244 1808 327 1870 tiam
348 1810 476 1885 partem
498 1809 702 1870 decimarum
722 1809 872 1870 ecclesiae
894 1808 934 1869 de
954 1810 1046 1869 Crae-
1099 1811 1313 1872 Decernimus
1328 1810 1558 1887 ergo,utnulli
1574 1811 1710 1871 omuino
1726 1809 1903 1870 hominnm

247 1907 336 1977 hom,
352 1906 494 1979 Elkisso,
510 1907 715 1968 mansionem
731 1907 766 1967 in
781 1905 954 1983 synderby
969 1922 1044 1968 cum
1098 1908 1199 1971 liceat
1217 1908 1388 1986 praefatam
1405 1907 1523 1970 eccles.
1541 1907 1668 1970 temere
1688 1905 1899 1983 perturbare,

247 2003 352 2081 sylva,
369 2004 460 2079 agris
472 2003 506 2065 et
516 2003 630 2080 pratis.
646 2005 853 2064 Mansionem
866 2004 900 2063 in
912 2003 1045 2079 Julighe
1099 2007 1157 2067 aut
1183 2009 1256 2084 ejus
1280 2006 1507 2083 possessiones
1535 2004 1679 2077 auferre,
1693 2003 1747 2065 vel
1772 2003 1904 2065 ablatas

226 2116 321 2161 cum
348 2101 490 2163 ecclesia
515 2101 663 2178 ejusdem
691 2101 780 2162 villae
816 2102 849 2162 et
877 2102 981 2178 pratis
1014 2101 1047 2162 et
1098 2102 1254 2175 retinere,
1272 2106 1431 2171 minuere,
1449 2118 1508 2164 seu
1526 2101 1730 2181 quibuslibet
1744 2102 1903 2163 vexatio-

219 2224 223 2239 ·
247 2198 348 2274 agris,
377 2200 410 2260 et
441 2198 630 2260 molendino
652 2199 715 2260 sito
733 2200 832 2276 juxta
864 2197 1044 2260 Vaeraebro.
1099 2200 1198 2262 nibus
1209 2200 1363 2277 fatigare,
1377 2200 1435 2262 sed
1450 2201 1561 2262 omnia
1581 2199 1714 2275 integra
1727 2200 1762 2259 et
1776 2198 1906 2259 illibata

246 2295 453 2357 Mansionem
462 2295 495 2355 in
505 2297 674 2372 Swestrop
690 2312 765 2357 curn
780 2296 871 2372 agris
886 2298 918 2357 et
929 2295 1044 2373 pratis.
1100 2299 1274 2360 serventur
1288 2314 1417 2369 eorum,
1426 2313 1489 2376 pro
1501 2313 1642 2376 quorum
1657 2295 1908 2373 gubernatione

248 2394 458 2463 Mansionem
480 2393 795 2454 inMaedelosaecum
811 2392 926 2471 sylvis,
942 2393 1046 2471 pratis
1100 2410 1139 2456 ac
1151 2395 1391 2457 sustentatione
1413 2410 1571 2457 concesse
1592 2395 1680 2466 snut,
1697 2394 1820 2454 usibus
1836 2410 1908 2455 om-

249 2492 283 2551 et
302 2491 404 2565 agris.
418 2491 534 2552 Totam
556 2490 671 2552 villam
692 2491 830 2552 Naeveth
850 2506 924 2552 cum
943 2490 1046 2567 sylvis
1100 2492 1243 2554 raimodis
1268 2493 1454 2570 profutura,
1478 2493 1570 2554 salva
1590 2492 1680 2553 sedis
1702 2492 1905 2569 apostolice

249 2587 283 2648 et
297 2589 401 2665 pratis
411 2591 445 2651 et
459 2589 548 2666 agris
563 2589 595 2650 et
605 2588 855 2665 piscationibus.
869 2588 991 2649 Villam
1006 2587 1047 2649 de
1100 2591 1301 2652 auctoritate
1320 2591 1353 2652 et
1374 2590 1553 2652 dioecesani
1569 2588 1719 2667 episcopi
1741 2588 1905 2651 canonica

249 2684 413 2763 'l'ioeraeby
433 2702 511 2747 curn
524 2685 676 2757 ecclesia,
701 2685 814 2763 sylvis,
831 2686 864 2746 et
887 2684 991 2762 pratis
1015 2685 1049 2745 et
1097 2688 1239 2765 justitia.
1256 2688 1369 2766 Siqua
1381 2688 1533 2764 igiturin
1548 2687 1696 2748 futurum
1721 2686 1904 2748 ecclesias-

250 2783 351 2857 agris.
368 2783 552 2846 Ecclesiam
571 2782 614 2844 de
626 2783 846 2845 Frethersloff
854 2799 928 2844 oum
952 2783 1047 2843 deci·
1100 2786 1166 2848 tica
1182 2786 1553 2863 saecularisvepersona
1568 2785 1654 2846 hanc
1669 2786 1799 2846 nosirae
1815 2800 1904 2845 cons·

250 2879 329 2951 mis,
358 2880 477 2957 sylvis,
507 2881 613 2958 pratis
636 2880 669 2942 et
696 2880 798 2956 agris.
829 2880 980 2941 Decimae
1008 2879 1048 2940 de
1101 2884 1265 2946 titutionis
1278 2883 1433 2961 paginam
1444 2883 1552 2944 sciens
1563 2883 1679 2944 contra
1692 2897 1771 2943 eam
1783 2883 1903 2943 temere

250 2976 365 3054 Veyby
384 2979 417 3038 θῐ
442 2978 572 3054 Bisiorp
594 2978 627 3038 θῑ
645 2976 811 3054 Tybirkae·
828 2976 992 3054 Quidquid
1007 2975 1048 3036 de
1101 2983 1216 3045 venire
1231 2981 1420 3053 tentaverit,
1437 2980 1583 3042 secundo
1597 2979 1740 3041 tertiove
1755 2994 1902 3039 commo-

250 3073 474 3137 oblationibus
488 3076 640 3136 occleeiae
658 3076 777 3135 veslrae
793 3075 873 3135 olim
897 3075 938 3135 ad
955 3073 1047 3151 epis·
1103 3080 1183 3152 nita,
1204 3077 1270 3139 nisi
1293 3077 1423 3140 reatum
1448 3094 1544 3138 snum
1559 3077 1660 3152 digna
1675 3075 1902 3137 satisfactione

249 3186 367 3248 collum
378 3170 627 3234 Rosslildensem
647 3170 826 3248 spectabat,
843 3170 929 3247 quod
953 3169 1048 3231 bonae
1103 3177 1297 3249 correxerit,
1317 3175 1490 3253 potestatis
1506 3175 1709 3251 honorisque
1726 3174 1780 3234 sui
1797 3172 1903 3249 digni-

249 3269 417 3329 memorias
448 3271 485 3329 P.
522 3266 748 3329 Rolliildensis
790 3268 963 3345 episcopus
993 3267 1049 3344 pia
1105 3275 1169 3336 tate
1181 3271 1304 3343 careat,
1318 3288 1475 3349 reamque
1487 3288 1524 3333 se
1533 3271 1647 3332 divino
1659 3270 1792 3349 judicio
1808 3271 1900 3332 exis·

249 3363 343 3425 vobis
369 3364 571 3426 liberalitate
598 3365 744 3427 donavit.
771 3367 858 3426 Sane
878 3365 1049 3427 novalium
1103 3371 1222 3433 teredo
1237 3370 1425 3447 perpetrata
1440 3369 1616 3447 iniquitate
1631 3370 1821 3445 cognoscat,
1836 3369 1901 3429 eta

249 3461 447 3534 lesimfflffl,
462 3478 535 3539 quoe
545 3462 690 3540 propriis
705 3462 857 3523 manibus
872 3463 930 3526 aut
942 3478 1051 3539 sump-
1103 3467 1331 3530 sacratissimo
1345 3469 1524 3545 corporeet
1538 3466 1705 3543 sangnine
1718 3467 1779 3527 Dei
1789 3468 1823 3527 el
1832 3467 1903 3527 Do-

250 3558 338 3623 tibus
358 3544 468 3622 colitis
487 3560 558 3621 sive
580 3560 621 3621 de
635 3561 848 3622 nutrimentis
864 3562 1049 3621 vestrorum
1103 3565 1184 3626 mini
1200 3563 1430 3640 Redemptoris
1444 3564 1548 3626 nostri
1562 3566 1642 3626 Jesu
1657 3562 1782 3623 Christi
1794 3562 1901 3622 aliena

251 3656 458 3730 animalium,
479 3657 590 3718 nullus
606 3659 740 3719 omnino
759 3673 779 3718 a
793 3657 888 3719 vobis
904 3657 1049 3718 decimas
1104 3663 1283 3739 {latetque
1296 3662 1332 3722 in
1347 3659 1836 3722 extremoexaminedistrictae
1850 3658 1900 3717 ul-

196 3826 199 3841 ,
250 3757 430 3830 praesumat
444 3757 591 3832 exigere.
606 3755 719 3817 Liceat
732 3771 861 3833 quoque
875 3753 969 3816 vobis
981 3755 1051 3816 cle-
1103 3760 1186 3821 tioni
1215 3759 1396 3837 subjaceat.
1413 3757 1546 3818 Cunctis
1573 3759 1684 3819 autern
1700 3756 1809 3819 eidem
1830 3756 1899 3816 loco

250 3851 339 3912 ricos
352 3852 406 3913 vel
433 3853 576 3914 laicose
596 3852 718 3914 saeculo
741 3852 906 3928 fugientes
927 3851 1050 3912 liberos
1104 3872 1163 3917 sua
1174 3859 1250 3935 jura
1264 3854 1475 3918 servantibus
1491 3853 1528 3915 m
1545 3870 1614 3931 par
1637 3854 1771 3915 Domini
1797 3852 1900 3914 nostri

251 3950 284 4011 et
297 3948 465 4011 absolutos
478 3950 519 4011 ad
534 3951 787 4011 conversionem
800 3949 951 4026 recipere
963 3950 997 4010 et
1014 3948 1049 4009 in
1103 3956 1182 4017 Jesu
1197 3954 1330 4026 Christi,
1348 3954 1509 4030 quatenus
1526 3953 1559 4013 et
1570 3951 1626 4012 hic
1644 3951 1789 4013 fructum
1809 3950 1899 4011 bonae

251 4046 395 4108 ecclesia
417 4049 525 4109 vestra
554 4062 612 4109 eos
641 4047 765 4125 absque
789 4046 1051 4108 contradictione
1104 4050 1245 4111 actionis
1258 4047 1443 4127 percipiant
1460 4049 1493 4109 et
1514 4046 1601 4123 apud
1614 4046 1802 4107 districtum
1813 4044 1901 4122 judi·

251 4143 364 4221 aliqua
390 4145 546 4206 retinere.
575 4144 793 4206 Prohihemus
817 4145 978 4221 insuper,
1015 4143 1052 4204 ut
1104 4145 1323 4224 cemproemia
1337 4146 1469 4207 aeternae
1482 4144 1574 4222 pacis
1589 4142 1774 4204 inveniant.
1788 4146 1896 4203 Amen.

252 4242 335 4302 nulli
350 4241 490 4303 fratrum
505 4244 691 4327 vestrorum
706 4243 780 4317 post
794 4240 913 4303 factam
929 4241 965 4300 in
977 4241 1051 4301 loco
1144 4243 1265 4305 Datum
1278 4245 1391 4304 Romae
1406 4241 1493 4319 apud
1520 4242 1677 4302 Sanctum
1690 4242 1825 4301 Petrum
1843 4252 1899 4315 per

250 4340 362 4399 vestro
386 4337 625 4414 professionem
645 4337 695 4398 fas
717 4339 761 4399 sit
784 4338 824 4399 de
841 4338 956 4399 eodem
978 4337 1052 4399 loco
1105 4357 1240 4403 manum
1264 4340 1403 4402 Ranerii
1427 4339 1554 4400 sanctae
1572 4340 1733 4399 Romanae
1748 4334 1896 4398 Ecclesiae

251 4434 375 4512 absque
388 4435 522 4496 licentia
536 4436 588 4495 sui
601 4434 729 4495 abbatis
744 4435 808 4495 nisi
822 4434 962 4496 acrioris
977 4434 1052 4495 reli·
1105 4437 1384 4510 vicecancellarii,
1406 4438 1484 4497 XIII
1503 4434 1664 4496 kalendas
1682 4433 1774 4511 junii
1794 4431 1896 4493 indic-

251 4532 360 4607 gionis
373 4533 508 4594 obtentu
522 4532 703 4594 discedere.
726 4531 1051 4593 Discedentemvero
1104 4537 1194 4598 tione
1217 4537 1304 4603 VIII,
1325 4532 1568 4596 incarnationis
1600 4531 1785 4593 Dominicae
1817 4543 1898 4590 anno

251 4631 324 4691 sine
333 4630 556 4691 communium
567 4631 756 4692 litterarum
769 4630 955 4692 vestrarum
971 4644 1052 4690 cau·
1105 4631 1527 4710 MCCXVlIl,poniiflcatus
1539 4644 1619 4692 vero
1630 4628 1758 4690 domini
1768 4624 1895 4689 Honor-ii

251 4729 342 4789 tione
360 4728 472 4789 nullus
486 4729 607 4790 audeat
621 4729 776 4790 retinere.
795 4731 831 4789 ln
849 4726 1053 4805 parochiali·
1105 4746 1199 4808 papae
1210 4732 1256 4791 111
1271 4744 1359 4791 anno
1371 4727 1532 4790 secundo.

252 4823 313 4885 bus
327 4840 406 4887 vero
417 4826 580 4898 ecclesiis,
597 4842 679 4904 quas
691 4826 824 4896 tenetis,
842 4825 941 4886 liceat
957 4823 1051 4886 vobis

253 4921 393 4983 clericos
408 4923 533 4998 eligere
547 4925 581 4985 et
595 4923 728 4985 domino
742 4923 1053 5000 episcopopraesen·
1448 4870 1560 4958 (ΠΜ
1833 4992 1839 5004 Ι
1976 4968 1977 5001 ἦ

251 5020 336 5091 tare,
365 5018 495 5096 quibus,
522 5021 551 5081 a
578 5019 690 5081 mones
712 5020 851 5091 mermi,
877 5019 1052 5096 episcopus
1105 4999 1158 5058 Ad
1177 4996 1335 5059 ancoram
1355 4995 1390 5056 er
1406 4995 1613 5056 conventum
1633 4992 1838 5054 mensem
1855 4990 1894 5048 le
1976 5030 1977 5061 l

254 5132 368 5179 curam
383 5116 569 5177 animarum
583 5117 774 5188 committat,
792 5117 829 5177 ut
840 5115 872 5178 ei
888 5117 928 5177 de
948 5115 1052 5193 spiri·
1193 5094 1297 5157 steca
1308 5091 1661 5154 Pf'oeilwfwimlefl-fl'f
1675 5090 1820 5151 ordini-f·

252 5213 413 5286 tualibus,
424 5213 518 5276 vobis
528 5229 608 5275 vero
616 5214 656 5275 de
665 5214 903 5291 temporalibus
912 5213 1055 5274 debeant
1401 5204 1436 5263 ¹6
1450 5205 1507 5262 mai
1528 5203 1607 5261 12¹8·

254 5312 467 5388 respondere.
493 5311 701 5388 sepulturam
725 5328 855 5390 quoque
869 5311 974 5388 ipsius
988 5296 1053 5372 loci
1241 5301 1335 5368 [edm
1344 5301 1449 5364 carim,
1458 5305 1478 5351 t.
1492 5300 1558 5357 vul,
1570 5300 1656 5358 insti,
1665 5311 1692 5362 b
1703 5296 1772 5362 m]

256 5407 394 5469 liberam
419 5425 493 5470 esse
515 5408 736 5481 concedimus,
763 5409 931 5470 uteorum
950 5407 1053 5469 devo·
1134 5400 1191 5460 Sub
1205 5401 1282 5459 beati
1293 5400 1368 5458 Petri
1381 5407 1471 5456 elsua
1488 5397 1666 5471 protectione
1677 5395 1795 5468 suscipit
1808 5390 1870 5450 illud
1976 5388 1977 5441 l

255 5505 744 5578 tiouietextremaevoluntati,
762 5505 949 5583 quiseillic
964 5520 1056 5582 sepe·
1399 5486 1615 5546 ffl⁰ssfl⁸¹⁰l¹¹¹¹1b
1976 5548 1977 5553 ,

253 5599 310 5657 liri
337 5601 618 5677 deliberaverint3
648 5602 714 5664 nisi
745 5603 829 5666 forte
857 5619 1053 5665 excommu-
1148 5587 1896 5677 Honoriusepiscopus,servusservorumbei,
1976 5594 1977 5655 ξ
