3958 6204
128 353 189 414 eis
559 347 647 410 xxi.
662 378 704 393 -
721 348 767 410 ns
789 346 920 409 russo
943 347 1094 409 sinon
1114 312 1367 413 munerun.
1724 348 1786 411 are

130 508 393 576 sollicitudinem
407 524 511 587 super
529 508 626 582 ahos,
643 509 732 572 sicut
746 507 824 571 sunt
845 523 934 586 prae-
991 507 1275 587 impoenitentihus
1293 524 1374 570 vero
1396 523 1463 570 non
1487 507 1594 571 solum
1615 524 1717 586 grave
1730 508 1788 572 sed

130 611 199 673 lati.
222 607 441 670 correctione
461 607 499 669 in
513 605 703 669 hominibus
718 606 834 682 malis3
850 606 937 668 sicut
990 621 1121 684 semper
1145 608 1196 669 est
1218 622 1407 679 onerosum,
1424 606 1481 667 sed
1499 606 1599 669 etiam
1615 605 1787 684 periculo-

130 709 208 769 sunt
222 706 276 767 illi
300 705 379 767 laici
395 704 452 782 qui
477 704 602 767 hahent
623 705 817 782 potestatem
836 719 937 780 super
990 721 1063 764 snm
1076 720 1135 781 pro
1146 707 1272 766 aeterna
1287 721 1385 783 quam
1401 704 1545 766 subeunt
1562 704 1786 766 damnatione.

131 805 227 868 malis
243 803 450 875 hominibus,
467 805 553 866 sicut
564 818 672 880 reges,
687 803 865 880 principes,
882 817 937 863 se-
1030 804 1153 863 Eorum
1167 819 1241 879 quae
1257 804 1484 880 postmortem
1499 819 1572 864 esse
1587 818 1790 864 commemo-

132 905 279 975 natores,
292 902 428 979 judices
442 902 475 965 et
489 902 584 963 multi
599 902 668 967 aiii.
688 901 936 963 sustentatione
990 899 1148 973 ravimus,
1175 901 1319 978 primum
1350 902 1402 962 est
1430 901 1670 978 purgatorium,
1701 898 1788 977 quod

131 1016 336 1080 pauperum3
363 999 461 1071 idest,
488 998 721 1077 eleemosynis,
748 998 835 1059 sicut
860 998 936 1058 siml
989 999 1064 1075 pot
1087 1000 1226 1060 mortem
1242 998 1416 1060 animabus
1432 998 1657 1076 expurgandis
1679 998 1788 1075 depu-

130 1100 179 1162 illi
191 1097 252 1176 qui
264 1097 392 1160 hahent
404 1112 519 1159 curam
535 1098 568 1159 et
580 1095 836 1177 sollicitudinem
852 1111 937 1173 pau·
989 1095 1093 1157 tatum
1108 1097 1169 1159 est.
1187 1097 1373 1158 Secundum
1387 1097 1604 1167 exactorium,
1619 1096 1697 1173 quia
1713 1095 1791 1156 ani-

131 1213 245 1276 perum
283 1195 321 1256 in
355 1194 577 1273 eleemosynis
610 1198 644 1256 et
669 1194 746 1256 aliis
780 1192 936 1270 operibus
990 1192 1107 1256 mabus
1116 1210 1247 1272 semper
1255 1194 1431 1272 puniendis
1442 1195 1492 1256 est
1503 1193 1787 1271 praedestinatum.

131 1293 319 1357 charitatis.
333 1293 394 1355 lsti
408 1293 545 1354 audient
561 1296 725 1356 :Eretrici
747 1292 782 1355 ct
795 1292 937 1353 dedistis
990 1293 1060 1353 Hoc
1074 1291 1116 1353 ad
1131 1293 1325 1354 memoriam
1338 1294 1485 1354 nostram
1501 1308 1567 1354 non
1580 1290 1789 1353 incommode

130 1395 214 1455 midi
224 1392 444 1453 moccense
461 1389 593 1469 (Matth.
609 1406 689 1462 xxv,
703 1387 769 1469 35).
990 1390 1176 1462 revocatur,
1203 1391 1282 1468 quia
1296 1390 1414 1452 saltem
1428 1391 1635 1468 pertimeres
1657 1388 1789 1467 snppli-

168 1489 333 1566 Sequitur
349 1505 357 1549 :
374 1490 430 1550 Mc
447 1489 627 1563 aequom,
643 1486 741 1559 idest,
766 1501 819 1547 me
833 1485 938 1547 imite-
989 1487 1118 1549 oiorum
1138 1504 1231 1549 mens
1246 1489 1412 1550 excitatur
1425 1489 1467 1549 ad
1483 1487 1682 1550 celebranda
1706 1486 1790 1548 testa

130 1588 195 1659 tur,
210 1587 250 1647 ut
264 1586 356 1647 sicut
365 1600 428 1661 ego
443 1601 516 1646 sum
529 1585 618 1647 mitis
631 1585 664 1647 et
678 1584 814 1646 humilis
824 1583 934 1657 corde,
991 1584 1115 1646 civium
1128 1598 1359 1662 supernorum.
1375 1588 1451 1648 Non
1466 1588 1518 1649 est
1536 1586 1716 1663 superflua,
1732 1581 1789 1645 sed

130 1685 178 1747 ita
192 1683 317 1760 etipse
337 1683 393 1745 sit.
414 1683 455 1745 Et
475 1681 562 1744 siout
576 1698 639 1760 ego
657 1682 698 1743 de
715 1680 868 1744 omnihus
880 1680 935 1742 ai·
990 1682 1088 1744 vaide
1111 1685 1302 1745 necessaria
1326 1685 1378 1747 est
1397 1684 1585 1746 recordatio
1601 1682 1788 1760 supplicio·

131 1781 335 1845 decuteret
363 1795 430 1841 non
456 1780 656 1861 impropero,
683 1779 730 1842 ita
749 1778 783 1841 ot
799 1778 938 1857 quilibet
959 1794 960 1811 *
991 1796 1076 1854 rum,
1101 1780 1290 1858 invigilanti
1326 1781 1462 1844 cuilibet
1483 1780 1659 1858 acquisitio
1685 1779 1791 1857 spiri·

133 1878 343 1940 christianus
368 1876 471 1940 iaciat
485 1878 666 1939 secundum
681 1877 935 1955 possibilitatem
990 1878 1132 1940 tualium
1143 1879 1352 1956 gaudiorum,
1366 1880 1445 1958 quia
1456 1894 1516 1957 per
1524 1877 1792 1941 recordationem

131 1975 325 2048 snamvel,
339 1977 590 2051 macedonem,
605 1975 702 2048 idest,
722 1990 775 2037 me
787 1974 937 2036 imitetur
990 1979 1125 2038 aeternae
1141 1977 1364 2040 damnationis
1375 1977 1542 2055 expellite
1558 1992 1593 2038 se
1608 1992 1701 2037 mens
1714 1973 1791 2035 dul-

131 2074 165 2135 in
182 2073 428 2152 praedicatione
441 2071 649 2150 prudentem,
665 2073 701 2134 in
716 2072 854 2134 servitio
868 2072 936 2132 hu·
990 2074 1143 2137 cedinem
1157 2075 1304 2138 carnaiis
1314 2076 1537 2138 dilectationis
1551 2097 1560 2151 ς
1584 2076 1617 2136 et
1631 2072 1790 2152 quidquid

130 2172 254 2244 mitem,
271 2171 310 2233 in
321 2170 531 2233 correctione
545 2171 767 2244 mansuetum,
783 2171 819 2233 in
832 2169 939 2247 largi·
992 2172 1159 2235 contraxit
1171 2188 1216 2234 ex
1229 2172 1305 2235 labe
1327 2173 1483 2235 humanae
1498 2171 1720 2249 cogitationis,
1736 2171 1794 2232 to·

130 2272 197 2332 tate
223 2268 422 2346 benignum.
453 2268 501 2331 nt
535 2272 594 2331 adt
627 2284 707 2331 rum
731 2281 804 2345 coo,
832 2270 879 2330 ibt
904 2267 938 2330 et
990 2271 1061 2332 tum
1076 2269 1182 2332 abluit
1193 2287 1237 2333 ex
1246 2284 1334 2349 aqna
1342 2269 1619 2348 compunctionis,
1630 2268 1668 2331 ut
1677 2267 1792 2345 postea

130 2368 298 2431 muter
313 2381 414 2429 nactis
432 2368 503 2429 crit
519 2363 630 2445 (ioan.
646 2382 707 2438 xn,
727 2364 793 2446 26).
809 2365 937 2443 Ubique
992 2366 1159 2430 exhilaret
1172 2366 1292 2430 faciem
1309 2368 1345 2429 in
1362 2368 1435 2431 oleo
1450 2365 1676 2429 exultationis.
1694 2364 1792 2426 Prius

130 2467 180 2527 est
203 2464 361 2526 Christus
383 2478 443 2541 per
461 2464 725 2541 magnitudinem
740 2479 809 2526 suoe
823 2463 939 2525 intini-
992 2465 1082 2526 enim
1106 2466 1203 2528 datur
1224 2466 1319 2528 nohis
1341 2466 1505 2542 irriguum
1526 2464 1678 2536 interius,
1704 2462 1792 2525 unde

133 2563 223 2635 tatis,
255 2561 358 2634 idest,
392 2560 814 2638 incomprehensibilitatis.
845 2561 938 2623 Unde
992 2565 1106 2640 potum
1118 2564 1333 2641 propinamus
1346 2564 1381 2625 in
1396 2563 1598 2641 lacrymisin
1612 2576 1791 2637 mensura3

133 2661 313 2722 Psalmista
328 2682 336 2720 ε
350 2662 501 2735 Mopsus
523 2665 697 2723 hominos·
710 2660 744 2722 ct
762 2662 939 2723 laudabilis
993 2663 1107 2739 postea
1136 2661 1300 2738 irriguum
1329 2662 1493 2739 superius,
1523 2659 1657 2738 qnando
1693 2660 1791 2720 fietus

132 2762 247 2830 rehum,
270 2758 307 2820 et
329 2758 670 2835 mopsuestenam
690 2773 759 2820 noc
785 2757 837 2819 est
858 2759 940 2831 itote
995 2758 1139 2838 erumpit
1149 2774 1208 2837 pro
1223 2759 1345 2837 gaudio
1359 2761 1400 2821 de
1414 2759 1513 2822 venia
1528 2757 1706 2820 consecuta
1719 2778 1726 2817 ε
1737 2756 1793 2818 vel

134 2851 394 2933 (Ps.xr.vr1,2).
416 2856 454 2917 In
468 2854 552 2916 coelo
565 2855 617 2917 est
636 2855 854 2919 manifestans
865 2854 940 2931 glo-
994 2857 1080 2935 quod
1113 2858 1201 2935 sapit
1221 2858 1363 2931 dulcius,
1384 2856 1518 2936 quando
1540 2872 1635 2917 mens
1663 2854 1794 2916 fervore

5 2982 6 2987 κ
134 2953 219 3014 riam
234 2952 435 3030 majestatis,
451 2952 487 3012 in
501 2952 624 3014 mundo
639 2953 821 3029 perferens,
840 2952 937 3023 idest,
994 2955 1167 3018 charitatis
1182 2957 1339 3029 eemuans,
1356 2956 1389 3018 et
1403 2970 1530 3016 moram
1544 2954 1614 3031 pati
1639 2953 1794 3013 nesciens

136 3050 231 3112 valde
247 3050 361 3111 serens
376 3049 519 3125 gratiam
539 3049 710 3112 bonitatis.
726 3051 842 3112 Gratia
855 3050 940 3111 dici·
994 3052 1102 3115 fundit
1117 3053 1293 3132 lacrymas,
1305 3053 1392 3131 quod
1407 3053 1465 3114 diu
1479 3051 1671 3114 retardatur
1684 3066 1703 3111 a
1718 3050 1793 3126 glo-

135 3151 197 3221 tur,
224 3148 306 3225 quia
329 3147 436 3223 gratis
460 3146 567 3220 datur,
583 3150 617 3210 et
640 3149 691 3210 est
710 3149 830 3225 gratia,
854 3148 940 3209 idest
993 3151 1057 3224 ria,
1073 3150 1188 3213 dicens
1209 3151 1296 3213 intra
1318 3167 1448 3214 sevoco
1461 3150 1611 3228 quaerula
1628 3172 1636 3210 ε
1653 3151 1794 3215 Quando

134 3245 352 3323 acceptabilis
364 3245 555 3322 accipienti.
576 3248 614 3307 ln
630 3245 763 3308 interno
773 3258 939 3308 exercens
994 3253 1133 3312 coctam
1151 3250 1186 3312 et
1199 3253 1372 3326 apparebo
1393 3250 1475 3312 ante
1488 3251 1614 3324 sociem
1633 3246 1794 3310 Domtctl

131 3343 295 3420 jndicium
308 3343 493 3420 potestatis,
510 3343 564 3404 his
580 3344 637 3421 qui
651 3345 730 3407 sunt
744 3344 891 3407 damnati
903 3345 938 3405 in
996 3344 1065 3426 (Ps.
1083 3349 1132 3420 41,
1148 3346 1195 3426 3).

134 3440 263 3503 interno
276 3441 387 3503 reddit
396 3457 457 3518 pro
466 3441 642 3503 maleficiis
653 3442 753 3520 digna
762 3442 937 3519 supplicia,
1035 3445 1095 3507 Ille
1107 3445 1214 3523 potest
1222 3446 1367 3508 clamare
1378 3444 1435 3523 qni
1445 3444 1495 3506 est
1508 3444 1544 3504 in
1559 3443 1691 3505 inferno
1701 3463 1709 3503 ε
1720 3444 1794 3503 Heu

134 3538 218 3601 sicut
232 3554 295 3615 pro
315 3540 413 3601 suavi
427 3539 529 3601 odore
554 3537 718 3613 foetorem,
735 3554 795 3617 pro
811 3540 939 3604 carnali
994 3559 1058 3615 me,
1077 3544 1184 3605 mater
1204 3558 1289 3616 mea,
1306 3542 1435 3620 utquid
1456 3557 1508 3603 me
1523 3541 1670 3618 genuisti
1689 3539 1794 3600 lilium

5 3676 7 3701 1
136 3635 314 3698 dulcedine
326 3636 596 3698 amaritudinem.
995 3640 1131 3713 doloris,
1144 3640 1250 3702 tilium
1263 3639 1496 3703 amaritudinis
1507 3640 1540 3703 et
1553 3637 1794 3714 indignationis

172 3734 334 3809 Legimus
348 3734 436 3813 quod
450 3734 597 3814 quinque
612 3734 689 3796 sunt
708 3748 832 3811 genera
855 3749 938 3815 sup·
995 3738 1028 3798 et
1038 3737 1233 3817 plorationis
1244 3738 1463 3798 aeternae.Cnr
1473 3733 1792 3813 exceptusgenihns,

5 3882 6 3893 ,
136 3830 336 3907 pliciorum:
361 3831 427 3896 duo
454 3834 532 3893 ante
559 3833 711 3903 mortem,
741 3831 876 3894 tertium
904 3831 939 3897 in
995 3835 1209 3898 curiactatus
1230 3834 1399 3905 uberibus,
1422 3834 1519 3894 natus
1535 3833 1572 3892 in
1588 3830 1794 3893 combustio-

134 3930 250 3998 morte,
277 3930 311 3990 et
338 3929 404 3990 duo
427 3931 502 4007 post
526 3931 677 3995 mortem.
708 3929 844 3992 illorum
866 3946 940 4011 quae
995 3948 1082 4000 nem.
1092 3942 1125 3994 et
1137 3932 1231 3993 cibus
1241 3931 1633 4007 ignisiooareoeomca
1641 3930 1795 3991 eduxisti

137 4028 212 4089 ante
229 4028 371 4089 mortem
383 4027 623 4104 suntprimun
633 4026 837 4089 laboriosnm
848 4028 941 4090 estet
993 4031 1139 4097 metent
1152 4030 1288 4091 utinam
1297 4028 1796 4102 consumptoressemmeocc·

135 4122 391 4193 infructuosum,
416 4140 481 4202 quo
497 4125 676 4186 saeculares
697 4140 813 4186 curam
828 4126 940 4186 carnis
994 4131 1048 4188 tus
1062 4141 1117 4187 me
1134 4125 1279 4188 videret.
1294 4129 1454 4187 Pictorem
1470 4127 1569 4200 quac
1584 4127 1643 4198 qui
1654 4138 1724 4186 noc
1738 4139 1797 4185 es-

5 4260 6 4311 ,
137 4220 170 4281 in
182 4221 361 4282 desideriis
374 4221 533 4284 iacientes
545 4222 747 4285 cruciantur.
763 4222 826 4299 Qui
838 4223 941 4283 nimi·
994 4238 1077 4296 sem,
1097 4225 1306 4285 translatum
1324 4225 1369 4285 cd
1384 4220 1656 4301 tumorommon.
1672 4238 1707 4294 x,
1724 4218 1790 4300 18).

136 4333 208 4379 rum
223 4320 333 4396 poenis
345 4322 379 4381 et
392 4319 503 4382 tediis
513 4319 724 4396 gravioribus
734 4319 937 4392 alliciuntur,
995 4321 1166 4403 Siquidem
1179 4321 1299 4383 meiius
1312 4322 1385 4383 erat
1396 4321 1438 4393 ei,
1447 4321 1476 4382 si
1487 4323 1585 4382 natus
1596 4336 1662 4381 non
1673 4318 1793 4380 luisset

5 4472 6 4475 ,
138 4417 232 4495 quasi
244 4417 303 4494 qui
319 4418 516 4494 paupertate
530 4417 719 4479 voluntaria
735 4417 937 4493 affliguntur.
994 4418 1093 4480 homo
1117 4419 1186 4491 ille,
1210 4419 1287 4497 quia
1303 4418 1394 4482 ducit
1412 4419 1545 4500 quidem
1560 4417 1705 4481 inbonis
1720 4417 1792 4477 dies

5 4532 6 4541 ¹
139 4514 327 4576 Secundum
351 4529 419 4576 non
439 4514 491 4576 est
505 4528 682 4576 onerosum
709 4515 766 4577 sod
791 4515 942 4579 nuctuo-
995 4532 1088 4609 suos,
1117 4517 1150 4579 et
1170 4517 1205 4578 in
1240 4518 1362 4595 puncto
1388 4515 1430 4577 ad
1451 4515 1582 4577 inferna
1609 4513 1790 4576 descendit.

139 4626 219 4683 snm,
235 4612 513 4690 quopoenitentes
528 4611 939 4690 saeculofldeetoperihus
995 4616 1079 4675 Ecce
1107 4614 1212 4692 juder
1240 4615 1318 4676 ante
1339 4616 1477 4691 januam
1506 4612 1642 4673 assistit.
1668 4614 1793 4672 Tamen

5 4770 6 4775 ,
138 4710 370 4772 renuntiantes
397 4709 563 4787 castigant
586 4726 706 4787 corpus
730 4726 827 4771 suum
851 4712 886 4772 et
903 4710 939 4770 iu
994 4711 1106 4783 etiam,
1127 4711 1308 4773 secundum
1326 4710 1574 4787 Philosophum,
1594 4707 1792 4770 meticulosa

139 4807 332 4869 servitutem
353 4808 519 4884 redigunt.
542 4808 689 4874 Tertium
704 4823 784 4869 vero
799 4806 885 4885 qnod
905 4808 939 4871 in
993 4823 1048 4870 res
1063 4810 1114 4871 est
1128 4809 1221 4869 adire
1232 4807 1379 4886 judicem
1395 4806 1427 4868 et
1440 4821 1561 4883 pavere
1578 4804 1701 4883 judicIs
1716 4805 1793 4868 vul-

139 4908 242 4966 morte
256 4906 319 4973 est,
334 4905 403 4966 tam
415 4905 652 4982 poenitentibus
667 4922 766 4983 quam
783 4905 940 4983 impoeni-
991 4907 1076 4968 tum.
1092 4905 1152 4971 His
1170 4905 1317 4983 quisunt
1331 4904 1367 4965 in
1376 4903 1499 4965 mundo
1511 4903 1568 4965 dat
1579 4903 1683 4979 gratis
1697 4903 1793 4966 varia

139 5002 282 5064 tentibus
298 5005 361 5065 etsi
377 5019 445 5069 non
468 5003 631 5077 omnibus,
647 5004 690 5065 sit
703 5003 937 5081 periculosum,
994 5003 1154 5066 beneficia
1170 5005 1202 5065 et
1216 5006 1365 5079 tempora
1375 5000 1559 5063 fructifera.
1576 5001 1648 5073 His,
1663 5001 1794 5079 quigio-

5 5166 6 5173 ,
140 5100 289 5163 omnihus
304 5102 418 5163 tammi
433 5117 536 5178 grave
551 5105 602 5163 est
624 5103 659 5165 et
675 5101 937 5165 formidolosum.
994 5102 1170 5164 rideantur
1189 5102 1225 5165 in
1244 5102 1340 5175 ooelo,
1357 5100 1495 5178 praemia
1516 5101 1728 5177 sempiterna.
1739 5098 1788 5160 Ibi

5 5210 6 5263 l
138 5197 297 5261 Omnibus
311 5198 576 5269 formidolosum,
607 5199 686 5277 quia
713 5199 866 5264 omnibus
890 5199 941 5260 est
994 5200 1061 5263 erit
1079 5199 1232 5262 minister
1241 5198 1363 5260 Christi
1379 5214 1453 5260 cnm
1464 5198 1607 5262 Christo.

5 5362 6 5365 Ἴ
140 5308 325 5369 onerosum,
337 5295 486 5374 quaudiu
498 5297 601 5361 anxia
611 5296 757 5363 exeundi
770 5298 940 5360 marcian-
1035 5296 1192 5376 sequitur
1214 5318 1222 5357 ε
1245 5297 1283 5358 st
1308 5299 1386 5371 pots
1412 5299 1497 5358 milet
1523 5295 1791 5367 pcnetraverit,

140 5393 191 5459 tur
215 5387 469 5457 eiercitatione.
487 5395 552 5456 Sed
575 5394 870 5457 nonomnibusest
886 5411 940 5472 pe·
993 5387 1789 5470 ucwmneaottecmrcternaem(maumas).

141 5491 336 5565 rioniosum,
361 5492 442 5569 qma
474 5492 711 5570 poenitentibus
742 5493 939 5574 quandoque
993 5490 1130 5568 Triplici
1151 5490 1286 5552 'honore
1315 5487 1548 5551 honorificabit
1574 5487 1697 5549 electos
1725 5490 1794 5549 Do-

143 5590 191 5651 est
210 5590 409 5667 gloriosum,
441 5606 514 5652 oum
537 5591 661 5654 astanti
683 5593 757 5669 post
777 5591 939 5670 parietem
994 5589 1104 5650 minus
1135 5610 1143 5650 ε
1180 5587 1341 5665 dignitate
1381 5585 1509 5663 regali,
1556 5584 1792 5648 cohaereditate

143 5688 348 5752 occurrerint
363 5687 399 5749 in
414 5688 622 5759 transitionis
642 5689 937 5752 consummatione.
994 5685 1128 5760 Christi,
1151 5687 1185 5748 et
1207 5683 1425 5747 similitudine
1443 5683 1513 5746 Dei.
1537 5684 1715 5761 Digrtttctc
1734 5701 1794 5748 rc·
