3928 6200
110 349 156 414 iae
749 304 1078 412 misceamini.
1102 351 1127 412 1.
1705 345 1763 408 iio
1873 424 1876 429 Δ

141 511 240 585 Olim,
258 526 342 575 cuni
357 509 513 589 ageretur
526 523 638 573 coram
656 507 764 571 1611611
778 524 908 572 manio-
963 510 1049 571 male
1074 507 1154 581 sibi,
1184 509 1332 587 ejusdem
1360 507 1618 589 praedecessoris
1653 506 1760 569 nostri

115 611 165 673 ria
184 609 390 671 Innocentio
406 612 496 685 Papa
516 606 763 685 praedecessore
783 609 908 679 nostro,
963 606 1143 669 declinavit
1156 607 1343 685 aspectum,
1362 607 1420 669 sed
1435 608 1565 669 concito
1583 607 1759 668 6111111-

117 706 284 787 inpublico
296 704 509 778 consistorio,
522 703 910 782 dequadamincestuosa
963 720 1064 766 nuam
1079 704 1259 780 navigavit,
1276 708 1323 777 ut,
1334 705 1488 768 celeriter
1499 703 1758 780 transalpinare,

120 805 226 884 copula
247 820 327 882 quae
356 803 525 866 contracta
547 801 656 864 luerat
681 801 716 862 in
736 800 908 878 Hispania,
964 803 1079 863 contra
1105 801 1250 863 nobilem
1277 803 1385 864 virum
1411 803 1471 864 Th.
1502 800 1542 882 t‘)
1562 804 1761 863 'liecensem

120 901 358 983 pronunciavit,
373 902 536 978 praesente
550 899 748 961 clericorum
761 899 794 961 et
805 898 911 960 laico-
964 900 1118 962 comitem
1133 900 1307 963 suscitaret
1329 901 1485 974 schisma,
1511 900 1540 961 si
1555 899 1677 978 posset,
1694 914 1761 960 noii

120 1017 182 1063 rum
198 998 417 1062 multitudine
431 997 566 1074 copiosa
582 993 646 1076 (a),
669 996 755 1075 quod
775 997 862 1059 sicut
875 996 911 1057 iii
964 997 1071 1059 solum
1085 997 1121 1058 in
1140 1013 1242 1074 grave
1257 999 1449 1060 scandalum
1476 998 1571 1074 regni
1595 997 1758 1068 Franciae,

121 1097 208 1177 syria
223 1113 294 1159 una
314 1094 625 1158 ineratincestnose
648 1093 801 1171 copulata
823 1093 909 1155 duo·
962 1110 1079 1157 verum
1106 1095 1207 1157 etiam
1228 1095 1264 1157 in
1285 1112 1390 1173 grave
1413 1095 1622 1173 dispendium
1646 1096 1761 1155 Terrae

119 1178 184 1264 bns,¹
198 1194 249 1256 sic
266 1193 302 1255 in
314 1192 476 1270 Hispania
489 1207 575 1253 unus
588 1190 652 1252 sibi
671 1190 754 1252 duas
769 1191 910 1269 copula·
965 1194 1105 1254 Sanctae.
1123 1192 1185 1254 Sed
1200 1208 1373 1270 speramns
1389 1194 1425 1254 in
1441 1193 1579 1256 Domino
1601 1194 1635 1255 et
1648 1191 1682 1252 in
1695 1208 1759 1268 po*

118 1295 205 1355 verat
215 1292 423 1353 incestuose.
436 1290 476 1352 Et
488 1289 621 1367 quidem
635 1289 807 1366 peccatum
824 1289 910 1366 quod
962 1290 1066 1352 tentia
1081 1290 1214 1352 virtutis
1232 1291 1348 1369 ipsius,
1363 1291 1450 1369 quod
1469 1294 1541 1369 ejus
1555 1289 1759 1352 machinatio

117 1391 219 1453 inerat
238 1389 275 1450 in
293 1388 428 1451 Oriente
451 1387 664 1449 commissum
691 1386 839 1463 graviter
860 1387 911 1450 est
963 1404 1030 1448 non
1044 1389 1165 1465 poterit
1179 1389 1373 1466 praevalere,
1382 1405 1482 1466 quum
1498 1388 1671 1465 Philippus
1696 1403 1759 1448 rex

117 1487 275 1566 punitum,
297 1487 379 1564 quia
401 1483 566 1548 Corradus
588 1484 739 1545 marchio
765 1484 910 1545 Montis-
963 1487 1166 1547 Francorum
1177 1485 1318 1548 illustris
1340 1502 1489 1564 persnas
1509 1486 1648 1563 praelato
1671 1501 1760 1564 prae-

118 1583 226 1647 1611111
242 1584 357 1660 gladio
373 1581 433 1662 (1),
447 1584 483 1644 et
505 1582 670 1644 Henricus
693 1596 803 1643 comes
824 1583 910 1642 Tre-
963 1581 1131 1645 decessori
1157 1584 1271 1647 nostro
1300 1585 1427 1646 litteras
1455 1584 1632 1656 intimavit,
1659 1583 1757 1662 quod,

118 1682 220 1746 censis
232 1680 421 1759 praecipitio
445 1678 494 1760 (2)
517 1679 698 1757 perierunt,
724 1677 782 1756 qui
807 1677 910 1740 liliam
963 1679 1308 1756 quumdictumTh.ad
1316 1680 1611 1741 suumcomitatum
1619 1678 1757 1750 remisit,

117 1780 200 1856 regis
217 1777 518 1855 Hierosolymitani
533 1773 584 1857 (⁸),
604 1775 757 1854 adquam
771 1791 910 1852 regnum
964 1791 1023 1852 per
1037 1775 1249 1853 privilegium
1268 1775 1331 1838 sibi
1347 1777 1462 1852 regale
1481 1777 1655 1848 concessit,
1672 1775 1759 1853 quod

117 1876 293 1955 spectabat,
330 1875 395 1936 sibi
427 1873 707 1953 praesumpserant
737 1873 911 1949 illegitime
963 1874 1161 1936 auctoritate
1193 1874 1289 1952 petiit
1327 1873 1516 1951 apostolica
1556 1872 1759 1940 confirmari,

117 1974 271 2050 copulare
294 1994 303 2034 ε
325 1973 413 2034 unde
434 1972 567 2033 illorum
593 1970 781 2049 exemplum
806 1970 910 2031 alium
963 1972 1049 2047 quod
1062 1988 1168 2049 iisque
1182 1972 1224 2034 ad
1245 1972 1428 2048 legitimam
1450 1974 1521 2049 ejus
1536 1973 1667 2034 aetatem
1689 1970 1761 2030 nul·

118 2068 272 2132 debuerat
297 2069 465 2131 deterrere
489 2084 531 2129 ne
554 2067 698 2129 similem
721 2066 851 2143 culpam
875 2066 910 2127 in
963 2072 1030 2132 lam
1051 2069 1092 2131 de
1107 2070 1160 2131 his
1174 2070 1290 2132 contra
1305 2071 1413 2146 ipsum
1427 2070 1596 2147 querelam
1616 2068 1756 2130 audiret.

119 2167 290 2229 Occidente
312 2165 543 2236 committeret,
569 2165 626 2242 qui
645 2163 770 2225 forsan.
784 2163 910 2225 idcirco
1002 2168 1159 2230 volentes
1190 2167 1292 2244 igitur
1320 2166 1570 2229 imminentibus
1600 2166 1758 2243 periculis

119 2278 244 2340 poeiiam
267 2260 412 2323 similem
436 2276 502 2322 11011
522 2259 675 2328 incurrit,
700 2258 779 2336 quia
802 2258 911 2336 1111111-
963 2264 1110 2337 obviare,
1124 2264 1334 2326 universitati
1348 2265 1469 2327 vestrae
1491 2279 1551 2341 per
1568 2263 1759 2341 apostolice

120 2363 187 2422 tans
199 2359 239 2422 de
251 2358 441 2421 commissis
455 2358 730 2435 utramqueasuo
742 2357 910 2419 consortio
963 2363 1086 2440 scripta
1110 2362 1333 2440 praecipiendo
1362 2361 1568 2433 mandamus,
1594 2361 1757 2439 qnatenus

122 2457 282 2533 separavit
297 2453 357 2537 (11).
963 2460 1086 2522 dictum
1101 2461 1263 2521 Erardum
1279 2460 1313 2522 et
1332 2460 1532 2537 Philippum,
1549 2458 1579 2519 si
1600 2458 1685 2521 forte
1707 2473 1759 2519 oo·

158 2554 367 2616 Postmodum
379 2554 502 2627 aulem,
521 2569 596 2616 011¹ss
611 2552 760 2631 ejusdem
775 2551 908 2630 1111116·
962 2558 1097 2621 cesione
1124 2557 1319 2636 praescripta
1354 2557 1626 2635 praesumpserint
1655 2556 1757 2617 mali-

124 2653 255 2714 cessoris
278 2651 386 2713 nostri
414 2650 532 2713 fuisset
558 2650 696 2711 auribus
721 2649 909 2712 intimatum
961 2656 1069 2732 gnari,
1087 2659 1190 2718 Deum
1209 2654 1370 2717 babentes
1394 2669 1463 2731 prae
1485 2653 1601 2725 oculis,
1628 2653 1757 2715 sublato

123 2749 202 2825 guod
222 2748 370 2811 Erardns
392 2748 432 2810 de
454 2751 563 2810 Brena
590 2747 909 2824 Hierosolymitanas
962 2751 1139 2831 cujuslibet
1163 2751 1434 2814 contradictionis
1465 2751 1499 2812 et
1523 2750 1757 2827 appellationis

123 2846 380 2924 partesadierat,
397 2846 433 2908 ut
453 2862 553 2908 unam
569 2846 609 2906 de
630 2843 757 2906 duabus
777 2844 909 2905 filiabus
961 2850 1148 2923 obstaculo,
1186 2865 1247 2928 per
1284 2865 1459 2912 censuram
1496 2848 1756 2910 ecclesiasticam

121 2944 243 3019 praefafi
265 2943 409 3015 comitis,
435 2959 518 3021 (luas
540 2943 582 3004 de
603 2942 663 3004 tali
687 2942 806 3019 copula
827 2957 909 3018 pro·
961 2947 1189 3025 compescatis
1206 2948 1397 3009 mandatnm
1412 2945 1629 3023 apostolicum
1644 2945 1756 3007 taliter

10 3066 12 3137 1
122 3041 296 3111 creaverat,
310 3041 500 3118 Philippum
515 3039 680 3113 videlicet,
696 3038 760 3101 sibi
773 3039 909 3105 duceret
960 3044 1141 3122 impleturi,
1157 3045 1243 3123 quod
1258 3044 1299 3105 (16
1322 3044 1496 3120 diligentia
1517 3043 1665 3105 studiosa
1679 3058 1753 3103 me-

11 3148 12 3155 *
122 3136 305 3208 inuiiorem,
315 3138 753 3201 utcomitatumTrecensem
764 3137 797 3198 et
806 3136 908 3197 aliam
961 3142 1102 3204 reamini
1119 3142 1354 3205 commendari.
1380 3142 1498 3204 Datum
1517 3142 1642 3210 Romae,
1667 3140 1754 3217 apud

121 3235 236 3296 terram
249 3237 291 3297 ad
315 3235 467 3299 eumdem
482 3235 648 3312 qnondam
663 3234 815 3296 comitem
828 3250 907 3311 per·
962 3240 1118 3302 Sanctum
1137 3242 1284 3313 Petrum,
1305 3240 1404 3302 tertio
1428 3256 1533 3301 nonas
1557 3238 1751 3311 decembris,

122 3331 272 3396 tinentem
294 3332 359 3395 sibi
383 3333 559 3395 occasione
586 3331 775 3409 hujusmodi
797 3331 909 3393 viiidi-
960 3338 1172 3416 pontificatus
1184 3338 1289 3401 nostri
1302 3353 1391 3400 anno
1401 3337 1520 3416 primo,

123 3431 216 3500 caret,
235 3432 324 3494 idem
352 3430 578 3508 praedecessor
600 3430 724 3502 noster,
752 3428 907 3508 quoniam
1422 3486 1430 3501 ,

13 3564 19 3619 ,¹
121 3526 279 3591 intellexit
291 3529 379 3607 quod
391 3528 450 3589 illa
470 3528 579 3605 ipsum
599 3527 752 3605 proxima
764 3543 909 3588 consan-
1259 3520 1470 3629 LXXXIV

13 3640 14 3653 *
121 3625 284 3700 guinitatis
300 3626 392 3688 linea
415 3623 608 3701 attingebat,
628 3623 707 3687 16611
729 3624 836 3686 eidem
848 3639 908 3701 per
1439 3650 1442 3655 ⁴

12 3762 13 3805 ,
121 3724 235 3785 sanctae
254 3722 425 3786 memoriae
445 3722 615 3784 albertum
631 3721 908 3800 Hierosolymita-
1032 3724 1084 3783 Ad
1101 3724 1274 3796 episcopos
1292 3720 1325 3781 61
1340 3722 1485 3782 heroicas
1506 3720 1679 3780 Froectoe.

13 4446 15 4483 ,
116 4405 198 4466 soris
225 4407 389 4479 absentia,
418 4423 486 4468 non
515 4407 566 4469 est
594 4406 719 4468 veritus
742 4422 815 4467 eam
841 4404 905 4467 sibi

121 3833 194 3881 num
213 3821 438 3899 patriarcham
469 3821 662 3883 solemniter
686 3819 841 3883 interdici
864 3836 906 3882 ne
1259 3821 1449 3881 11661116.

120 3919 908 3997 praesumeretcumillacontraliere,quumman-
960 3959 1069 4022 [nm
1104 3955 1186 4007 nni
1221 3953 1296 4019 episi.
1317 3954 1358 4004 3¹·
1379 3980 1412 3992 ,,
1431 3954 1547 4018 nonque
1582 3951 1684 4007 hericii
1708 3951 1753 4003 des

119 4012 241 4079 daverit
252 4018 356 4080 testes
368 4016 473 4095 recipi
489 4033 589 4095 super
603 4017 691 4078 linea
706 4015 907 4091 consangui-
1008 3996 1021 4022 ⁰
1074 3994 1081 4019 ’
1170 3990 1556 4098 11111611,1.11111,ρ.611].’

117 4110 225 4175 nitatis
253 4115 433 4193 praedictae,
459 4115 496 4177 nt
529 4114 569 4177 de
594 4114 828 4191 impedimento
851 4113 905 4175 le·
980 4180 986 4194 ,
1059 4180 1066 4192 ,
1216 4179 1222 4191 ‚
1338 4177 1391 4190 ‚‚
1466 4177 1471 4188 ,
1554 4175 1560 4189 ,
1745 4177 1751 4189 ,

116 4209 225 4284 giumo
248 4212 373 4274 certior
395 4211 601 4274 redderetur·
630 4213 704 4289 Ipse
728 4227 807 4272 vem
833 4211 907 4288 post
959 4181 1083 4238 Simonis
1105 4180 1240 4253 'iprensis
1267 4176 1488 4250 archiepiscopi,
1515 4190 1562 4234 cui
1591 4174 1753 4234 maturandi

116 4309 259 4384 praedicti
269 4310 395 4371 obitum
408 4308 619 4388 patriarchae,
635 4309 767 4386 captata
778 4324 907 4369 succes·
993 4268 1258 4370 q'uoesigfflw'um
1281 4267 1310 4369 Ψ
1338 4267 1454 4324 Temm
1484 4264 1751 4366 53⁰⁰¹⁰ffl.⁹‘⁰s‘³⁰'

993 4364 1100 4415 tionem
1115 4370 1182 4414 cura
1197 4370 1351 4414 commissa
1364 4362 1420 4425 eei,
1436 4355 1611 4428 legationem
1625 4370 1654 4411 iii
1671 4356 1754 4413 Fran·

116 4501 314 4568 clandestine
338 4504 494 4581 copulare
522 4503 698 4565 ambitiosa
725 4503 905 4579 cupiditate
993 4452 1218 4505 ciaaucioiitaie
1233 4445 1610 4503 sueconlirniatilonorius.

115 4604 263 4677 meatus,
280 4619 356 4664 oum
372 4601 497 4664 nonsit
512 4601 581 4662 illia
596 4601 817 4677 primogenita
831 4617 905 4678 qnae
998 4590 1170 4653 Honorius
1192 4590 1366 4667 episcopiis
1369 4631 1478 4659 ......
1506 4583 1753 4649 venerabilibus

14 4752 15 4755 ,
114 4698 284 4777 utcumque
305 4699 509 4773 succederet,
533 4699 562 4760 11
577 4700 634 4776 jus
655 4697 793 4760 haberet
816 4698 904 4761 alte·
957 4687 1116 4752 fratribus
1131 4685 1402 4763 archiepiscopis,
1419 4683 1582 4761 episcopis
1604 4683 1637 4743 et
1654 4681 1753 4742 dilec-

14 4850 16 4863 ,
114 4798 200 4859 rutra
212 4797 423 4861 succedendi.
956 4786 1000 4848 tis
1015 4785 1094 4847 liliis
1109 4783 1282 4845 abbatibus
1295 4784 1328 4843 et
1341 4781 1417 4842 aliis
1439 4779 1655 4842 ecclesiarum
1670 4794 1753 4855 prae·

14 4934 15 4967 ,
152 4896 273 4957 Etcum
288 4910 378 4957 anno
393 4895 561 4971 praeterito
576 4910 650 4957 oum
670 4893 782 4956 multis
796 4894 906 4971 appii.
957 4883 1045 4956 latis,
1073 4879 1293 4960 principibus,
1326 4876 1507 4941 baronibus
1538 4876 1572 4939 et
1594 4875 1751 4939 universo

116 4991 903 5069 61116111611,6616111116111611)-
958 4980 1078 5059 pondo
1114 4995 1175 5057 ver
1208 4977 1387 5039 araneam.
1421 4974 1619 5049 constitutis,
1659 4975 1753 5037 salu-

116 5084 464 5163 benemerentibus,
480 5090 564 5168 ipse,
577 5090 735 5167 tanquam
750 5089 904 5152 conscius
959 5081 1035 5149 iem,
1050 5079 1113 5140 616·

150 5299 190 5373 (al
215 5305 316 5362 Exsim
343 5302 501 5362 innocentii
527 5300 673 5360 decretum
697 5300 835 5359 adversus
859 5302 905 5359 Al·
993 5290 1028 5365 (⁶)
1048 5289 1211 5350 1111611111.

119 5368 212 5497 fflonsi
226 5377 264 5432 ix
272 5375 463 5448 legionensis
471 5374 549 5447 regis
563 5374 687 5430 11661111
706 5387 743 5429 nii
766 5373 819 5430 tias
837 5387 903 5431 cuin
993 5378 1032 5452 (a)
1048 5381 1132 5437 Anno
1146 5392 1214 5435 vero
1231 5376 1310 5444 liei,
1328 5374 1500 5450 alphonsus,
1517 5376 1564 5448 qni
1586 5375 1750 5431 incestuose

157 5388 901 5518 “0⁸¹³P⁰lll¹8⁸le¹¹8b811¹1011992illllssssdluzluln,
957 5451 1075 5509 alteram
1101 5450 1187 5507 etiam
1211 5448 1365 5521 conjugem
1394 5447 1596 5520 berengariam
1620 5443 1749 5510 duxerat,

120 5517 137 5567 ¹·
152 5515 172 5581 ¹2
182 5530 246 5590 1811·
260 5517 325 5574 3⁷9·
957 5522 1122 5596 poenitcntia
1140 5519 1241 5577 ductus
1265 5534 1330 5576 eain
1350 5534 1369 5575 a
1389 5534 1420 5575 se
1442 5518 1575 5590 religiose
1594 5515 1749 5587 separavit,

150 5600 187 5675 tl)
205 5605 259 5663 An.
281 5604 363 5662 1192.
956 5600 1029 5652 teste
1043 5600 1190 5665 gestorum
1206 5591 1363 5648 innocentii
1377 5596 1501 5649 auctore.

150 5692 362 5766 (1111111.
422 5670 428 5682 '
993 5680 1028 5755 1)
1048 5678 1252 5738 ricohardum.
