3900 6202
104 302 159 365 aar
720 270 950 360 amaneum
973 298 1052 359 nm.
1076 299 1118 358 1..
1677 302 1736 364 ies

98 474 228 524 manum
239 455 433 520 Pontificem
443 456 675 535 protectorem,
686 457 884 521 auctoritate
938 457 1097 520 servaret.
1120 457 1244 520 Varum
1269 455 1389 529 lidam,
1418 472 1485 520 non
1512 458 1734 522 consideratis

97 557 186 620 vohis
195 555 407 633 presentium
422 553 643 631 indulgemus,
658 556 695 617 ut
707 555 736 617 si
751 555 883 633 quando
938 555 1196 617 circumstantiis
1215 555 1351 631 negotii,
1368 571 1429 617 neo
1449 556 1599 618 ecclesiae
1613 559 1734 619 vestrae

96 657 129 718 iu
141 653 287 717 ecclesiis
300 652 498 715 vacantibus
514 651 680 731 inquibus
693 670 760 714 non
775 653 885 715 ambi·
938 654 1149 730 privilegium
1168 653 1374 715 attendentes
1391 655 1650 731 pronuntiarunt
1669 655 1736 716 im-

98 750 654 830 gitur,vosjuspatronatushabere,
667 753 884 828 praesentatos
939 751 1136 827 prudenter,
1159 750 1214 812 vel
1249 751 1358 827 potius
1391 751 1615 828 impudenter,
1647 752 1735 829 quod

98 848 733 926 anobisquosconstiteritessaidoneos
746 847 884 910 arbitrio
939 846 1032 925 prior
1053 847 1202 909 ecclesiae
1225 848 1345 909 vestrae
1365 865 1439 909 cum
1462 848 1607 926 quinque
1627 864 1734 910 cano-

97 948 248 1010 bonorum
272 946 417 1007 virorum
444 947 663 1007 cornmuniter
691 944 882 1017 electorum,
939 945 1036 1018 uicis,
1057 944 1116 1007 aut
1129 945 1158 1005 si
1179 944 1266 1006 idem
1281 945 1373 1022 prior
1384 962 1532 1023 praesens
1552 962 1619 1008 non
1634 945 1733 1020 esset,

98 1044 220 1125 praelati
233 1043 407 1105 admittere
422 1043 687 1120 praetermittunt,
701 1058 761 1106 ros
776 1044 886 1105 aucto·
940 1042 994 1103 vel
1013 1041 1234 1119 personaliter
1257 1041 1308 1103 ire
1327 1058 1393 1103 non
1408 1045 1529 1119 posset,
1546 1059 1606 1105 san
1616 1043 1738 1105 exfra-

98 1141 188 1202 ritate
199 1140 314 1200 nostra
329 1138 547 1200 ecclesiarum
557 1134 693 1199 illarum
705 1136 885 1214 proventus
940 1139 1047 1201 tribus
1080 1139 1122 1200 ed
1157 1142 1318 1217 majoram
1347 1140 1521 1201 ecclesiam
1549 1141 1585 1202 iu
1622 1142 1736 1202 Missae

98 1237 223 1301 iuterim
236 1235 272 1297 in
295 1251 376 1297 usus
394 1236 547 1313 proprios
564 1236 758 1298 convertere
771 1235 887 1297 valea·
940 1236 1078 1315 majoris
1105 1236 1262 1298 solemnis
1289 1237 1326 1298 in
1361 1237 1502 1314 singulis
1531 1238 1733 1314 supradictis

98 1337 146 1409 tis,
160 1335 206 1396 ita
225 1334 391 1395 duntaxat
409 1333 496 1410 quod
511 1333 662 1395 ecclesiae
677 1332 744 1395 illae
766 1332 886 1395 debitis
940 1333 1174 1396 festivitatibus
1188 1334 1328 1396 debeant
1340 1336 1529 1396 convenire.
1546 1336 1615 1396 Nos
1631 1335 1737 1411 igitur

99 1432 234 1494 servitiis
245 1447 315 1493 nou
326 1430 743 1504 fraudentur,atcanouica
754 1430 887 1508 justitia
941 1431 1158 1502 attendentes,
1174 1432 1260 1509 quod
1273 1448 1317 1493 ex
1332 1432 1521 1511 hujusmodi
1536 1432 1674 1494 arbitrio
1690 1432 1737 1492 li-

99 1529 309 1608 quaedebetur
323 1529 566 1606 episcopisnon
580 1527 888 1601 laedatur,necadat
941 1530 1053 1590 bertas
1088 1530 1239 1592 eeclesiae
1266 1530 1386 1592 vestrae
1410 1531 1591 1605 minuitur,
1621 1531 1655 1593 et
1678 1545 1739 1607 per

102 1626 167 1709 [nec
190 1624 323 1707 noceat]
343 1625 438 1688 vobis
458 1627 593 1704 propter
613 1625 677 1687 hoc
695 1627 825 1704 tempus
850 1626 886 1687 in
942 1627 1217 1690 substractionem
1230 1629 1280 1690 tot
1297 1644 1516 1705 personarum
1535 1627 1739 1690 solemnitati

101 1724 308 1817 lateranensi
338 1723 480 1786 ecclesia
503 1724 682 1786 constituto
711 1722 887 1804 [constitu-
942 1725 1150 1788 subtrahitur
1173 1724 1373 1798 divinorum,
1395 1726 1587 1788 auctoritati
1610 1740 1740 1804 qrroqua

100 1821 184 1902 iuml,
200 1822 283 1899 quin
299 1822 493 1898 praesentati
509 1837 530 1882 a
544 1820 640 1883 vobis
651 1821 682 1881 si
694 1821 760 1882 sint
775 1820 887 1883 idonei
941 1824 1033 1887 Sedis
1047 1822 1258 1901 apostolicae,
1268 1823 1323 1885 cui
1337 1822 1495 1900 praedicta
1508 1823 1649 1885 ecclesia
1662 1838 1742 1884 ves-

105 1919 221 1982 institui
245 1918 390 1981 debeant
417 1917 454 1980 in
478 1918 604 1980 eisdam
633 1934 708 1980 oum
732 1934 799 1979 non
827 1934 889 1979 ne-
941 1923 994 1984 tra
1015 1921 1066 1983 est
1082 1920 1173 1983 nullo
1197 1921 1364 1983 mediante
1387 1921 1547 1999 subjecta,
1560 1920 1741 1997 plurimum

101 2017 292 2094 gigantibus
318 2017 377 2078 sed
396 2033 478 2079 cura
494 2018 573 2105 jura
595 2031 656 2077 sua
672 2015 888 2093 vigilantibus
942 2020 1132 2096 derogatur,
1154 2035 1229 2081 oum
1251 2019 1315 2080 etsi
1340 2018 1741 2082 voluissentservitutam

102 2115 205 2178 debeat
226 2114 412 2177 subveniri.
430 2114 523 2176 Nulli
543 2129 634 2190 ergo,
649 2114 751 2186 etc...‚
765 2112 888 2176 nostrae
943 2117 1114 2194 imponere
1126 2115 1226 2178 reiad
1237 2116 1339 2177 alium
1350 2115 1542 2193 pertinenti,
1556 2115 1605 2177 sic
1617 2114 1742 2177 dictum

103 2213 331 2285 concessionis,
348 2212 412 2275 etc.
431 2213 467 2274 Si
485 2212 560 2289 quis
577 2212 800 2284 automata...
817 2213 888 2272 Da·
944 2214 1119 2276 arbitrium
1155 2214 1310 2275 duximus
1345 2213 1617 2290 temperandum,
1653 2211 1742 2289 quod

102 2312 162 2373 turn
185 2310 356 2383 Laterani,
389 2312 482 2372 XVII
514 2309 676 2371 kalendas
710 2308 887 2377 fabruarii,
944 2312 1096 2374 ecclesiae
1116 2312 1223 2373 sancti
1245 2311 1381 2373 Martini
1405 2311 1514 2372 bonor
1528 2310 1657 2372 debitus
1678 2309 1744 2369 im-

102 2409 304 2486 portiticatus
319 2407 428 2471 nostri
442 2422 530 2470 anno
545 2406 663 2485 primo.
945 2410 1120 2488 pendatur,
1136 2402 1169 2471 et
1183 2409 1327 2471 ecclesia
1336 2409 1449 2470 restra
1463 2408 1538 2486 plus
1549 2407 1660 2469 debito
1675 2421 1744 2469 non

944 2506 1383 2587 gravetur,ridelicet,quod
1397 2506 1432 2567 in
1449 2505 1627 2568 antedictis
1642 2502 1742 2566 lesti-

438 2638 535 2726 Μ
945 2605 1103 2669 vitatibus
1117 2607 1185 2667 tres
1198 2604 1361 2667 duntaxat
1370 2603 1524 2665 canonici
1535 2603 1633 2681 juxta
1646 2601 1742 2679 prio-

945 2704 993 2765 ris
1006 2702 1291 2775 arbitrium,more
1306 2701 1404 2763 solito
1417 2700 1458 2762 ad
1474 2700 1649 2762 ecclesiam
1665 2714 1743 2761 con·

945 2801 1082 2864 veniant
1123 2810 1366 2872 memoratam,
1414 2796 1603 2875 hujusmodi
1653 2796 1744 2858 enim

946 2898 1171 2962 moderatione
1193 2898 1337 2970 servata,
1354 2897 1387 2959 et
1400 2896 1503 2973 quieti
1518 2896 1639 2957 vestrae
1658 2909 1742 2955 con-

946 2996 1078 3069 sulitur,
1092 2996 1125 3057 et
1139 2994 1340 3057 cathedralis
1361 2993 1503 3055 ecclesia
1523 2990 1743 3053 nihilominus

946 3093 1141 3157 honoratur.
1158 3091 1250 3155 Nulli
1265 3108 1357 3168 ergo,
1374 3092 1475 3153 etc...‚
1491 3089 1614 3151 nostrae
1633 3087 1744 3149 mode·

387 3179 420 3237 ¹⁷
431 3176 494 3252 iifl·
512 3176 592 3236 ¹2¹⁷·
946 3191 1100 3261 rationis,
1113 3190 1164 3253 etc
1168 3234 1228 3251 .....
1248 3190 1283 3251 Si
1298 3190 1372 3267 quis
1387 3190 1510 3261 autem,
1527 3188 1642 3248 etc.....
1668 3187 1744 3249 Da·

162 3338 231 3405 [ffl
243 3339 306 3391 aar.
318 3336 389 3389 3934·
399 3337 459 3389 uss.
472 3335 652 3403 assuetusque
672 3332 826 3399 nationale]
946 3292 1018 3353 tum
1030 3289 1198 3361 Laterani,
1210 3290 1285 3350 XVI
1297 3287 1458 3349 kalendas
1474 3283 1645 3357 fabruarii,
1662 3298 1747 3361 pon-

947 3386 1092 3452 tificatus
1104 3387 1211 3450 nostri
1225 3401 1314 3448 anuo
1330 3385 1449 3462 primo.

104 2837 149 2897 Ad
168 2838 364 2898 micerium
391 2836 550 2909 priorem
567 2833 704 2896 Sarrctae
725 2835 892 2895 Roruorroe

136 2937 294 2997 Ecclesia
312 2934 642 3005 vicecancellarium,
656 2931 690 2994 ct
703 2932 892 3007 capitutum

137 3032 243 3094 soracti
255 3031 408 3093 Martini
422 3030 565 3090 Lucani.

17 3514 19 3537 .
106 3481 213 3556 Gonigit
238 3478 398 3556 quamdam
421 3479 594 3539 senteutiam
618 3476 797 3536 arbitrariam
820 3478 894 3533 luter

135 3571 266 3629 maasias
281 3571 311 3629 S.
327 3569 439 3628 Martiui
454 3575 483 3626 at
497 3568 526 3628 S.
545 3566 691 3641 Frigdiani
710 3563 747 3623 ad
766 3564 892 3623 levorem
1236 3612 1239 3615 ,

18 3708 20 3711 .
136 3660 162 3717 S.
175 3658 340 3735 Frigdiaui3
354 3657 452 3716 statuit
464 3664 497 3715 ut
514 3662 572 3714 tres
585 3663 698 3714 tautum
711 3653 844 3713 canonici
858 3654 894 3712 ad
1289 3642 1407 3730 CLX]

18 3766 19 3799 l
135 3748 278 3807 arbitrium
288 3744 556 3821 priorisdeputaudi
565 3742 766 3804 adcoclesiam
778 3743 808 3801 S.
823 3743 896 3803 biar-

18 3846 20 3873 ‘
137 3836 182 3895 ω
193 3838 282 3896 “¹⁰⁸
296 3834 399 3894 (ΗΘΜ
411 3833 595 3894 mmmm·
1027 3850 1081 3912 Ad
1093 3846 1324 3924 praepositum
1341 3847 1450 3920 piebis
1468 3846 1510 3905 dc
1532 3843 1668 3904 Brtssto

1141 3946 1386 4007 Mediomatcrcs.
1402 3943 1566 4004 dracmas.

142 4000 183 4060 Ea
202 4014 278 4078 quea
292 4012 354 4076 per
374 3994 665 4074 improvidentiam
688 3992 892 4067 statuuntur,
1121 4064 1131 4079 ,

110 4097 231 4172 provida
243 4112 307 4159 nos
323 4095 416 4157 decet
430 4091 698 4156 consideratione
713 4091 893 4167 corrigere,
1242 4102 1275 4160 18
1291 4100 1353 4175 jan,
1375 4098 1455 4159 ¹217.

20 4196 22 4275 t
111 4195 283 4269 prasertim
314 4207 389 4256 cum
418 4192 452 4254 et
472 4188 604 4253 ratione
632 4190 710 4251 sunt
735 4204 842 4250 vacua
863 4187 897 4250 et

21 4284 23 4373 s
111 4291 218 4354 statum
239 4291 383 4356 onerant
405 4289 581 4362 libertatis,
598 4304 638 4350 ac
658 4286 735 4350 Sedi
749 4286 895 4365 aposto-
982 4281 1056 4349 [uod.
1067 4281 1114 4333 ist.
1124 4277 1196 4340 ³⁰³²»
1206 4294 1233 4345 1>-
1246 4277 1286 4332 ³⁰·
1301 4277 1360 4330 ³¹⁸³·
1374 4274 1554 4342 ablataeque
1565 4271 1718 4337 dadanus]

21 4390 23 4459 ᾗ
111 4384 175 4451 lica
198 4388 432 4469 praejudicium
462 4387 585 4449 afferre
610 4384 777 4447 ridentur.
809 4386 897 4445 Sana

22 4538 23 4573 3
113 4487 306 4560 pervenitad
321 4484 525 4548 audientiam
545 4484 706 4555 nostram,
727 4481 814 4561 quod
829 4481 895 4543 du-

22 4600 23 4657 }
114 4580 180 4644 dum
197 4586 284 4649 inter
300 4579 894 4657 ecclesiamvestramexparteuna,

951 4442 1108 4516 Praeposito
1119 4439 1211 4516 plebis
1219 4437 1255 4497 de
1264 4437 1371 4497 Brissio
1382 4435 1605 4497 mediolanensis
1614 4433 1748 4492 dioecesis

986 4532 1131 4606 significet
1149 4543 1184 4587 se
1201 4530 1346 4587 relaxasse
1360 4527 1533 4584 sententiam
1552 4521 1750 4596 suspensionis

23 4684 24 4691 ,
179 4683 185 4694 .
354 4681 361 4693 .
489 4679 496 4693 .
725 4677 732 4689 .
850 4675 894 4688 ‚,
986 4622 1182 4680 istamcontra
1197 4617 1333 4676 clericum
1344 4614 1482 4683 salinum,
1496 4613 1545 4685 qui
1560 4615 1749 4685 praeoptatus

23 4722 25 4771 ὲ
115 4679 143 4739 et
158 4680 289 4746 dsseews
315 4682 403 4743 ffl¹⁰⁸
425 4679 607 4757 “apstulum
628 4677 735 4739 samu
761 4676 898 4738 Mamm
987 4708 1079 4767 iuerat
1092 4712 1206 4782 propter
1219 4703 1412 4776 receptionem
1427 4701 1584 4757 litterarum
1599 4695 1746 4766 salsarum,

23 4774 25 4849 l
115 4776 227 4841 Lucani
240 4796 284 4842 01
303 4780 421 4851 alteras
436 4776 633 4856 (luibUSdflffl
659 4772 897 4853 (luaestiffllihus
988 4812 1053 4857 cum
1067 4792 1272 4868 conprobetur
1290 4789 1424 4849 eumdem
1440 4787 1560 4846 scivisse
1575 4785 1640 4843 ilias
1660 4782 1751 4842 luisse

117 4876 281 4950 suscitatis,
296 4876 385 4938 inter
397 4877 438 4936 Κ.
455 4873 683 4952 presbyterum
705 4872 738 4933 et
751 4870 898 4947 priorem
988 4885 1086 4945 sapsas,

117 4974 210 5036 sancti
220 4973 396 5036 Michaelis
405 4972 548 5046 desero,
563 4971 596 5033 et
608 4969 805 5032 Gotiiridum
818 4969 899 5030 Cau·

117 5068 254 5145 sidicum,
269 5074 430 5149 tanquam
454 5069 489 5130 in
508 5068 653 5131 arbitros
681 5065 896 5139 convenistis,
993 5056 1054 5118 Illo
1067 5051 1123 5133 qui
1135 5050 1269 5113 mentiri
1287 5063 1354 5110 non
1368 5046 1476 5125 potest
1494 5043 1683 5107 affirmante
1697 5043 1751 5104 dl-

117 5164 245 5235 inricem
262 5169 505 5249 promittentes,
521 5166 608 5246 quod
624 5165 784 5244 quidquid
797 5164 899 5227 iidem
954 5154 1105 5225 dicimus,
1120 5149 1205 5228 quod
1229 5144 1462 5210 misericordes
1485 5141 1750 5205 misericordiam

118 5268 312 5331 concorditer
340 5281 441 5346 super
471 5265 688 5345 quaestionem
712 5263 901 5341 processio-
955 5247 1212 5327 consequuntur,
1233 5244 1291 5323 qui
1310 5244 1411 5306 etiam
1433 5258 1496 5304 nos
1519 5238 1750 5302 misericordia

118 5360 253 5442 nis,quae
271 5365 346 5428 fleri
361 5365 446 5426 solet
461 5364 497 5425 in
515 5361 752 5426 festivitatibus
766 5361 902 5421 sancto·
955 5351 1072 5427 dignos
1093 5344 1245 5408 invenire
1268 5341 1473 5413 desiderans,
1495 5338 1611 5410 estote,
1628 5334 1748 5412 inquit,

119 5473 184 5522 rum
208 5463 344 5527 Martini
372 5463 406 5525 et
433 5460 553 5537 Reguli
580 5460 614 5522 et
640 5457 788 5522 secunda
816 5456 902 5519 feria
956 5442 1188 5509 misericordes
1198 5441 1285 5503 sicut
1294 5441 1328 5501 et
1336 5439 1431 5517 pater
1440 5433 1752 5499 vastermiserioors

120 5554 374 5623 Resurrectionis
413 5557 606 5631 Dominicae,
633 5572 694 5635 per
727 5554 903 5618 arbitrium
957 5547 1018 5618 est,
1033 5542 1090 5623 qiu
1104 5539 1185 5603 iacit
1202 5538 1306 5601 solam
1316 5551 1413 5598 suum
1429 5533 1511 5596 oriri
1531 5546 1632 5609 super
1646 5531 1751 5641 bonos

122 5655 371 5735 promulgarant,
388 5657 529 5736 emaque
547 5670 625 5735 pars
639 5653 672 5717 id
684 5650 848 5732 reciperet
871 5651 904 5714 et
958 5641 992 5706 et
1005 5639 1121 5713 malos,
1135 5638 1168 5701 et
1182 5635 1268 5716 pluit
1279 5642 1379 5713 super
1388 5630 1497 5711 justos
1512 5628 1639 5709 pariter
1651 5628 1684 5691 et
1699 5644 1754 5690 1n-
