3900 6202
73 315 126 382 151
689 308 919 371 spissum.
943 309 1021 371 LIB.
1045 311 1070 373 Ι.
1644 316 1702 380 154

4 460 5 463 ¹
75 488 357 567 submergentes
371 487 448 550 ilios
462 499 698 562 nonnunquam
713 499 856 548 consue·
910 501 970 547 sua
996 486 1092 548 nobis
1118 486 1344 551 insinuatione
1368 490 1577 565 monstravit,
1603 492 1702 569 quod,
1761 492 1764 497 '

74 592 111 655 vit
127 588 165 652 ab
186 585 384 666 hujusmodi
413 583 684 646 constitutionum
711 581 856 659 impedi·
911 599 1011 659 quum
1032 583 1105 667 ipse
1119 600 1194 646 cum
1211 585 1354 648 Lodoico
1377 586 1599 664 primogenito
1614 589 1705 667 regis

3 676 5 731 5
74 687 168 751 mento
194 683 395 754 subducere,
425 695 506 760 quos
530 694 550 740 a
571 678 745 756 parentum
765 677 856 739 vitiis
911 679 1062 741 Francia
1084 680 1126 742 ad
1157 681 1385 759 occupandum
1410 699 1549 761 regnum
1576 687 1706 764 angliae

74 784 168 863 gaila
201 779 430 861 praeveniente
467 775 644 838 subductos
679 774 857 838 virtutibus
911 775 1169 849 transfretasset,
1188 776 1222 838 et
1234 776 1357 838 ibidem
1376 776 1494 842 suisset
1512 780 1707 860 aliquandiu

74 878 222 958 conspicit
230 877 393 950 eminere,
403 890 464 937 nec
471 874 607 950 indigne
617 872 693 934 illos
700 872 858 949 tanquam
913 873 1146 945 commoratus,
1163 874 1241 951 quia
1255 874 1363 951 ipsum
1378 890 1551 939 reversum
1574 879 1616 941 ad
1628 895 1709 957 pro-
1830 860 1832 869 ’

75 978 227 1055 legitimos
241 974 280 1036 in
301 973 501 1036 dominicam
516 970 744 1033 haereditatem
759 984 859 1031 assu·
914 971 988 1048 pria
1002 986 1122 1032 manus
1135 971 1266 1032 Domini
1279 971 1363 1035 adeo
1377 972 1507 1035 fortiter
1520 975 1706 1052 castigavit,

75 1076 134 1148 mit,
147 1072 314 1135 deiectum
335 1068 576 1132 dissimulando
589 1066 763 1137 natalium,
778 1082 860 1143 quos
915 1067 1000 1145 quod
1015 1068 1195 1130 tradendus
1223 1070 1357 1132 mertia
1376 1070 1526 1147 pluribus
1550 1073 1710 1134 credeba-

3 1234 10 1259 ,
76 1171 258 1235 meritorum
276 1167 385 1246 gratia
399 1166 599 1244 insigniores
613 1164 687 1243 ipsa
700 1163 862 1240 legitimae
915 1165 987 1240 tur3
1010 1165 1099 1226 inter
1122 1165 1256 1242 flagella
1274 1167 1308 1228 et
1320 1166 1523 1231 infirmitatis
1538 1171 1710 1246 angustias

76 1267 289 1348 prerogativa
298 1265 469 1337 virtutum,
479 1264 557 1341 quia
566 1262 693 1324 Pheres
704 1262 736 1324 et
745 1262 862 1323 zaram
916 1277 1037 1324 nornen
1051 1262 1183 1324 Domini
1200 1263 1337 1325 timidus
1352 1264 1531 1339 invocavit,
1548 1268 1591 1339 31,
1612 1268 1712 1329 exhi-

8 1392 9 1457 ]
77 1358 864 1440 de'ibamargenitosEvangelistaregaligenea-
916 1358 985 1421 bita
1004 1360 1170 1438 juratoria
1185 1361 1340 1423 cautione
1361 1363 1448 1439 quod
1469 1364 1627 1426 Ecclesia
1643 1367 1712 1427 Ro-

7 1464 9 1513 1
77 1462 164 1539 logia
184 1460 343 1531 intexuit,
369 1458 402 1520 et
423 1472 563 1534 regnum
584 1455 770 1518 salomonis
793 1455 864 1516 nati
917 1473 1025 1518 manae
1039 1458 1194 1520 mandato
1206 1460 1349 1536 pareret,
1364 1459 1398 1521 31
1407 1461 1631 1537 apostolicam
1647 1464 1713 1524 Se·

77 1575 114 1622 ex
130 1573 168 1620 ea
187 1572 265 1635 quae
286 1555 349 1617 luit
363 1555 452 1618 Uriae
471 1552 861 1617 Dominusconflrmavit.
919 1554 1004 1627 dem,
1035 1554 1230 1632 quantocius
1259 1556 1381 1634 posset,
1409 1572 1469 1633 per
1503 1573 1540 1619 se
1576 1560 1631 1621 vel
1654 1575 1715 1637 per

77 1659 148 1718 cum
170 1654 279 1732 igitur
300 1651 398 1714 multi
417 1650 565 1729 episcopi
588 1650 712 1728 aliique
735 1648 865 1727 praelati
919 1650 1078 1713 nuncium
1097 1652 1268 1729 proprium
1282 1652 1445 1723 visitaret,
1461 1653 1502 1716 ab
1517 1671 1713 1718 excommu-

75 1753 184 1816 merito
213 1750 280 1812 tide
293 1749 406 1827 digni,
431 1747 494 1810 tibi
516 1748 557 1810 de
579 1746 649 1810 vita
670 1748 703 1810 et
725 1745 865 1808 scientia
920 1748 1098 1811 nicationis
1119 1749 1254 1812 vinculo
1273 1766 1350 1828 quo,
1372 1751 1508 1828 propter
1526 1752 1716 1816 infestatio·

74 1848 295 1914 mononem
314 1844 483 1908 laudabile
498 1843 724 1923 perhibentes,
747 1843 867 1905 humili
920 1862 996 1908 nem
1010 1846 1106 1923 regni
1119 1846 1270 1925 praedicti
1284 1847 1460 1911 tenebatur
1474 1849 1640 1923 astrictus,
1656 1866 1716 1928 per

76 1946 164 2009 nobis
175 1944 341 2008 instantia
356 1942 594 2021 supplicarunt,
609 1940 868 2019 utimpedimen·
920 1943 1128 2006 venerabiles
1162 1944 1282 2006 iratres
1321 1945 1453 2007 nostros
1484 1948 1716 2010 Cenomanen-

75 2044 149 2117 nn,
174 2041 264 2121 quod
286 2042 354 2103 tuae
375 2038 575 2118 promotioni
598 2038 734 2116 opponit
754 2037 868 2100 (13133-
922 2057 992 2103 sem
1017 2038 1064 2121 (i)
1094 2041 1127 2103 et
1162 2040 1435 2118 andegavensem
1464 2040 1511 2123 (2)
1543 2043 1717 2123 episcopos

3 2176 4 2199 i
75 2140 124 2204 tos
149 2139 316 2202 natalium
346 2151 386 2200 33
411 2136 497 2215 quod
526 2151 547 2198 a
574 2135 670 2197 bonae
699 2135 867 2198 memoriae
923 2137 1050 2200 exstitit
1068 2137 1165 2215 Juxta
1185 2137 1326 2200 iormam
1348 2139 1505 2202 Ecclesiae
1533 2140 1716 2203 absolutus.
1754 2156 1758 2164 ⁴

76 2238 228 2316 Philippo
265 2234 430 2298 Parisien.
467 2232 702 2295 archidiacono
736 2232 869 2309 genitus
923 2234 1135 2297 Postmodum
1144 2236 1404 2312 vero,gravioris
1415 2236 1617 2300 infirmitatis
1629 2238 1722 2316 peri-

77 2334 224 2406 excuso,
245 2346 402 2395 amovere
425 2345 486 2409 per
511 2329 771 2408 dispensationis
791 2344 871 2406 gra·
924 2333 999 2394 culo
1014 2332 1235 2409 angustiatus,
1252 2333 1432 2396 salutiferae
1451 2334 1561 2396 crucis
1577 2335 1720 2396 charac-

76 2432 152 2495 iiam
168 2431 398 2507 dignaremur,
415 2443 490 2490 cum
501 2426 665 2489 deiectum
679 2425 871 2504 hujusmodi
924 2429 994 2492 tere
1009 2445 1045 2491 se
1056 2429 1200 2493 munivit
1207 2430 1241 2491 in
1254 2432 1365 2492 Terrae
1379 2431 1509 2494 Sanctae
1524 2431 1719 2506 subsidium,

79 2529 255 2591 multorum
276 2526 422 2589 redimas
442 2527 568 2588 tessera
582 2523 776 2586 meritorum
788 2545 797 2599 3
810 2537 871 2584 nos
926 2542 986 2603 pro
1001 2526 1228 2589 satisfactione
1253 2527 1359 2603 culpae
1379 2543 1477 2605 quarn
1497 2528 1721 2605 aggrediendo

80 2625 236 2699 volentes,
253 2624 342 2687 sicut
355 2623 490 2700 dignum
503 2621 563 2694 est,
579 2620 705 2699 utplus
719 2620 780 2682 tibi
794 2635 874 2698 pro-
927 2639 1066 2701 regnum
1074 2623 1248 2702 praeiatum
1258 2624 1480 2694 commiserat,
1492 2624 1721 2703 proiecturusz

82 2723 146 2785 sint
167 2721 306 2800 propria
335 2719 464 2793 merita,
502 2734 600 2797 quam
628 2717 726 2795 culpa
756 2716 874 2779 noceat
927 2721 1022 2784 nobis
1047 2720 1218 2783 humiliter
1232 2721 1423 2798 supplicans
1452 2722 1498 2794 ut,
1533 2723 1724 2799 aperientes

82 2819 198 2891 311333,
214 2816 439 2894 dispensando
450 2816 647 2878 auctoritate
657 2814 718 2877 tibi
730 2828 875 2891 praesen·
928 2816 991 2879 sibi
1002 2816 1200 2894 Apostolicae
1216 2817 1378 2893 gremium
1398 2817 1543 2895 pietatis,
1558 2818 1722 2881 indultam

84 2917 161 2977 tium
174 2914 399 2991 indulgemus,
419 2912 457 2975 ut
470 2912 505 2973 in
521 2910 750 2990 spiritualibus
769 2911 876 2988 impe-
928 2913 1167 2990 crucesignatis
1179 2913 1312 2976 veniam
1325 2913 1432 2995 eidem
1454 2930 1498 2976 ex
1514 2914 1725 2993 superabun-

86 3012 263 3074 dirnentum
290 3009 353 3073 tibi
375 3009 461 3072 nihil
490 3008 615 3072 officiat
644 3008 872 3080 memoratum,
929 3010 1021 3072 danti
1030 3010 1138 3087 gratia
1150 3011 1332 3073 concedere
1345 3010 1569 3088 dignaremur.

6 3128 9 3189 3
89 3110 141 3171 sed
153 3124 192 3172 33
205 3124 276 3171 non
289 3107 440 3171 obstante
450 3105 554 3169 libere
565 3107 680 3170 valeas
692 3106 725 3168 et
738 3094 875 3184 promo·
968 3108 1037 3168 Nos
1050 3106 1162 3184 igitur,
1190 3107 1269 3169 licet
1282 3107 1439 3170 immeriti
1453 3111 1525 3187 ejus
1539 3107 1646 3170 vicem
1664 3124 1726 3186 ge·

9 3204 11 3237 ³
91 3207 208 3269 veriad
221 3221 338 3269 sacros
357 3204 503 3278 ordines,
524 3204 557 3267 31
576 3204 618 3265 ad
631 3202 876 3266 ecclesiasticas
910 3258 913 3263 ⁴
931 3204 1041 3267 rentes
1067 3204 1223 3266 interris
1244 3205 1302 3283 qui
1323 3204 1490 3268 neminem
1512 3206 1583 3268 vult
1603 3207 1725 3285 perire,

93 3303 262 3379 dignitates
276 3301 416 3364 assumi.
438 3301 530 3364 Nulli
546 3317 636 3379 ergo,
662 3302 737 3375 etc,
754 3301 877 3362 nostrae
932 3301 1042 3363 datam
1053 3300 1294 3364 absolutionem
1304 3301 1409 3364 nobili
1423 3305 1605 3367 memorato
1619 3306 1728 3367 ratam

94 3399 353 3478 dispensationis,
368 3399 430 3462 eto.
454 3398 490 3461 Si
502 3398 577 3477 quis
589 3399 711 3471 autem,
727 3398 790 3461 etc.
809 3400 878 3459 Da·
932 3398 1120 3471 babuimus,
1138 3398 1290 3461 eumdem
1309 3400 1574 3477 crucesignatum
1588 3402 1727 3479 aposto-

3 3566 6 3571 ,
95 3496 158 3559 tum
176 3495 345 3572 Laterani,
367 3498 412 3559 IV
431 3511 538 3559 nonas
557 3495 717 3575 januarii,
742 3494 879 3573 pontid·
933 3495 1007 3557 licae
1032 3495 1248 3574 protectionis
1271 3494 1388 3574 clypeo
1414 3497 1605 3559 muniendo.
1634 3501 1728 3571 Quc-

3 3632 19 3757 l

3 4388 5 4399 ¹
97 4410 175 4470 lubet
197 4410 406 4485 protectionem
425 4410 562 4469 maturari
581 4408 692 4467 Reduid
710 4407 888 4467 bellimontis

96 3594 180 3657 catus
191 3594 298 3658 nostri
313 3609 401 3657 anno
415 3594 534 3673 primo.
934 3593 1024 3655 circa
1060 3592 1253 3655 discretioni
1284 3594 1405 3657 vestrae
1447 3609 1507 3672 per
1545 3596 1731 3672 apostolica

936 3689 1059 3767 scripta
1079 3690 1287 3763 mandamus,
1308 3692 1481 3768 quatenus,
1498 3691 1732 3769 praecipientes

425 3778 547 3866 CXXI
935 3786 1123 3849 vicecomiti
1145 3787 1341 3860 memorato,
1358 3787 1419 3849 sub
1451 3780 1561 3851 debito
1585 3789 1729 3865 praestiti

97 3884 99 3887 ’
132 3932 488 4005 Adarehwpmopum
507 3927 542 3991 et
563 3929 843 3989 archidiaconum
933 3884 1126 3961 juramenti,
1148 3883 1234 3962 quod
1247 3884 1335 3946 dicto
1358 3886 1395 3945 L.
1412 3882 1452 3964 (·)
1472 3886 1505 3946 31
1518 3885 1595 3946 aliis
1608 3885 1649 3947 de
1664 3902 1733 3948 cae-

380 4029 596 4087 wrommes
937 3980 1009 4042 tero
1033 3980 1075 4042 ad
1098 3980 1326 4059 occupandum
1350 3981 1406 4043 vei
1430 3981 1653 4044 invadendum
1676 3998 1735 4045 re·

396 4126 480 4185 Mn
513 4067 606 4185 ms
938 4093 1040 4154 gnum
1063 4077 1257 4155 praedictum
1278 4078 1393 4140 contra
1417 4081 1602 4141 Romanam
1616 4079 1735 4143 Eccle-

141 4225 238 4290 [Rw
267 4225 306 4276 lib
329 4225 340 4276 1
359 4142 440 4289 episc]
457 4168 666 4287 433⁹&thOE
680 4220 784 4275 necueil
794 4220 841 4272 w
940 4176 1025 4236 siam
1048 4173 1195 4236 favorem
1218 4190 1287 4236 non
1310 4174 1469 4237 exhibeat
1494 4177 1549 4238 vei
1563 4178 1736 4254 juvamen,

239 4261 257 4286 ''
297 4259 446 4368 ursionem,
458 4308 478 4355 t.
492 4303 562 4364 lilii,
572 4318 599 4369 p.
610 4259 679 4368 oan’.
941 4270 1048 4332 eidem
1069 4270 1266 4333 auctoritate
1281 4272 1395 4333 nostra
1411 4273 1611 4350 postulatam
1625 4274 1738 4336 indul-

942 4367 1738 4449 gentiamconcedatis,sibifirmiterinjungendo

128 4499 157 4557 in
184 4499 381 4560 Cenomani,
408 4498 600 4568 ,iweomitis'
626 4498 689 4571 qni,
713 4496 889 4556 Ludovicun
944 4465 989 4539 ut,
1006 4466 1084 4542 quia
1098 4481 1159 4528 nos
1173 4467 1352 4529 terminum
1374 4467 1414 4529 de
1429 4468 1737 4546 crucesignatorum

129 4589 206 4661 :aa
224 4587 351 4661 Philippi
369 4586 459 4645 alium
473 4587 626 4644 amiratus
640 4584 676 4644 aa
689 4585 824 4660 nagnam
838 4599 888 4642 ex·
944 4564 1100 4642 passagio
1125 4564 1161 4625 m
1181 4563 1331 4640 generali
1354 4566 1502 4628 concilio
1521 4566 1740 4637 Lateranensi

132 4674 328 4750 pugnandam,
349 4682 378 4733 31
399 4681 498 4748 postea
522 4673 589 4733 lectt
603 4674 755 4748 poenitens,
782 4672 818 4731 ab
842 4686 891 4730 en·
946 4659 1103 4723 statutum
1117 4675 1184 4722 non
1205 4660 1361 4721 duximus
1375 4662 1632 4739 prorogandum,
1652 4676 1742 4739 prae-

129 4763 397 4823 communieationis
408 4762 525 4821 vinculo
536 4776 592 4836 quo
606 4768 723 4835 propter
740 4759 798 4819 hoc
810 4767 890 4819 tene·
946 4772 1066 4836 parare
1081 4755 1211 4819 studeat
1229 4773 1265 4819 se
1284 4756 1326 4818 ad
1343 4756 1418 4830 iter,
1437 4758 1483 4829 ut,
1500 4756 1531 4821 si
1545 4758 1659 4820 eodem
1672 4760 1743 4820 ter·

130 4849 220 4924 betur,
238 4852 350 4911 absolvi
373 4850 578 4926 postulaverat,
598 4857 627 4909 et
642 4849 738 4909 itineri
755 4848 894 4923 temsely·
948 4855 1038 4916 mino
1053 4868 1198 4931 congrue
1210 4853 1341 4930 poterit,
1351 4870 1426 4915 cum
1434 4854 1584 4916 exercitu
1595 4855 1745 4920 transeat

3 5000 4 5003 ,
131 4941 239 4999 mitono
251 4955 284 4999 se
293 4940 465 4999 devoveret.
950 4951 1125 5027 crucifixi;
1140 4950 1205 5024 vel,
1226 4950 1256 5012 si
1270 4952 1349 5013 tunc
1364 4949 1449 5014 forte
1464 4952 1661 5029 nequiverit,
1678 4970 1743 5032 pa-

3 5070 4 5099 ;
134 5057 302 5119 Honorius
340 5057 527 5134 episcopus,
573 5054 766 5118 venerabili
800 5054 897 5118 patri
950 5050 1043 5111 ratus
1051 5048 1183 5121 existat,
1193 5048 1235 5109 ad
1245 5048 1605 5125 mandatumnostrum‚
1615 5051 1747 5130 quando

99 5152 346 5232 archiepiscopo
370 5150 411 5234 (')
430 5154 465 5215 31
491 5153 610 5215 dilecto
633 5153 705 5215 illio
726 5155 764 5215 G.
781 5152 897 5214 archi·
952 5147 1047 5210 nobis
1057 5148 1229 5226 placuerit,
1241 5149 1379 5228 exsequi
1391 5151 1504 5213 votum
1514 5167 1621 5213 suum.
1629 5152 1747 5214 Datum

99 5246 235 5312 deceno
248 5249 509 5341 Turonensihus‚
523 5250 585 5312 etc.
954 5246 1129 5318 Laterani,
1155 5245 1199 5308 lii
1226 5262 1331 5309 nonas
1353 5249 1514 5325 januarii,
1537 5248 1748 5328 pontificatus

137 5346 266 5408 Nobilis
289 5348 343 5409 vir
365 5350 405 5411 R.
423 5345 463 5427 (·)
480 5348 665 5411 vicecomes
690 5347 899 5411 Bellimontis
955 5343 1060 5405 nostri
1075 5358 1163 5405 anno
1177 5343 1297 5421 primo.

113 5512 120 5523 -
146 5474 182 5550 (⁶)
200 5477 304 5536 ioanni
317 5476 354 5536 de
365 5479 451 5551 Favi.
1007 5473 1035 5545 i)
1054 5462 1247 5534 llamelinum,

140 5546 176 5620 (⁶)
195 5545 346 5606 Radulius.
1006 5545 1035 5619 2)
1055 5543 1210 5603 Ludovico.

1007 5616 1031 5691 ·)
1051 5616 1221 5675 (1111313133
1233 5614 1465 5675 debellomonte.
