3958 6204
201 243 263 305 295

203 405 329 480 gritati.
358 407 447 467 Bene
475 421 554 482 ergo
572 405 696 466 dictum
711 404 762 467 est
777 425 785 465 ε
802 405 879 467 Sint
892 404 997 466 lumbi

202 505 312 565 nestit
325 505 514 579 praecincti.

241 604 388 663 Primum
403 601 609 673 cinctorium,
622 600 717 673 idest,
731 600 891 661 memoria
906 616 997 661 mor·

201 700 244 760 tis
259 701 364 761 tribus
385 698 559 760 manifeste
581 700 671 775 patet
696 698 840 771 indiciis,
868 698 993 770 dolore,

200 797 327 874 pallore
350 797 384 858 et
410 797 556 873 torpore.
581 796 700 858 Dolore
720 796 828 859 cordis
849 795 993 881 turgido,

200 894 327 971 pallore
336 894 446 955 vultus
456 894 614 966 marcido,
628 895 761 972 torpore
772 893 994 955 membrorum

198 992 317 1067 rigido.
335 993 414 1065 Quis
436 993 524 1053 enim
547 994 668 1070 poterit
692 1009 759 1055 non
783 992 906 1063 dolere,
928 1008 993 1052 non

197 1090 336 1166 pallere,
354 1106 420 1151 non
432 1092 552 1166 rigere,
563 1090 640 1151 dum
650 1090 792 1168 perlecto
807 1090 994 1151 meminerit

197 1186 314 1248 mortis
329 1189 519 1265 corporeaei
534 1188 628 1250 Unde
642 1189 742 1250 Pater
755 1189 802 1249 ait
818 1203 826 1247 :
842 1189 909 1248 Fati
931 1189 992 1258 mi,

197 1300 396 1348 monterone
411 1290 601 1348 novissime
620 1287 680 1347 itia
701 1289 735 1348 et
752 1301 821 1348 non
840 1287 994 1359 peccabis

197 1386 235 1444 tit
261 1385 433 1445 (eternum
468 1383 569 1464 (Eecl.
599 1400 657 1455 vri,
686 1382 750 1463 40).
781 1384 861 1445 Item
886 1398 893 1442 :
916 1381 994 1443 Stat

196 1484 301 1542 tomba·
313 1482 424 1542 bestat
432 1483 613 1557 praestricti
624 1483 658 1543 et
671 1487 822 1544 lucente
831 1480 994 1543 ardentes

195 1580 234 1639 tu
248 1582 406 1640 maenibus
427 1581 554 1640 cestris
568 1578 661 1658 (Luc.
677 1595 737 1653 xii,
757 1577 821 1658 35).
840 1577 923 1651 Quid
943 1577 994 1639 est

196 1675 284 1735 enim
300 1677 504 1753 praecingere
515 1677 655 1750 lumbos,
666 1678 699 1740 et
710 1677 787 1756 quid
799 1679 850 1739 est
859 1677 992 1753 portare

195 1772 351 1835 lucernas
387 1774 542 1836 ardentes
575 1777 611 1836 in
644 1775 797 1836 manibus
833 1775 993 1837 nostris?

195 1872 406 1947 Praecingere
418 1872 546 1933 lumbos
557 1874 606 1935 est
618 1872 800 1935 refraenare
811 1872 990 1945 luxuriam,

194 1969 227 2029 et
241 1969 350 2030 motus
365 1970 549 2030 carnalium
577 1970 819 2031 desideriorum
839 1970 895 2048 qui
916 1970 993 2030 sunt

194 2065 228 2124 in
246 2064 367 2125 lumbis
381 2066 563 2139 hominum,
581 2066 726 2128 ioeminis
742 2068 853 2129 eutem
870 2067 903 2128 in
918 2083 993 2127 um-

192 2159 304 2222 bilico.
319 2163 413 2223 Unde
423 2164 564 2225 testatur
571 2165 730 2226 Dominus
741 2166 798 2242 qui
810 2164 851 2226 ad
859 2164 990 2226 beatum

193 2259 254 2321 Job
281 2260 429 2337 loquitur
462 2261 502 2322 de
533 2262 688 2323 diabolo:
711 2264 827 2324 Virtus
854 2266 929 2336 ejus
954 2267 991 2323 in

191 2359 315 2418 lumbis
335 2362 422 2431 ejus,
439 2359 472 2420 et
486 2360 653 2432 fortitudo
674 2363 764 2421 illitas
783 2363 820 2420 tn
834 2362 990 2421 umbtttco

191 2455 327 2517 ventris
354 2460 430 2529 ejus
454 2454 541 2535 (Job.
558 2473 612 2529 nn,
631 2455 694 2537 il).
719 2457 803 2530 Quia
824 2457 911 2519 sicut
932 2472 991 2535 per

192 2567 310 2613 zonam
340 2553 392 2615 vel
422 2569 483 2631 per
508 2555 705 2617 cinctorium
732 2556 989 2632 constringimus

192 2664 326 2711 carnem
354 2652 504 2728 corporis
528 2653 646 2725 nostri,
669 2653 716 2715 ita
735 2667 795 2730 per
815 2654 991 2715 continen-

191 2747 273 2809 tiam
286 2748 397 2809 carnis
426 2750 665 2812 mortificemus
681 2751 763 2813 vitia
782 2752 815 2814 et
827 2751 991 2812 reiraena-

191 2861 264 2906 mus
277 2846 456 2908 luxuriam.
473 2847 566 2909 Unde
580 2849 772 2925 Apostolus:
786 2852 850 2916 ont
862 2851 990 2912 Obruta·

190 2945 284 3015 saint,
302 2958 446 3005 carnem
459 2945 714 3017 crodfiaerunt
740 2960 819 3007 oum
834 2947 931 3008 vittis
956 2947 990 3007 et

191 3043 475 3115 concatplscenttis
503 3039 626 3119 (Galat.
655 3058 691 3114 v,
719 3040 784 3121 24).
823 3045 864 3105 Et
901 3043 989 3105 idem

191 3138 369 3213 Apostolus
386 3158 393 3197 :
408 3139 617 3210 Mmttticote
630 3154 774 3201 caratam
795 3142 987 3203 cestram...

232 3234 288 3294 Est
311 3236 421 3296 autem
444 3234 578 3297 luxuria
607 3236 642 3296 in
671 3237 784 3299 multis
810 3237 910 3299 rebus
930 3256 937 3298 :
954 3241 988 3300 in

191 3331 295 3393 nimia
321 3333 524 3395 comestione
541 3335 574 3395 et
599 3334 771 3407 ebrietate,
799 3335 835 3397 in
854 3336 988 3398 luxuria

192 3430 281 3492 etin
310 3432 579 3509 concupiscentia
605 3434 715 3494 carnis
739 3434 773 3495 et
804 3434 987 3507 oculorum,

192 3528 347 3605 superbia
376 3529 466 3597 uitae,
489 3532 522 3591 et
549 3530 584 3590 in
609 3531 739 3592 caeteris
768 3533 988 3610 superfluita-

190 3627 290 3690 tibus.
311 3631 358 3688 De
391 3628 620 3705 superfluitate
640 3630 752 3692 nimiae
777 3632 989 3693 comestionis

191 3726 225 3787 et
240 3724 410 3787 ebrietatis
426 3726 507 3788 dicit
521 3725 637 3788 beatus
653 3728 833 3804 Gregorius
851 3751 858 3789 :
875 3746 894 3789 a
909 3732 989 3791 Cum

192 3838 312 3899 corpus
332 3824 365 3883 in
386 3823 577 3887 reiectionis
601 3824 822 3888 delectatione
842 3829 989 3890 resolvi-

191 3920 258 3989 tur,
279 3937 358 3981 caro
384 3921 449 3983 cito
478 3922 519 3983 ad
552 3923 724 3985 libidinem
749 3925 990 3988 effraenatur.»

194 4020 220 4077 Ο
234 4019 384 4079 extrema
398 4018 548 4079 libidinis
562 4020 744 4095 turpitude,
762 4039 835 4100 quae
848 4040 913 4084 non
930 4040 990 4085 so-

192 4113 261 4173 lum
274 4116 417 4174 mentem
432 4114 613 4188 effeminat,
631 4116 687 4176 sed
701 4133 822 4194 corpus
838 4124 987 4194 enervat,

193 4226 260 4272 non
274 4212 380 4271 solum
396 4213 542 4274 maculat
556 4215 714 4287 animam,
731 4216 788 4277 sed
804 4216 905 4279 foedat
919 4234 991 4296 per·

195 4310 311 4369 sonam
330 4309 511 4370 secundum
527 4311 721 4388 Apostolum
739 4329 746 4374 :
764 4316 870 4377 Olane
884 4332 990 4379 nont-

194 4422 259 4481 que
279 4408 459 4482 peccatum
478 4412 710 4484 quodcumque
732 4415 855 4487 fecerit
877 4420 989 4488 homo,

194 4505 299 4566 caetra
313 4519 438 4580 colpus
449 4508 569 4581 peccat
589 4522 693 4571 sutem
707 4511 768 4571 est.
786 4513 851 4577 Qut
874 4514 992 4576 autem

192 4604 389 4677 fornicatur
404 4607 441 4665 tn
457 4619 585 4679 eorpus
598 4607 717 4681 peccet
731 4605 760 4687 (l
771 4610 844 4670 Gor.
861 4625 907 4681 vr,
925 4610 989 4691 18).

195 4703 332 4778 Semper
357 4701 450 4763 illam
485 4705 678 4779 praecedunt
706 4707 807 4768 ardor
836 4709 868 4769 et
896 4711 993 4785 petu-

192 4797 310 4871 lantia,
327 4815 459 4877 semper
472 4801 674 4864 comitantur
687 4802 784 4866 ioetor
798 4806 831 4867 et
842 4806 991 4868 immun-

193 4894 285 4955 ditia.
301 4896 395 4957 Unde
406 4898 468 4959 tob
483 4920 490 4959 ι
513 4900 631 4961 Virtus
645 4904 720 4974 ejus
734 4906 903 4966 tntombts
918 4908 993 4978 ejus

194 4993 228 5053 et
239 4993 405 5066 fortitudo
419 4998 510 5057 thius
528 4999 566 5058 tn
578 5001 735 5061 umbilico
751 5002 886 5063 venire
906 5006 990 5076 ejus.

193 5090 383 5166 Numquam
402 5090 537 5167 fugatur
554 5094 620 5154 nisi
634 5111 710 5157 oum
737 5095 874 5174 sugitur,
891 5117 993 5161 num-

660 243 838 307 HONORII
859 242 905 303 ΙΙΙ
926 241 1075 302 orsu-A.
1089 270 1130 287 -
1145 242 1378 305 SERMONES.

1786 248 1848 310 296

1052 401 1231 480 simplices,
1259 403 1448 481 superiores
1472 405 1505 466 et
1532 403 1720 467 interiores.
1755 406 1849 469 Unde

1049 501 1132 563 Job:
1155 506 1277 563 Vicum
1289 502 1323 563 et
1332 506 1495 564 attolieres
1502 503 1703 577 apostatare
1713 506 1849 577 sociant

1048 601 1222 674 sapientes
1235 599 1350 679 (ticeli.
1363 601 1435 671 xix,
1445 598 1491 677 2).
1507 603 1593 676 Ergo
1602 602 1629 660 si
1639 602 1852 664 volumusre·

1049 695 1181 758 frenare
1190 698 1490 775 concupiscentiam
1506 699 1630 771 carnis,
1642 700 1850 776 accipiamus

1048 810 1165 856 zonam
1179 794 1353 872 pelliceam
1375 796 1415 856 de
1426 795 1547 856 lumbis
1560 797 1713 858 ioannis.
1731 797 1849 859 Tolla-

1050 908 1121 952 mus
1136 892 1305 969 cingulum
1318 894 1479 955 castitatis
1494 893 1534 954 de
1557 893 1693 955 renibus
1709 896 1848 972 loseph,

1048 990 1851 1067 peplumpudicitiaedeiacieSusannamtollamus

1048 1087 1282 1150 abstinentiam
1308 1089 1350 1150 de
1374 1104 1432 1151 ore
1464 1090 1600 1165 Moysis,
1617 1090 1786 1167 jejunium
1807 1090 1851 1152 de

1048 1186 1180 1259 gutture
1193 1187 1310 1260 Heliae,
1328 1187 1471 1248 esuriem
1492 1186 1533 1247 de
1555 1187 1685 1264 jejunio
1709 1187 1847 1261 Christi,

1048 1283 1081 1343 et
1095 1284 1279 1345 statuemus
1302 1284 1445 1347 cultrum
1460 1283 1496 1344 in
1510 1286 1644 1361 gutture
1669 1287 1796 1357 nostre,
1815 1289 1851 1348 et

1048 1380 1096 1442 sic
1127 1382 1360 1459 succingamus
1388 1381 1518 1443 lumbos
1542 1384 1685 1454 nostros,
1713 1385 1752 1446 ut
1780 1385 1853 1447 sint

1048 1478 1151 1540 lumbi
1166 1481 1271 1542 nostri
1290 1480 1470 1557 praecincti,
1487 1481 1520 1541 et
1538 1481 1698 1542 esurienti
1724 1482 1851 1543 animae

1047 1578 1146 1638 etiam
1161 1593 1275 1639 amara
1289 1578 1400 1639 dulcia
1413 1577 1601 1639 videantur.

1086 1677 1207 1737 Uentre
1229 1677 1531 1753 concupiscentiam
1559 1675 1729 1736 oculorum
1748 1674 1849 1737 aeci·

1046 1773 1177 1850 piamus
1193 1774 1400 1836 semicinctia
1416 1774 1583 1845 ieremias,
1599 1774 1684 1851 pilos
1698 1775 1853 1836 camelo-

1046 1886 1131 1943 rum,
1149 1871 1268 1949 quibus
1282 1872 1419 1934 indutus
1434 1873 1506 1933 eret
1523 1873 1681 1945 Joannes,
1701 1873 1846 1934 nudita-

1045 1970 1111 2030 tem
1133 1969 1376 2046 Apostolorum,
1402 1970 1458 2047 qui
1484 1968 1565 2030 nudi
1590 1969 1713 2029 nudum
1736 1970 1847 2031 secuti

1046 2067 1123 2127 sunt
1151 2066 1330 2139 Christum,
1364 2066 1604 2144 aporiationem
1640 2082 1755 2129 eorum
1787 2067 1848 2144 qui

1046 2165 1285 2226 circumierunt
1308 2164 1343 2225 in
1367 2165 1497 2226 melotis
1514 2165 1547 2226 et
1571 2164 1606 2224 in
1625 2163 1766 2240 pellibus
1782 2180 1849 2225 ea-

1045 2262 1163 2338 prinis,
1192 2264 1414 2340 contemptum
1437 2263 1537 2323 etiam
1567 2261 1663 2330 Pauli
1690 2262 1747 2338 qui
1773 2262 1848 2323 ait:

1044 2363 1254 2421 Hoecomnto
1263 2361 1455 2422 arbitratos
1468 2376 1547 2420 sum
1559 2360 1737 2434 tamquam
1749 2361 1851 2421 stera-

1044 2472 1127 2519 cora
1156 2456 1292 2537 (Philip.
1317 2474 1367 2530 111,
1390 2457 1435 2537 8).
1459 2460 1500 2521 Et
1517 2458 1626 2518 sciens
1645 2457 1731 2535 quod
1750 2458 1852 2519 tran-

1045 2556 1142 2617 seunt
1172 2555 1244 2617 haec
1270 2556 1381 2617 omnia
1401 2555 1492 2617 velut
1510 2555 1638 2627 umbra,
1659 2556 1708 2616 sic
1731 2555 1850 2621 omnia

1045 2669 1105 2714 sua
1121 2653 1266 2715 dimittat
1292 2669 1354 2730 pro
1373 2653 1514 2725 Christe,
1538 2655 1573 2716 ut
1585 2653 1639 2714 hic
1652 2652 1848 2730 centuplum

1045 2750 1199 2828 accipiat,
1216 2754 1249 2814 et
1263 2753 1448 2829 postvitam
1464 2754 1622 2813 aeternam
1638 2751 1748 2813 valeat
1762 2768 1848 2828 pos·

1045 2849 1165 2911 sidere.
1206 2852 1325 2911 Contra
1358 2849 1547 2927 superbiam
1588 2850 1665 2910 vitae
1701 2849 1851 2926 accipiat
1955 2846 1956 2853 ’

1045 2947 1241 3008 descensum
1256 2948 1361 3010 David
1381 2947 1421 3009 de
1437 2947 1558 3009 throno
1575 2946 1693 3023 regali,
1707 2948 1845 3024 qnando

1045 3061 1157 3106 coram
1169 3045 1323 3107 omnibus
1331 3047 1605 3124 peccatumsuum
1620 3061 1686 3106 non
1696 3044 1847 3117 erubuit,

1045 3143 1141 3205 tollat
1158 3143 1297 3204 linteum
1324 3159 1389 3221 quo
1417 3143 1568 3204 Christus
1593 3141 1772 3219 praecinxit
1796 3159 1848 3215 se,

1045 3240 1177 3318 quando
1196 3241 1278 3303 lavit
1308 3242 1409 3318 pedes
1432 3240 1669 3317 discipulorum
1695 3256 1848 3313 suorum,

1044 3336 1262 3414 abjectionem
1285 3336 1383 3405 Pauli
1401 3336 1458 3414 qni
1470 3336 1519 3397 ait
1533 3357 1540 3395 ε
1556 3340 1630 3412 Epo
1640 3351 1720 3397 sum
1734 3339 1848 3397 mint-

1043 3450 1122 3495 mus
1146 3436 1400 3509 Apostolorum,
1423 3449 1486 3496 nec
1499 3449 1577 3494 sam
1591 3434 1850 3509 dtpntasvooart

1043 3533 1223 3605 Apostolus
1245 3530 1273 3610 (1
1286 3535 1361 3594 Uor.
1378 3549 1432 3605 xv,
1449 3530 1496 3609 9),
1517 3531 1651 3592 discens
1664 3546 1683 3593 a
1696 3530 1847 3603 Christo,

1044 3633 1124 3704 picta
1137 3632 1233 3691 nattis
1245 3630 1277 3692 et
1292 3632 1549 3701 litlanttiscorde,
1562 3629 1670 3689 sciens
1682 3627 1767 3704 quod
1784 3627 1847 3704 qui

1044 3743 1080 3788 se
1095 3728 1223 3790 exaltat
1245 3727 1487 3799 humiliabitur,
1504 3726 1606 3804 etqui
1628 3742 1664 3786 se
1688 3723 1851 3787 humiliat

1044 3825 1258 3898 exaltabitur,
1278 3842 1317 3887 eo
1333 3825 1419 3903 quod
1435 3823 1587 3902 superbis
1602 3825 1690 3885 Deus
1704 3822 1848 3896 resistit,

1045 3923 1226 3984 humilibus
1251 3926 1361 3985 autem
1384 3923 1440 3984 dat
1467 3921 1621 3998 gratiam.
1652 3921 1726 3982 Sint
1740 3919 1849 3982 lumbi

1044 4021 1148 4083 vestri
1161 4021 1344 4098 praecineti.
1361 4022 1429 4081 Nos
1444 4019 1603 4080 dehemus
1617 4019 1682 4079 duo
1694 4017 1849 4095 corporis

1046 4119 1150 4180 nostri
1160 4118 1308 4179 membra
1322 4117 1539 4195 praecingere,
1553 4116 1708 4177 videlieet
1722 4131 1849 4193 corpus

1045 4217 1078 4277 et
1105 4231 1179 4284 cor,
1209 4215 1338 4277 lumbos
1364 4215 1405 4276 de
1430 4230 1513 4275 zona
1533 4213 1685 4292 pellicea,
1714 4228 1775 4274 cor
1802 4212 1849 4274 de

1045 4329 1127 4374 zona
1141 4329 1254 4374 aurea.
1272 4317 1361 4375 Zona
1377 4313 1516 4390 pellicea
1530 4312 1566 4373 tlt
1580 4328 1623 4372 ex
1636 4309 1739 4371 coriis
1753 4325 1851 4372 mor-

1045 4412 1177 4473 tuorum
1190 4411 1397 4483 animalium,
1414 4412 1446 4473 et
1461 4409 1535 4471 ideo
1558 4409 1711 4485 designat
1730 4407 1848 4469 conti·

1046 4510 1193 4572 nentiam
1208 4511 1331 4582 cernis,
1347 4509 1425 4587 quia
1453 4506 1735 4570 mortificatvitia.
1754 4508 1847 4566 Zona

1047 4623 1149 4670 aurea
1162 4607 1329 4684 significat
1344 4606 1539 4668 munditiam
1559 4603 1681 4666 cordis.
1701 4603 1786 4672 Quia
1798 4601 1851 4661 si-

1047 4707 1103 4768 cut
1113 4722 1231 4766 aurum
1246 4707 1296 4767 est
1306 4705 1441 4766 charius
1453 4704 1487 4765 et
1496 4702 1674 4781 pretiosius
1690 4697 1849 4759 omnibus

1047 4804 1200 4875 metallis,
1217 4803 1264 4865 ita
1279 4802 1441 4864 munditia
1456 4799 1566 4863 cordis
1576 4798 1627 4859 est
1641 4795 1762 4857 melior
1772 4811 1849 4858 om-

1047 4902 1261 4964 nibusbonis

1087 5003 1153 5063 Iste
1166 5000 1306 5063 Sanctus
1321 5002 1415 5077 cujus
1432 4995 1673 5060 solemnitatem
1689 4991 1849 5056 celebra-

1047 5116 1133 5172 mus,
1150 5099 1266 5161 habuit
1286 5097 1414 5159 lumbos
1433 5095 1630 5173 praecinctos
1643 5107 1727 5154 zona
1747 5091 1850 5169 pelli-

195 5202 294 5262 quam
318 5190 483 5250 mactatur
505 5190 572 5251 nisi
595 5206 670 5253 cum
694 5197 893 5258 maceratur.
915 5200 994 5259 Haec
1048 5212 1118 5270 cea,
1133 5199 1166 5259 et
1180 5196 1349 5272 cingulum
1362 5193 1524 5257 eastitatis
1535 5193 1576 5253 de
1590 5189 1726 5252 renibus
1739 5190 1849 5252 Heliae

196 5299 327 5346 omnem
350 5286 481 5348 aetatem
505 5290 697 5368 corrumpit,
724 5307 855 5354 omnem
877 5310 994 5356 sexum
1045 5287 1851 5367 etlumbisJoannis.Lumbospraecinctoshabuit

197 5382 379 5457 contundit,
411 5400 541 5446 omnem
554 5387 703 5450 ordinem
723 5390 839 5465 solvit,
864 5408 994 5454 omnem
1048 5390 1141 5463 Abel,
1159 5393 1215 5469 qui
1239 5391 1339 5454 etiam
1362 5404 1428 5450 non
1451 5388 1586 5464 reliquit
1608 5401 1720 5447 semen
1745 5395 1852 5463 super

196 5474 336 5554 gradum
364 5483 534 5558 pervertit.
568 5485 699 5548 Invadit
723 5489 811 5549 enim
840 5505 936 5551 senes
962 5491 996 5552 et
1048 5492 1184 5552 terram.
1201 5489 1402 5551 praecinctos
1426 5484 1543 5547 habuit
1564 5484 1692 5545 lumbos
1708 5484 1851 5561 Joseph,

197 5590 343 5649 uvenes,
371 5594 482 5642 mares
506 5583 539 5643 et
561 5580 730 5658 foeminas,
757 5586 936 5663 prudentes
962 5589 996 5651 et
1049 5588 1105 5666 qui
1121 5587 1337 5665 elegitpoiins
1350 5583 1487 5662 pallium
1498 5583 1689 5659 relinquere
1701 5582 1736 5643 in
1745 5598 1855 5644 manu
