3968 6204
134 477 169 523 xl
597 464 731 525 DOMNI
754 463 994 525 HIERONYMI
1015 464 1195 524 BOTTINO
1219 466 1326 525 t'l'ra.
1733 479 1782 526 xli

133 622 162 678 in
182 621 300 677 scientie
325 620 484 694 theologica
506 635 591 692 quam
613 620 741 693 pluribus
762 622 846 678 annis
866 636 931 679 cum
987 621 1229 694 incompti,qusm
1238 630 1268 680 ut
1278 622 1404 695 periculo
1412 623 1782 695 exponerenturpereundi3

133 718 233 791 plausu
256 717 360 777 docuit.
390 720 466 776 Talis
490 725 551 776 erat
577 718 630 787 vir,
657 719 705 791 qul
732 719 932 790 multiplicibus
987 718 1181 791 multiplicatis
1203 718 1395 791 impressione
1414 718 1636 792 exemplaribus,
1656 718 1782 778 luterum

133 815 250 873 obrutus
273 815 427 884 laboribus,
449 830 499 888 per
523 816 627 874 multos
649 831 740 874 annos
762 816 933 874 successivis
987 830 1052 873 esse
1067 823 1098 873 ut
1111 816 1268 875 excitentur
1283 816 1336 873 viri
1354 815 1441 885 docti,
1460 817 1508 888 qui
1526 815 1691 874 inchoatum
1709 833 1784 890 opus

132 912 211 970 boris
232 928 316 970 curas
334 927 401 970 suas
419 912 557 985 impendit
572 911 708 971 eruendis
727 928 763 971 cx
782 914 933 986 pulvereno
987 913 1180 985 perliciantct
1203 912 1351 971 absolvent
1367 913 1397 970 in
1417 911 1560 987 publicum
1579 915 1714 972 Ecclesie
1728 914 1779 973 bo·

132 1009 234 1070 Codice
265 1010 451 1068 sermonibus
477 1010 595 1067 llonorii
626 1013 681 1079 ΙΙΙ,
719 1011 933 1083 pretiosissimis
988 1025 1067 1081 num,
1087 1009 1163 1082 quod
1192 1011 1221 1066 in
1245 1009 1385 1082 ejusmodi
1411 1010 1497 1068 rebus
1518 1011 1603 1068 unice
1617 1011 1781 1070 babendum

131 1122 213 1176 sane,
229 1108 335 1179 quippe
356 1107 502 1178 inquibus
517 1105 626 1182 fulgeat
643 1107 737 1165 adhuc
751 1109 884 1182 vigorosa
905 1114 934 1166 et
987 1122 1046 1180 pre
1060 1107 1151 1164 oculis
1166 1113 1262 1177 est3et
1276 1106 1401 1180 quando,
1419 1107 1514 1166 oblata
1526 1117 1685 1182 opportuna
1698 1125 1782 1167 occa·
1801 1180 1803 1187 Ι

131 1205 269 1263 naturalis
293 1213 421 1262 veterum
447 1208 562 1262 Petrum
588 1205 765 1279 eloquentia,
793 1221 856 1279 que
883 1221 929 1264 se·
986 1206 1078 1273 sione,
1094 1219 1152 1261 non
1165 1212 1270 1277 presto
1282 1212 1326 1262 est
1337 1205 1444 1262 bonum
1454 1203 1612 1278 perlectum
1624 1205 1701 1280 quod
1710 1206 1781 1265 olie-

133 1302 231 1375 quiere
260 1308 344 1359 etate
370 1302 560 1359 artificiosiori
588 1303 787 1375 enervroriquc
818 1302 932 1361 dicendi
986 1309 1074 1371 ratur,
1088 1299 1294 1359 conferendum
1309 1316 1375 1359 esse
1396 1302 1465 1360 illud
1479 1301 1556 1376 quod
1574 1304 1709 1378 suppetit,
1725 1320 1782 1378 quo

132 1401 234 1472 generi
245 1399 339 1456 locum
352 1401 447 1457 cessit.
464 1398 623 1457 Dolendum
639 1398 764 1473 proiecto
779 1402 931 1474 egregium
987 1399 1149 1458 tandemad
1169 1399 1328 1472 perlectum
1348 1399 1456 1457 bonnm
1475 1400 1655 1459 ascendatur.
1674 1403 1784 1461 Invitus

132 1497 225 1554 virum
247 1496 376 1553 ultimam
399 1511 515 1553 manum
538 1496 718 1569 expoliendis
742 1497 797 1554 illis
815 1498 929 1555 Sermo·
985 1499 1060 1555 cessi
1075 1497 1169 1569 potius
1192 1511 1277 1569 quam
1293 1498 1428 1555 consensi
1449 1498 1569 1555 aliorum
1587 1501 1738 1557 sententie
1753 1509 1783 1557 et

131 1594 215 1652 nibus
241 1594 372 1667 notisque
394 1593 563 1667 opportunis
587 1594 761 1652 illustrandis
787 1609 931 1668 apponere
985 1594 1138 1663 instantis,
1153 1601 1238 1667 atque
1253 1595 1368 1651 Bottinii
1383 1596 1618 1668 manuscriptum,
1638 1597 1722 1669 quale
1746 1597 1782 1654 ab

130 1706 188 1748 non
208 1691 343 1763 potuisse.
368 1690 423 1748 Sed
448 1690 625 1749 adorandum
645 1692 697 1750 Dei
720 1691 871 1749 consilium
891 1692 929 1749 ita
985 1693 1047 1765 ipso
1063 1691 1192 1749 relictum
1205 1690 1308 1759 luerat,
1324 1690 1428 1749 tradidi
1442 1691 1533 1750 docte
1543 1694 1676 1751 societati
1690 1710 1706 1751 a
1718 1694 1780 1752 vul-

132 1787 321 1861 disposuerat.
984 1788 1088 1864 gandis
1106 1787 1186 1846 libris
1199 1789 1396 1858 ecclesiaticis,
1414 1803 1536 1862 sperans
1553 1804 1668 1863 quoque
1683 1790 1781 1849 erudi-

164 1888 234 1943 Post
247 1884 354 1942 obitum
370 1885 520 1943 clarissimi
532 1885 675 1956 viri,cum
690 1900 757 1959 spes
770 1899 829 1943 uon
844 1884 928 1943 aliul·
984 1894 1028 1945 tos
1053 1886 1131 1944 viros
1150 1886 1228 1943 illam
1248 1895 1456 1959 componentes
1478 1894 1564 1959 atque
1585 1888 1782 1961 promovendo

130 1989 212 2057 geret
232 1981 339 2039 infelici
358 1981 414 2039 hac
434 1990 605 2055 tempestate
619 1982 757 2056 vulgandi
776 1997 859 2056 opus,
874 1982 930 2039 hoe
983 1984 1119 2042 Ecclesiae
1130 1982 1335 2053 bonodeditos,
1351 1998 1409 2040 nnn
1423 1997 1530 2056 paucos
1544 1984 1640 2058 operis
1651 1985 1781 2044 delectus

130 2080 288 2153 sepositum
317 2081 464 2149 remansit,
485 2088 569 2153 capto
594 2081 717 2138 consilio
742 2080 928 2153 exspectandi
984 2081 1044 2138 lore
1055 2087 1244 2148 correcturos,
1252 2093 1372 2136 necnon
1382 2081 1463 2152 plura
1472 2095 1535 2154 que
1544 2081 1783 2141 desiderabantur

131 2178 465 2250 circumstantiasmagis
475 2176 929 2251 propitias,quibuscxpoliripos·
983 2178 1175 2251 suppleturos,
1191 2191 1247 2249 qua
1260 2176 1332 2234 inre
1346 2183 1377 2234 ut
1392 2180 1499 2259 possim
1514 2194 1580 2237 esse
1597 2179 1781 2253 reprehensi·

131 2282 176 2333 set
192 2282 222 2333 et
242 2274 350 2347 perlici,
365 2273 441 2347 quod
456 2273 627 2346 perturbatis
642 2273 722 2331 hisce
740 2274 926 2348 temporibus,
982 2274 1057 2340 bilis,
1071 2281 1148 2331 certe
1159 2273 1279 2331 intentio
1291 2271 1457 2332 conserendi
1470 2290 1528 2333 non
1543 2277 1614 2334 nibil
1626 2277 1661 2334 ad
1673 2277 1782 2335 bonum

130 2370 269 2444 dispersis
290 2371 359 2428 viris
382 2371 526 2444 religiosis
543 2372 615 2428 etin
643 2371 765 2446 summis
787 2371 928 2443 ungrrstiis
982 2385 1135 2428 commune
1147 2369 1200 2428 luit
1214 2380 1302 2430 recta.
1314 2374 1394 2444 Quod
1410 2375 1434 2432 si
1445 2382 1542 2431 autem
1552 2375 1781 2445 prestantissimi

130 2469 303 2537 constitutis,
319 2475 347 2525 et
368 2469 493 2525 maxime
503 2467 621 2541 direptis
639 2467 831 2537 bibliothecis,
846 2474 877 2525 ut
892 2466 928 2524 ab
982 2468 1035 2524 viri
1049 2482 1083 2525 ac
1097 2471 1238 2543 magistri,
1253 2471 1420 2546 imprudens
1443 2478 1472 2530 et
1495 2485 1703 2544 preproperus,
1721 2486 1779 2529 non

130 2567 226 2639 aliquo
245 2565 334 2640 digne
347 2572 538 2638 prestaretur,
551 2573 613 2623 eret
629 2564 775 2623 moraliter
791 2564 925 2637 impossi·
982 2565 1061 2634 setis,
1073 2572 1106 2623 ut
1113 2568 1272 2640 opomebat,
1284 2577 1404 2628 terrene
1416 2569 1609 2626 consuluerim
1620 2569 1778 2639 memorie,

130 2663 197 2721 bile.
216 2663 253 2722 m
268 2677 344 2720 anno
368 2662 497 2737 proxime
519 2663 628 2735 elapso,
643 2663 697 2721 viri
712 2663 792 2720 omni
804 2676 925 2721 venera·
982 2662 1113 2722 dilllciles
1124 2673 1209 2738 atque
1222 2668 1328 2740 inique
1342 2669 1428 2741 plane
1443 2665 1548 2724 lactum
1563 2674 1700 2724 excusent
1712 2673 1781 2724 tem·

129 2762 209 2820 donc
240 2759 321 2834 digni
354 2760 502 2833 inopinato
533 2760 666 2819 insistere
694 2766 859 2834 ceperunt,
897 2768 928 2818 ut
983 2776 1083 2834 porum
1107 2764 1339 2835 circumstantie,
1362 2772 1391 2823 ct
1417 2765 1455 2838 pii
1482 2764 1544 2838 eius
1571 2762 1643 2821 mibi
1664 2764 1780 2821 veniam

129 2859 276 2931 exemplar
289 2858 514 2931 manuscriptum
527 2858 685 2916 traderetur
698 2858 833 2916 Societati
844 2873 860 2915 a
873 2873 926 2930 pu·
981 2858 1141 2918 concedant
1153 2876 1264 2931 manes,
1281 2861 1394 2935 quibus,
1415 2861 1708 2919 omnium-christiani
1725 2864 1778 2918 bo·

130 2955 270 3013 blicandis
286 2954 365 3013 libris
387 2955 600 3014 ecclesiasticis.
622 2955 813 3029 Responsioni
827 2969 925 3013 exem·
983 2956 1069 3015 minis
1095 2957 1225 3016 labomm
1253 2959 1350 3028 linem,
1380 2972 1479 3016 veram
1505 2959 1534 3015 in
1568 2973 1625 3016 non
1653 2957 1781 3016 desinire

131 3054 194 3126 plar
215 3068 273 3111 non
292 3067 358 3110 esse
379 3060 580 3126 preparatum,
597 3052 700 3111 deesse
721 3051 816 3111 adbuc
839 3053 928 3111 multa
982 3056 1082 3113 eterni
1092 3055 1251 3131 infinitique
1261 3058 1379 3116 luminis
1389 3058 1631 3130 contemplatione
1642 3070 1781 3129 apprecor

133 3166 197 3223 que
212 3151 341 3223 suppleri
354 3148 502 3220 deberent,
518 3149 712 3223 opponebant,
735 3150 842 3209 melius
863 3166 928 3209 csse
983 3139 1160 3213 felicitatem,

130 3256 161 3305 ut
176 3248 330 3307 Sermones
356 3247 483 3319 Honorii,
499 3248 561 3321 Jam
575 3247 623 3307 diu
638 3249 760 3322 quesiti,
783 3249 929 3323 prodirent
1584 3250 1637 3309 Su.

320 3477 416 3535 Rome,
431 3477 472 3529 dic
486 3477 518 3528 20
531 3477 592 3529 febr.
607 3478 676 3528 tels.
