3928 6200
228 322 289 385 ste
695 318 872 379 HONORII
893 315 938 379 111
960 315 1108 376 OPERA.
1126 346 1164 360 -
1180 308 1412 379 SERMONES.
1821 320 1882 381 380

228 482 344 548 narius
360 480 447 547 onim
472 495 630 543 uumerus
651 492 767 541 omnes
789 477 947 541 articulos
963 492 1026 538 uu·
1079 475 1208 539 dicetur
1227 477 1277 539 eis
1298 497 1306 538 ε
1330 479 1455 540 Nescio
1474 490 1535 539 ros
1556 474 1687 556 (Mattb.
1714 492 1797 550 xxv,
1814 468 1880 560 12).

228 583 312 644 meri
328 578 586 658 comprehendit,
603 594 646 638 ex
661 576 778 654 quibus
789 576 1025 653 multiplicatus
1081 575 1160 635 Item
1176 578 1314 637 :simne
1326 576 1533 651 estrepnum
1544 579 1747 637 coetorum...
1759 578 1882 639 Decem

229 680 336 741 omnis
358 692 516 739 numerus
531 674 648 751 surgit.
669 674 717 736 nb
733 690 798 735 uno
813 675 903 735 enim
922 689 1026 750 usque
1080 671 1228 747 virgines
1245 672 1322 732 sunt
1336 671 1450 733 decem
1467 670 1614 732 fidelium
1629 673 1769 748 species,
1786 672 1885 734 vide-

229 777 397 839 addacem
412 788 472 850 per
487 772 645 835 articulos
659 773 864 844 ascenditur,
880 773 914 834 et
927 789 947 834 a
962 772 1025 832 de·
1080 768 1169 840 licet,
1185 768 1447 830 misericordiam
1462 767 1632 841 iacientes,
1651 786 1715 831 sua
1737 786 1884 847 corpora

228 875 325 935 nario
339 887 444 947 usque
466 871 505 932 ad
523 870 653 946 viginti,
678 871 710 931 et
733 870 782 932 sic
801 867 837 930 in
857 869 1026 931 inlinitum
1080 867 1291 943 castigantes,
1311 867 1471 943 virginali
1494 866 1657 928 munditia
1683 869 1882 941 renitentes,

228 987 288 1047 per
317 969 450 1031 eosdem
478 967 713 1044 multiplicatos
749 967 951 1045 pervenitur.
987 968 1027 1028 Et
1080 965 1225 1025 orationi
1245 965 1419 1036 instantes,
1435 964 1471 1025 in
1485 964 1700 1026 tribulatione
1715 966 1750 1026 et
1763 968 1887 1027 conta-

227 1067 302 1129 ideo
338 1081 484 1142 congrue
519 1081 579 1142 por
613 1062 788 1127 denarium
826 1063 1026 1125 universitas
1081 1062 1190 1124 meliis
1207 1062 1381 1139 patientes.
1407 1061 1519 1123 Pruna
1536 1062 1666 1145 species
1686 1061 1886 1139 designatur

228 1163 390 1226 bonorum
406 1165 439 1226 et
453 1163 616 1225 malorum
637 1163 694 1241 qui
720 1164 797 1225 suut
814 1163 850 1222 in
864 1161 1024 1233 Ecclesia,
1080 1159 1116 1218 in
1140 1158 1301 1226 Rebecca,
1329 1174 1402 1236 quae
1430 1158 1575 1221 camelos
1602 1159 1793 1236 adaquavit,
1822 1176 1883 1221 se-

228 1258 433 1334 desiguatur.
465 1258 644 1331 Quinsrius
671 1258 782 1319 aarum
811 1256 853 1318 ad
881 1256 1026 1333 quinque
1081 1255 1189 1317 cunda
1212 1255 1247 1316 iu
1273 1254 1380 1317 Maria
1406 1270 1523 1318 semro
1544 1259 1675 1327 Aaron,
1705 1272 1780 1334 qnae
1806 1260 1886 1334 post

227 1372 348 1417 sensus
363 1356 511 1433 corporis
527 1355 729 1427 extenditur,
746 1354 804 1432 qui
823 1354 898 1415 ideo
913 1353 1026 1430 dupli-
1080 1354 1257 1415 transitum
1276 1353 1380 1415 maris
1397 1353 1491 1415 rubri
1512 1354 1704 1431 tympanum
1722 1353 1881 1433 sumpsit,

226 1455 334 1526 catur,
361 1453 438 1530 quia
465 1453 542 1515 sunt
565 1452 600 1513 in
620 1451 769 1514 Ecclesia
795 1451 940 1529 quidam,
970 1448 1026 1528 qui
1080 1447 1179 1512 tertia
1194 1450 1230 1512 ln
1249 1451 1319 1512 illia
1334 1451 1467 1528 caleph,
1491 1467 1564 1528 quae
1588 1451 1751 1528 irriguum
1774 1468 1884 1528 supe-

228 1552 374 1629 quinque
394 1550 547 1612 sensibus
571 1550 720 1627 corporis
746 1549 898 1611 ordinate
922 1550 1025 1610 utun-
1081 1547 1151 1608 rius
1174 1551 1207 1609 et
1221 1546 1362 1609 interius
1376 1548 1481 1624 petiit,
1500 1549 1618 1625 quarta
1632 1548 1750 1609 iutilia
1761 1549 1886 1626 Jepbte

226 1648 293 1721 tur,
311 1662 372 1710 uec
395 1664 452 1710 eos
466 1644 508 1710 ad
529 1649 734 1724 uoluptatem
752 1647 863 1708 carnis
878 1646 1024 1715 flectunt,
1082 1662 1154 1722 quas
1182 1646 1409 1722 virginitatem
1435 1661 1528 1707 suam
1557 1645 1684 1707 duobus
1709 1646 1886 1707 mensibus

227 1746 287 1807 sed
303 1746 344 1807 ab
366 1746 455 1808 omni
482 1748 617 1822 peccato
642 1744 857 1816 abstinentes,
883 1760 945 1805 nec
968 1758 1027 1822 por
1082 1743 1210 1820 planxit
1233 1744 1269 1805 in
1294 1742 1471 1811 montibus,
1496 1742 1612 1820 quinta
1637 1744 1673 1803 in
1700 1745 1785 1804 Sara
1811 1744 1886 1804 tilia

226 1843 310 1904 vitia
324 1842 511 1904 diffluentes
527 1842 568 1904 ad
583 1842 733 1903 coelestia
750 1841 893 1917 erigunt.
919 1843 1027 1913 Quare
1082 1838 1256 1915 Raguelis,
1284 1856 1357 1917 quae
1388 1840 1510 1902 auditis
1539 1840 1750 1901 coutumeliis
1778 1855 1887 1917 supe-

228 1941 362 2016 propter
377 1938 602 2015 integritatem
616 1935 765 2016 quinquo
780 1952 939 1999 sensuum
952 1953 1028 2015 pru·
1081 1938 1171 1999 ciera
1184 1938 1347 1999 coenaculi
1361 1937 1413 1997 sui
1429 1937 1589 1999 ascendit.

226 2036 345 2098 dentes
360 2038 479 2097 merito
493 2037 642 2111 uirgines
657 2051 731 2096 esse
747 2035 937 2097 censentur.
1122 2037 1159 2095 In
1173 2034 1226 2095 his
1239 2035 1383 2111 quinque
1392 2034 1565 2095 ordinibus
1577 2033 1635 2095 alii
1649 2034 1727 2095 sunt
1736 2032 1795 2112 qui
1806 2036 1884 2097 stu-

269 2134 353 2194 Sunt
366 2133 400 2194 et
413 2132 472 2192 alii
483 2133 538 2210 qui
554 2133 700 2210 quinque
712 2132 865 2193 sensibus
879 2130 1027 2209 corporis
1082 2132 1159 2193 dent
1173 2133 1305 2209 placere
1320 2134 1399 2203 Deo,
1415 2132 1448 2193 et
1461 2131 1521 2192 alii
1532 2131 1588 2209 qui
1599 2131 1731 2193 student
1746 2132 1885 2208 placere

227 2228 418 2291 inordinate
448 2232 599 2302 utuntur,
627 2246 689 2291 nec
717 2246 775 2292 eos
802 2230 842 2291 ad
877 2230 1027 2292 coelestia
1081 2228 1214 2290 mundo.
1232 2232 1353 2290 Omnes
1365 2229 1476 2290 tamen
1492 2228 1729 2305 suntrirgiues
1744 2231 1886 2306 propter

227 2326 388 2400 referunt,
409 2327 466 2388 sed
486 2327 527 2388 ab
549 2328 639 2388 omni
660 2327 747 2388 bono
763 2327 978 2398 abstinentes,
995 2329 1028 2388 et
1082 2326 1190 2397 iidem,
1208 2324 1285 2403 quia
1300 2326 1387 2387 sicut
1400 2321 1576 2401 virginitas
1596 2327 1709 2387 carnis
1729 2327 1782 2388 est
1801 2340 1886 2388 caro

227 2440 289 2501 per
304 2425 491 2501 voluptates
510 2425 622 2485 carnis
635 2424 822 2485 diffluentes
837 2424 878 2485 ad
893 2425 1027 2485 terrena
1081 2422 1265 2500 impolluta,
1281 2423 1329 2484 ita
1341 2423 1518 2498 uirginitas
1529 2423 1647 2484 mentis
1658 2423 1708 2484 est
1719 2422 1805 2484 fides
1815 2425 1887 2484 sin·

227 2522 476 2583 convertuntur.
498 2524 639 2598 Propter
654 2536 751 2598 quam
775 2520 1026 2583 instabilitatem
1082 2535 1169 2581 cera.
1193 2521 1232 2581 Et
1251 2520 1328 2581 licet
1342 2535 1457 2581 omnes
1482 2520 1549 2581 sint
1562 2520 1721 2596 virgines,
1735 2536 1805 2581 uon
1822 2524 1883 2583 ta·

229 2618 374 2694 quinque
390 2634 548 2679 sensuum
564 2618 691 2678 nullum
714 2617 837 2679 bonum
852 2633 934 2696 opas
949 2633 1028 2694 pro-
1082 2632 1157 2677 men
1189 2632 1303 2678 omnes
1326 2617 1404 2678 sunt
1429 2617 1611 2693 sapientes,
1640 2617 1718 2694 quia
1742 2617 1793 2677 illi
1818 2614 1887 2679 soli

227 2712 429 2786 ducentium,
455 2714 556 2777 fatuae
576 2715 696 2777 merito
715 2715 864 2791 uirgines
886 2731 1029 2777 censen·
1082 2714 1249 2789 sapientes
1262 2714 1339 2774 suut
1358 2713 1414 2790 qui
1429 2729 1449 2774 a
1463 2716 1532 2775 Deo
1545 2714 1687 2789 gloriam
1701 2716 1883 2791 auserunt3

227 2811 291 2873 tur.
304 2812 371 2873 Aut
388 2833 395 2872 :
410 2812 486 2873 sunt
500 2812 634 2889 quidam
655 2812 720 2873 riri
736 2812 770 2873 et
784 2813 934 2890 quasdam
951 2820 1027 2872 mu·
1081 2814 1114 2871 et
1127 2811 1202 2872 ideo
1218 2810 1592 2886 suntdecemrirgines,
1609 2811 1755 2888 quinque
1768 2811 1809 2873 de
1824 2812 1885 2874 bo·

228 2909 340 2982 lieres,
369 2911 426 2987 qui
439 2914 573 2987 propter
585 2911 717 2971 laudem
732 2909 847 2971 saeculi
861 2910 1029 2972 abstinent
1082 2909 1145 2980 uis,
1162 2909 1349 2985 etquinque
1366 2907 1407 2969 de
1421 2908 1529 2968 malis.
1548 2908 1814 2969 Misericordiam
1828 2909 1887 2970 ia-

228 3022 248 3067 a
260 3008 396 3084 peccato
411 3006 554 3068 mortali.
572 3008 711 3079 Quidam
723 3008 842 3069 timent
855 3007 1027 3070 infamiam
1081 3004 1213 3066 cientes·
1223 3006 1301 3069 suat
1314 3004 1371 3081 qui
1385 3004 1518 3066 student
1534 3020 1697 3082 pauperes
1710 3021 1883 3079 recreare,

229 3103 327 3180 liujus
340 3104 470 3178 mundi,
486 3105 619 3180 quidam
634 3104 749 3166 saeculi
763 3105 970 3181 potestatem,
985 3120 1027 3166 ne
1081 3101 1255 3180 dequibus
1280 3102 1404 3164 dictum
1430 3103 1481 3164 est
1497 3102 1535 3163 in
1554 3101 1733 3177 Evangelio
1750 3124 1758 3163 ι
1774 3105 1883 3165 Beati

228 3200 426 3261 damnentur
437 3200 479 3260 ad
497 3201 646 3262 mortem.
662 3201 818 3273 Quasdam
838 3201 938 3263 etiam
954 3217 1028 3262 mu-
1081 3202 1334 3267 inisericordes,
1349 3202 1512 3272 camisiam
1524 3202 1590 3271 ips-t
1600 3202 1886 3262 misericordiam

228 3295 329 3357 lieres
343 3296 461 3357 timent
473 3312 604 3373 poenam
621 3314 641 3359 a
656 3298 786 3361 maritis
798 3297 1024 3374 infligendam.
1080 3295 1332 3370 consequentur
1347 3294 1477 3375 (Mattb.
1493 3311 1526 3366 v,
1547 3294 1592 3374 7).
1609 3296 1703 3358 lit-in
1726 3299 1886 3374 Evange-

229 3393 272 3454 Hi
291 3408 418 3465 omues,
434 3394 513 3470 qiua
532 3410 599 3455 non
618 3396 754 3471 propter
774 3397 877 3457 Deum
892 3398 1028 3457 servam
1082 3394 1127 3455 lio
1145 3412 1152 3454 t
1168 3395 1257 3456 Date
1270 3399 1532 3468 eleemosynam,
1552 3395 1586 3455 et
1606 3396 1724 3455 onmia
1747 3399 1886 3458 munda

228 3490 453 3566 integritatem
483 3506 653 3564 sensnum,
684 3509 759 3555 cum
784 3493 852 3556 siut
878 3494 1026 3570 virgines
1080 3488 1372 3569 suuteobistbuc
1386 3506 1432 3558 ιιι,
1442 3491 1507 3569 41).
1523 3491 1563 3551 Et
1575 3489 1611 3550 in
1621 3490 1883 3554 Ecclesiastico:

229 3588 378 3663 corporis
392 3588 449 3649 sed
465 3604 531 3650 non
547 3591 677 3663 mentis,
700 3589 801 3651 latuae
818 3590 936 3652 merito
954 3590 1027 3651 rir-
1080 3588 1592 3663 Siculaqueeetinguitipnem,
1604 3588 1886 3663 itaetecmcspnc

227 3683 323 3759 gines
346 3686 567 3762 appellantur.
593 3687 676 3759 Quia
699 3702 779 3763 ergo
806 3703 903 3749 nemo
923 3687 974 3749 est
991 3689 1026 3748 in
1081 3684 1254 3760 conticescit
1286 3684 1464 3758 peecatum
1486 3683 1588 3762 (Eccl.
1612 3700 1662 3756 ιιι,
1686 3684 1753 3763 33).
1776 3686 1888 3748 Mise-

229 3782 388 3856 Ecclesia,
414 3784 471 3861 qui
493 3784 541 3845 sic
556 3786 614 3846 aut
634 3784 684 3847 sic
708 3785 852 3863 quinque
878 3785 1026 3862 corporis
1081 3781 1227 3843 ricordia
1264 3783 1315 3843 est
1350 3797 1513 3860 pauperes
1542 3783 1701 3854 reticere,
1731 3782 1886 3845 debitum

228 3879 380 3941 sensibus
396 3897 463 3942 non
484 3882 608 3954 utatur,
635 3882 756 3945 merito
771 3882 919 3945 Ecclesia
934 3883 1027 3944 mili·
1081 3879 1262 3952 remittere,
1284 3880 1414 3955 culpam
1430 3879 1628 3941 condonare.
1639 3882 1686 3941 De
1701 3896 1766 3957 qua
1777 3880 1886 3942 salo-

227 3978 303 4038 tans
326 3977 491 4040 malorum
514 3980 547 4041 et
569 3978 732 4042 bonorum
755 3981 929 4042 continens
951 3980 1028 4041 uni·
1081 3993 1177 4037 mou:
1194 3978 1258 4043 thi
1271 3975 1887 4049 reperturmisereorctametjusts·

228 4073 430 4146 cessitatem,
443 4075 556 4137 decem
568 4076 766 4152 virginibus,
781 4093 923 4153 quaerum
935 4077 1028 4154 quin·
1082 4076 1179 4147 tiam,
1191 4073 1344 4135 treceniet
1353 4074 1462 4134 citam
1475 4075 1509 4135 et
1517 4077 1665 4149 pieriam
1674 4073 1789 4153 (Prot.
1804 4091 1883 4143 m,

229 4172 380 4245 quaeunt
393 4162 571 4246 prudentes
582 4173 771 4249 etquinque
782 4172 894 4245 latua,
906 4174 1026 4234 similis
1080 4169 1146 4249 21).
1169 4171 1434 4232 Misericordiam
1457 4169 1618 4232 iacientes
1633 4173 1710 4233 sunt
1732 4172 1796 4243 illi,
1821 4173 1883 4250 qui

228 4264 452 4327 denuntiatur.
467 4269 507 4328 Et
520 4267 781 4346 sicbabesquod
796 4270 948 4346 quaedam
962 4271 1028 4333 rir-
1081 4268 1239 4330 exercent
1260 4267 1452 4329 mandatum
1477 4268 1553 4340 Dei,
1579 4268 1666 4329 sicut
1692 4268 1818 4344 legitur
1844 4271 1885 4331 iu

228 4361 323 4436 gines
346 4363 424 4424 sunt
444 4364 632 4440 prudentes,
656 4366 691 4427 et
713 4367 864 4442 quaedam
879 4367 1026 4443 virgines
1080 4363 1280 4441 Evangelio:
1295 4368 1439 4426 Esurtat
1460 4366 1493 4426 et
1513 4367 1654 4426 decimus
1667 4370 1753 4427 milet
1768 4382 1883 4427 awri-

227 4456 338 4520 latuae.
488 4540 495 4545 ¹
855 4524 859 4531 ,
1080 4466 1219 4535 ducere,
1233 4463 1330 4524 sitiet
1344 4462 1377 4523 ct
1388 4463 1530 4524 dedistis
1546 4466 1632 4524 milet
1655 4464 1769 4525 bibere
1779 4461 1883 4540 (xxv,

268 4558 418 4632 Regnum
440 4559 602 4620 coelorum
625 4559 748 4621 dicitur
775 4559 884 4621 simile
911 4559 1025 4622 decem
1080 4558 1144 4638 35).
1158 4559 1241 4632 Quia
1252 4559 1308 4637 qui
1319 4559 1416 4620 modo
1430 4559 1584 4621 reficiunt
1597 4574 1761 4636 pauperes
1782 4561 1884 4622 elee-

226 4653 414 4730 rirgiuibus
428 4654 528 4716 fatuis
539 4660 572 4717 et
582 4656 810 4733 prudentibus,
823 4656 901 4735 quia
911 4660 1026 4721 sancta
1080 4657 1238 4734 mosynis,
1254 4656 1289 4716 in
1304 4656 1415 4717 futuro
1429 4672 1449 4716 a
1465 4657 1596 4718 Christo
1610 4657 1810 4718 reficiuntur
1821 4674 1886 4719 su-

188 4824 193 4833 ,
226 4752 374 4814 Ecclesia
389 4753 536 4829 repletur
549 4753 646 4815 bonis
664 4758 697 4816 et
714 4755 823 4816 malis
851 4754 933 4816 itali
947 4771 1026 4818 vero
1080 4769 1301 4831 permensum
1317 4753 1426 4814 Patris
1441 4754 1476 4814 iu
1494 4753 1597 4825 coelis,
1613 4755 1647 4815 et
1663 4769 1884 4831 consequen-

227 4850 352 4910 suntin
374 4851 523 4913 Ecclesia
535 4868 595 4927 per
605 4852 895 4929 participationem
911 4855 1027 4915 Sacra·
1080 4851 1414 4922 turmisericordiam,
1424 4849 1518 4921 idest,
1526 4851 1884 4915 delictorumomuium

228 4945 426 5017 mentorum,
451 4949 529 5024 quia
550 4950 737 5026 suscipiant
758 4949 873 5011 eadem
900 4953 1024 5012 Sacra·
1080 4949 1233 5022 veniam3
1260 4947 1346 5009 sicut
1364 4962 1382 5008 θ
1404 4948 1572 5011 contrario
1588 4948 1779 5011 :iudicium
1805 4951 1884 5013 sine

211 5043 338 5111 ‚menta
362 5058 437 5103 cum
459 5044 566 5117 bonis,
590 5047 689 5109 sicuti
711 5048 761 5109 est
783 5046 965 5124 baptismus
993 5049 1026 5110 et
1080 5045 1309 5107 misericordia
1318 5045 1382 5107 erit
1395 5044 1464 5106 illis
1478 5046 1534 5122 qui
1546 5061 1613 5107 non
1627 5044 1757 5111 iaciunt
1769 5047 1884 5111 mise·-

227 5137 327 5199 etiam
356 5138 448 5200 tides.
483 5143 586 5204 Sicuti
613 5145 701 5204 enim
727 5145 764 5205 in
791 5160 869 5207 ama
892 5145 1026 5206 suerunt
1079 5143 1274 5216 ricordiam3
1296 5143 1374 5219 quia
1395 5142 1568 5220 sicutipse
1589 5142 1759 5206 obturavit
1778 5160 1884 5211 aures

226 5234 386 5296 animalia
401 5237 522 5298 munda
538 5241 571 5299 et
585 5240 765 5311 immunda,
781 5241 829 5303 ita
843 5244 923 5303 suut
938 5242 1025 5305 intra
1080 5257 1158 5302 suas
1173 5240 1215 5301 ad
1236 5240 1414 5301 clamorem
1429 5240 1597 5317 pauperis,
1612 5240 1660 5303 ita
1675 5241 1836 5304 clamabit
1848 5243 1884 5305 et

226 5332 411 5396 Eoelesiam
422 5333 502 5395 boni
516 5337 548 5396 et
561 5336 650 5397 mali.
669 5337 732 5398 Sed
751 5337 829 5400 boni
846 5339 1026 5400 manebunt
1079 5354 1145 5398 non
1161 5337 1359 5398 exaudietur
1371 5337 1406 5396 in
1420 5337 1567 5414 tempore
1583 5338 1805 5400 necessitatis.

226 5428 262 5488 in
288 5428 400 5503 domo,
428 5431 523 5503 idest,
549 5432 594 5493 in,
609 5434 758 5496 Ecclesia
783 5436 819 5496 in
845 5438 1023 5509 eternum3
1122 5435 1184 5506 Qui
1198 5450 1278 5510 ergo
1293 5433 1426 5495 student
1439 5434 1475 5495 in
1489 5435 1711 5512 eleemosynis
1724 5438 1883 5515 Deopla·

228 5526 316 5585 serui
330 5530 453 5601 autem,
472 5528 567 5602 idest,
587 5531 679 5603 mali,
702 5547 769 5594 non
791 5533 971 5595 manebunt
989 5533 1024 5592 in
1079 5547 1167 5603 cere,
1184 5531 1401 5617 designantur
1413 5532 1448 5592 in
1465 5531 1624 5603 Rebecca,
1642 5548 1717 5610 quse
1731 5532 1883 5612 adaqua-

223 5621 399 5696 aaternum,
421 5626 497 5704 quia
513 5626 603 5692 foras
616 5628 772 5705 ejiciendi
788 5632 877 5702 sunt,
893 5630 1025 5707 quando
1079 5630 1128 5691 rit
1138 5628 1296 5701 camelos,
1312 5629 1345 5691 ot
1367 5629 1480 5707 potum
1503 5629 1712 5694 dediteserro
1732 5632 1830 5693 Isaac
1847 5637 1884 5695 et
