3946 6196
91 233 153 298 sm
733 228 963 297 nrrsronAE.
986 233 1065 296 nm.
1089 234 1114 297 1.
1575 320 1584 328 ⁵
1691 244 1751 303 ars

93 397 235 459 hamum
248 394 407 467 consilio,
418 393 459 455 ad
472 393 643 472 exemplar
648 397 720 474 jam
732 395 897 459 dictorum
950 395 1157 459 confessoris
1185 395 1329 472 Nicolai,
1357 397 1469 462 Natali
1495 400 1637 474 Domini,
1666 402 1750 480 lipi-

92 492 290 565 llenandri,
314 492 505 565 Clementis,
530 493 711 566 Goelestini,
737 495 770 556 et
793 497 897 557 Inno-
951 492 1086 570 phania,
1111 493 1145 557 et
1170 492 1206 555 in
1229 494 1461 574 anniversario
1484 512 1554 558 suae
1573 513 1753 560 consecra-

94 592 209 663 oeniii,
234 590 521 670 praedeeessorum
545 593 735 653 nostrorum
756 593 899 668 legatio·
950 589 1053 653 tionis
1090 591 1160 664 die,
1197 591 1233 652 in
1273 593 1579 656 consecrationibus
1621 610 1752 674 quoque

94 706 173 752 nem
191 689 454 752 transmarinam
473 688 551 761 tibi,
571 689 705 768 tuisque
727 704 899 752 successo-
951 689 1197 767 episcoporum,
1233 689 1468 765 basilicarum,
1500 693 1533 754 et
1565 692 1752 756 ordinatio-

94 788 189 850 ribus
200 788 237 848 in
251 787 450 866 perpetuum
465 786 619 849 duximus
635 787 896 863 concedendam
952 785 1051 847 nibus
1090 785 1299 849 clericorum.
1334 787 1510 850 abbatiam
1548 806 1678 869 quoque
1710 790 1751 852 de

94 888 145 949 ita
163 885 299 965 quidem
320 886 357 946 ut
380 884 521 961 singulis
543 885 706 948 octenniis
721 901 795 947 cum
809 885 900 963 epis·
952 885 1040 962 Tyro
1054 884 1097 946 ad
1112 884 1389 957 meliorationem,
1405 887 1499 950 salva
1516 890 1549 950 S.
1565 890 1604 952 R.
1620 891 1656 950 Ε.
1673 904 1755 965 pro·

95 999 191 1061 copo,
205 983 261 1045 rel
276 982 441 1044 cardinali
461 985 620 1045 Romanae
639 983 797 1045 Ecclesiae
818 983 900 1046 illuc
953 982 1103 1059 prietate,
1118 998 1158 1045 ac
1177 998 1290 1057 censu,
1313 984 1401 1046 sicut
1420 986 1571 1063 praedicti
1591 986 1751 1049 anteces-

97 1079 261 1143 aocedere
286 1078 453 1156 debeatis,
480 1096 501 1142 a
528 1079 635 1154 nobis,
664 1081 697 1142 et
724 1080 899 1144 catholicis
954 1096 1047 1143 sores
1070 1081 1177 1143 nostri
1198 1083 1421 1156 Innocentius,
1451 1084 1559 1158 Alex,
1588 1084 1751 1159 Clemens,

97 1177 352 1241 successoribus
365 1178 500 1252 nostris,
518 1178 667 1240 eamdem
680 1178 898 1251 auctoritatis,
954 1179 1162 1251 Caelestinus,
1181 1179 1215 1241 et
1232 1181 1445 1244 Innocentius
1466 1180 1586 1245 fecisse
1604 1198 1754 1249 noscun-

97 1277 132 1339 et
146 1276 324 1354 potestatis
345 1276 584 1352 plenitudinem
608 1277 785 1354 recepturi,
801 1292 900 1355 quam
953 1277 1019 1351 tur,
1034 1276 1097 1339 tibi
1119 1276 1225 1340 frater
1242 1279 1504 1358 archiepiscope,
1520 1280 1653 1359 tuisque
1674 1296 1753 1344 suc-

97 1375 290 1453 episcopus,
312 1374 366 1436 rel
393 1373 574 1435 cardinalis
606 1373 773 1447 habuerit,
800 1374 901 1452 quia
955 1373 1143 1438 cessoribus
1158 1375 1314 1438 duximus
1332 1378 1610 1441 committendam.
1634 1380 1670 1441 Si
1685 1394 1752 1458 qua

97 1472 215 1545 nobis,
244 1471 299 1534 vel
324 1471 575 1534 successoribus
602 1472 726 1534 nostris
754 1472 835 1534 illuc
861 1472 901 1534 de
954 1473 1057 1549 igitur
1070 1473 1106 1534 in
1126 1471 1275 1535 futurum
1293 1476 1533 1547 ecclesiastica,
1549 1477 1755 1540 secularisve

99 1585 242 1647 corpore
257 1569 415 1631 Ecclesiae
433 1568 535 1633 fuerit
552 1569 749 1633 destinatus.
766 1572 903 1631 Mones-
955 1569 1193 1650 personabanc
1203 1574 1325 1635 nostrae
1336 1574 1581 1637 constitutionis
1594 1575 1752 1652 paginam

98 1668 225 1730 terium
245 1683 387 1746 quoque,
410 1667 497 1745 quod
518 1668 555 1730 in
578 1668 689 1730 insula
718 1668 902 1730 Gallinaria
956 1669 1065 1730 sciens
1080 1668 1196 1742 contra
1211 1685 1285 1732 eam
1296 1671 1753 1746 temeraveniretentaverit,

98 1766 203 1828 situm
218 1769 279 1835 est,
299 1765 341 1826 ad
356 1767 414 1843 jus
429 1769 462 1828 S.
479 1768 519 1828 R.
535 1767 571 1828 it
588 1765 811 1843 spiritualiter
825 1781 903 1843 per-
956 1765 1101 1828 seoundo
1123 1766 1264 1829 tertiove
1293 1768 1504 1843 commonita,
1532 1769 1599 1831 nisi
1622 1770 1754 1831 reatum

103 1864 227 1937 tinans,
250 1863 284 1926 et
306 1864 466 1925 ecclesias
491 1863 527 1925 in
551 1867 661 1926 castro
686 1864 720 1925 et
745 1863 902 1925 suburbio
957 1880 1054 1925 suum
1071 1879 1220 1940 congrua
1237 1865 1465 1928 satisfactione
1480 1867 1675 1940 correxerit,
1694 1883 1758 1944 po-

102 1963 226 2024 Portus
261 1959 402 2023 Veneris
436 1976 457 2023 a
487 1961 704 2039 juridictione
741 1962 903 2024 Lunensis
957 1961 1087 2023 testatis
1114 1960 1318 2041 honorisque
1350 1965 1404 2025 sui
1436 1964 1598 2041 dignitate
1631 1965 1755 2038 careat,

102 2059 254 2138 episcopi
269 2058 463 2133 eximentes,
481 2057 554 2132 tibi,
576 2060 609 2121 et
626 2058 681 2132 iis,
702 2059 760 2138 qui
777 2061 853 2137 post
870 2060 904 2122 te
957 2074 1116 2136 reamque
1130 2075 1167 2120 se
1184 2059 1297 2122 divino
1315 2061 1444 2139 judicio
1464 2063 1608 2125 existere
1625 2063 1665 2124 de
1680 2079 1760 2140 per-

102 2157 338 2229 successerint,
354 2157 390 2219 in
407 2158 603 2235 perpetuum
618 2158 904 2234 Apostolicaauc-
958 2158 1089 2235 patrata
1108 2158 1285 2235 iniquitate
1307 2161 1496 2235 cognoscat,
1511 2162 1545 2221 et
1561 2176 1581 2221 a
1597 2160 1760 2222 saeratis-

101 2256 239 2319 toritate
263 2255 486 2328 concedimus,
502 2256 536 2317 et
549 2255 708 2334 praesenti
728 2254 904 2333 privilegio
959 2255 1043 2317 simo
1066 2271 1217 2333 corpore,
1239 2257 1272 2319 et
1291 2258 1455 2334 sanguine
1478 2258 1549 2331 Dei,
1570 2273 1610 2319 ac
1625 2258 1759 2320 Domini

102 2354 352 2417 confirmamus.
367 2352 648 2430 Albinganensem
662 2354 802 2431 insuper
821 2354 907 2430 epis·
959 2352 1190 2430 Redemptoris
1204 2355 1311 2417 nostri
1326 2357 1344 2418 J
1347 2370 1407 2417 esu
1419 2355 1543 2418 Christi
1561 2355 1672 2418 aliena
1687 2355 1756 2428 dat,

102 2454 263 2529 copatum
294 2450 367 2524 tibi,
403 2451 437 2513 et
469 2449 716 2514 successoribus
751 2450 829 2524 tuis,
863 2448 905 2511 ad
959 2453 1058 2530 atque
1072 2451 1108 2513 in
1123 2452 1273 2514 extremo
1295 2453 1451 2515 examine
1465 2453 1624 2516 districtae
1639 2453 1759 2516 ultioni

103 2549 356 2627 exemplarjam
368 2547 532 2611 dictorum
540 2549 788 2611 antecessorum
795 2548 905 2622 Alex„
960 2549 1141 2629 subjaceat
1164 2550 1300 2612 Cunctis
1320 2552 1431 2614 autem
1448 2566 1510 2613 sua
1524 2554 1604 2629 jura
1620 2566 1761 2614 servan-

7 2688 8 2691 =
103 2646 297 2719 Clementis,
313 2646 495 2719 Caelestini,
519 2646 553 2710 et
575 2647 761 2709 innocentii
786 2661 908 2709 conoe-
959 2646 1048 2710 tibus
1069 2647 1113 2710 sit
1137 2663 1205 2724 pax
1228 2647 1359 2710 Domini
1385 2648 1491 2710 nostri
1515 2650 1597 2712 Jesu
1623 2648 1758 2721 Christi,

7 2766 8 2823 j
105 2746 217 2808 dimus
245 2744 476 2817 nihilominus,
505 2744 539 2808 et
567 2742 813 2807 confirmamus.
841 2746 908 2806 De-
961 2743 1125 2822 quatenus
1158 2743 1193 2807 et
1225 2743 1281 2806 hio
1313 2742 1458 2807 fructum
1488 2744 1585 2808 bonae
1616 2745 1762 2808 actionis

106 2844 210 2922 nique
238 2843 276 2904 ut
301 2842 480 2904 Januensis
508 2842 638 2915 civitas,
664 2858 738 2920 quae
761 2842 907 2904 coelestis
961 2841 1167 2919 percipiant,
1203 2841 1237 2904 et
1271 2842 1358 2920 apud
1395 2841 1582 2905 districtum
1611 2842 1760 2922 judicem

7 3008 9 3027 ζ
104 2940 257 3005 numinis
285 2939 400 3018 adjuta
414 2938 541 3013 farore,
564 2940 604 3002 de
629 2939 775 3001 inimicis
799 2940 911 3030 crucis
961 2939 1100 3017 praemia
1127 2940 1263 3003 aeternae
1299 2939 1391 3018 pacis
1426 2941 1610 3006 inveniant·
1640 2944 1759 3016 Amen,

7 3096 9 3133 ᾗ
107 3038 235 3102 Christi
249 3038 455 3116 triumphum
470 3037 672 3117 frequenter,
689 3039 723 3101 et
732 3037 908 3101 victoriam
961 3053 1070 3110 amen,
1093 3053 1202 3100 amen.
1225 3039 1343 3100 Datum
1366 3038 1534 3114 Laterani,
1550 3055 1610 3118 per
1624 3057 1760 3103 manum

7 3154 8 3185 ÷
106 3136 295 3215 reportavit
317 3137 351 3198 et
372 3135 535 3213 plurimas
566 3152 681 3199 eorum
703 3135 802 3199 urbes
823 3136 909 3198 mira
962 3136 1122 3212 Raynerii
1148 3136 1272 3198 sanctae
1299 3138 1459 3199 Romanae
1485 3138 1643 3201 Ecclesiae
1667 3139 1760 3201 rice-
1817 3182 1822 3189 ·

7 3228 22 3309 ῗ.
106 3234 252 3313 quadam
266 3235 301 3295 et
312 3233 501 3295 invincibili
525 3234 688 3311 potestate
707 3233 908 3312 subjugavit,
963 3233 1168 3307 cancellarii,
1178 3235 1295 3297 octavo
1306 3234 1468 3296 kalendas
1479 3235 1569 3310 maii,
1580 3236 1762 3299 indictione

7 3346 8 3385 1
105 3330 265 3409 ampliori
280 3331 463 3395 honoretur
474 3330 607 3409 fastigio
625 3331 808 3408 dignitatis,
824 3346 909 3410 equo
964 3332 1071 3404 sexta,
1088 3332 1332 3394 incarnationis
1349 3333 1532 3395 Dominicae
1546 3350 1634 3396 anno
1649 3335 1763 3397 mille·
1847 3316 1853 3327 ⁸

7 3486 8 3517 Ξ
105 3429 197 3503 albo,
208 3445 284 3492 cum
292 3444 379 3491 navo
389 3428 478 3503 albo,
489 3428 524 3490 in
532 3428 801 3507 processionibus
809 3428 869 3502 uti,
878 3429 912 3491 et
964 3428 1047 3490 simo
1067 3428 1293 3491 ducentesimo
1313 3429 1606 3508 decimoseptimo,
1624 3430 1762 3508 pontid·

7 3600 9 3623 μ
108 3543 256 3599 crucem,
271 3525 432 3590 vexillum
454 3526 611 3590 videlicet
628 3526 838 3589 Dominicum
852 3540 911 3603 per
964 3526 1147 3589 catusrero
1160 3526 1284 3588 domini
1300 3529 1439 3589 Honorii
1454 3531 1555 3605 Papae
1566 3529 1658 3592 tertii
1672 3544 1762 3590 anno

7 3628 9 3683 ζ
108 3624 294 3703 subjectam
307 3623 402 3686 vobis
416 3624 624 3701 provinciam
638 3624 806 3702 portandi,
823 3624 912 3685 siout
965 3624 1086 3701 primo.

108 3721 344 3802 praenominati
352 3722 581 3784 antecessores
590 3723 697 3785 nostri
707 3722 912 3785 concessisse

7 3822 9 3835 '
109 3821 306 3892 noscuntur,
321 3818 383 3881 tibi
397 3819 529 3898 tuisque
541 3820 791 3885 successoribus
806 3819 913 3882 licen·
1288 3809 1436 3898 CCGIX

7 3900 9 3989 ἶ
109 3918 191 3980 tiam
213 3917 345 3987 damus,
365 3918 399 3979 et
419 3916 558 3979 liberam
581 3917 676 3981 vobis
700 3917 912 3980 concedimus

7 4068 9 4079 ,
110 4015 315 4077 facultatem.
339 4014 389 4077 Ad
412 4014 485 4077 haec
508 4015 669 4079 Januensi
689 4016 819 4079 cqvqtffi
841 4031 913 4078 me.
964 3998 1018 4060 Ad
1028 3997 1234 4059 abbatissam
1248 3997 1282 4059 ct
1295 3999 1464 4060 ammiates
1483 3999 1525 4059 de
1539 3999 1761 4059 Rinesbrrrcb.

7 4180 9 4185 ,
111 4114 270 4176 dietatem
292 4113 436 4175 Corsicae
457 4111 588 4187 insulae,
607 4113 648 4176 ad
669 4114 840 4193 exemplar
854 4128 913 4176 eo·
1255 4146 1290 4205 25
1306 4145 1389 4220 ψῃ,
1403 4146 1481 4205 lili.

113 4211 265 4274 rumdam
279 4210 563 4287 praedecessorum
582 4212 774 4273 nostrorum
793 4227 915 4274 conce-
951 4270 956 4279 .

114 4307 241 4381 dimus,
266 4307 316 4369 ita
344 4308 487 4381 scilicet,
519 4307 556 4369 ut
583 4307 697 4381 nobis,
725 4308 913 4386 nostrisque
1037 4297 1130 4362 [aluit
1145 4296 1258 4349 herona
1269 4298 1357 4350 “15⁶⁸
1365 4297 1515 4359 ¹¹⁰¹¹⁸¹¹ffioev
1529 4305 1548 4350 ῑ·
1561 4299 1592 4361 ¹¹2
1603 4315 1630 4366 l·
1640 4298 1710 4366 ³⁸4]

114 4404 366 4471 SUCCOSSOPibUS
408 4406 588 4469 Jflssllensis
631 4406 793 4484 populus,
839 4422 914 4468 Cum
1039 4431 1096 4488 Eas
1109 4444 1176 4489 cum
1189 4431 1324 4490 omnibus
1336 4431 1420 4489 bonis
1434 4431 1556 4490 tuendas
1568 4433 1696 4507 suscipit.
1782 4406 1784 4410 ⁸

115 4503 237 4566 exinde
251 4502 355 4566 suerit
367 4503 558 4581 requisitus,
573 4503 868 4582 fidelitatemjuret
881 4506 916 4566 et
1356 4520 1360 4524 ’

114 4618 174 4677 pro
200 4600 364 4679 pensione
392 4616 494 4662 unam
519 4601 641 4663 libram
670 4601 746 4663 auri
774 4601 914 4677 singulis
1007 4602 1175 4663 Honorius
1186 4602 1372 4680 episcopus,
1385 4617 1502 4664 servus
1513 4616 1685 4664 servorum
1693 4586 1769 4677 Dei,

116 4698 214 4760 annis
228 4698 336 4771 nobis,
353 4699 387 4762 et
400 4699 651 4761 successoribus
667 4699 790 4762 nostris
803 4699 916 4762 exsol-
969 4698 1097 4761 dilectis
1125 4699 1160 4760 in
1189 4699 1320 4761 Christo
1348 4698 1496 4782 filiabus,
1524 4697 1702 4761 abbatissae
1727 4716 1768 4763 ao

116 4797 182 4869 rat,
210 4796 315 4859 salvis
343 4796 502 4857 nimirum
535 4795 644 4859 feudis
676 4797 745 4859 tam
780 4797 913 4869 vestris,
969 4795 1169 4858 monialibus
1183 4795 1224 4857 de
1239 4795 1457 4869 Rinesburch,
1470 4796 1769 4875 salutemethpos-

118 4911 216 4972 quam
244 4894 455 4967 Pisanorum,
474 4894 561 4957 sicut
580 4910 602 4957 a
623 4894 737 4957 decem
760 4895 858 4956 annis
883 4895 917 4957 et
968 4893 1103 4957 tolieam
1116 4892 1394 4955 benedictionem.

7 5046 9 5057 ,
118 5008 219 5070 supra
250 4991 435 5054 obtinuisse
467 4993 660 5055 noscuntur.
697 4993 804 5054 Pallio
835 5008 917 5055 vero
1011 4991 1101 5054 Solet
1113 5005 1260 5052 annuere
1274 4990 1376 5052 Sedes
1393 4991 1585 5068 apostolica
1604 4993 1670 5071 piis
1683 4995 1769 5057 rotis

7 5090 9 5181 ζ
118 5089 206 5152 inira
231 5089 409 5152 ecclesiam
432 5089 616 5167 pertruaris
641 5090 695 5152 his
720 5089 854 5163 diebus,
882 5091 917 5151 in
971 5090 1004 5152 et
1032 5088 1182 5151 honestis
1215 5087 1397 5166 petentium
1434 5089 1587 5166 precibus
1621 5090 1769 5154 savorem

7 5198 9 5203 ’
117 5189 219 5250 Coena
240 5188 385 5261 Domini,
395 5189 537 5261 Pascha,
547 5189 754 5250 ascensione
772 5188 914 5262 Domini,
970 5186 1166 5251 benevolum
1182 5186 1357 5263 impertiri.
1377 5188 1570 5266 Eapropter,
1587 5186 1714 5250 dilectae
1734 5188 1769 5250 in

7 5294 8 5321 ³
119 5286 326 5360 Pentecoste,
340 5286 376 5348 in
390 5285 570 5349 festivitate
585 5287 811 5363 apostolorum
827 5287 918 5349 Petri
972 5285 1102 5347 Christo
1121 5284 1211 5357 filiae,
1230 5285 1351 5347 restris
1365 5288 1467 5364 justis
1491 5286 1768 5365 postulationibus

119 5383 152 5445 et
160 5384 256 5445 Pauli
271 5385 305 5447 et
316 5386 351 5445 S.
361 5384 678 5462 ioannisBaptistae,
688 5387 720 5446 S.
733 5384 917 5455 Laurentii,
971 5382 1066 5460 grato
1092 5384 1328 5474 concurrentes
1363 5399 1514 5458 assensu,
1543 5398 1703 5461 personas
1736 5387 1782 5483 et¹

120 5479 225 5543 tribus
239 5481 490 5554 festivitatibus,
511 5485 548 5545 B.
569 5483 697 5556 Mariae,
710 5482 747 5544 in
761 5480 920 5544 solemni·
973 5479 1211 5544 monasterinm
1229 5482 1379 5542 vestrum
1405 5482 1441 5543 in
1464 5496 1528 5559 quo
1552 5480 1665 5543 divino
1689 5482 1770 5544 estis

7 5636 9 5667 ‚
122 5578 188 5642 tate
204 5580 355 5645 omnium
375 5580 584 5652 Sanctorum,
610 5583 643 5643 S.
666 5580 751 5658 Syri,
772 5580 807 5643 et
826 5580 919 5645 Beati
973 5577 1192 5656 obsequentes
1200 5577 1770 5657 mancipatae,cumomnibusbonis,
