3982 6196
99 290 161 352 685

100 448 325 525 tiniregulam
342 448 378 507 in
389 446 505 509 eodem
516 446 718 508 monasterio
728 446 900 510 institutus

100 562 177 608 esse
192 544 412 622 dignoscitur,
426 544 594 622 perpetuis
609 543 731 605 ibidem
741 544 901 620 tempori·

101 644 164 705 bus
204 642 446 705 inviolabiliter
488 640 692 703 observetur.
733 641 900 702 Praetarea

101 757 328 820 quascumque
337 739 575 817 possessiones,
588 754 803 817 quecumque
812 738 900 801 bona

101 840 190 902 idem
205 838 443 900 monasterium
458 838 494 898 in
504 838 758 915 praesentiarum
768 838 858 915 juste
869 839 901 899 et

102 936 265 999 canonice
284 936 441 1014 possidet,
463 935 569 997 autin
593 937 740 997 futurum
759 949 899 996 conces-

103 1035 200 1096 sione
210 1033 421 1104 Pontificum,
436 1031 612 1107 largitione
622 1033 798 1108 regumvel
808 1032 902 1110 prin-

101 1133 232 1209 cipum,
254 1131 422 1193 oblatione
441 1130 600 1203 iidelium,
622 1144 681 1191 seu
703 1129 780 1191 aliis
800 1131 900 1208 justis

102 1230 211 1292 modis
237 1229 418 1306 praestante
443 1228 582 1289 Domino
604 1227 724 1305 poterit
746 1226 898 1304 adipisci,

102 1327 199 1388 iirma
220 1326 341 1398 vobis,
366 1326 552 1409 vestrisque
574 1324 844 1397 successoribus,
868 1324 901 1385 et

102 1423 233 1486 illibata
250 1426 477 1501 permaneant.
491 1423 529 1485 In
543 1421 662 1501 quibus
675 1423 747 1484 haec
757 1421 901 1499 propriis

102 1522 261 1584 duximus
276 1520 492 1599 exprimenda
506 1520 676 1582 vocabulis
689 1522 831 1582 :Locum
843 1519 899 1597 ip-

103 1635 175 1680 sum
200 1619 236 1679 in
260 1635 326 1697 quo
350 1618 523 1696 praethtum
543 1617 782 1679 monasterium
801 1616 900 1679 situm

102 1718 164 1786 est,
177 1732 254 1777 cum
265 1715 418 1777 omnibus
427 1716 635 1793 pertiuentiis
643 1715 724 1776 suls.
736 1715 898 1787 Decimae,

101 1817 135 1877 et
156 1814 325 1892 primitias
349 1830 431 1892 quas
448 1812 652 1875 venerabilis
671 1812 775 1874 irater
789 1813 902 1874 noster

101 1912 290 1974 'l'olosanus
323 1913 498 1989 episcopus
526 1910 620 1972 vobis
652 1910 739 1988 apud
772 1911 901 1971 Fanum

101 2009 197 2072 Jovis
206 2008 330 2070 intuitu
339 2008 471 2086 pietatis
482 2008 656 2070 concessit.
669 2007 901 2069 Possessiones

102 2122 188 2184 quas
203 2106 369 2184 quondam
385 2105 548 2168 Robertus
559 2105 782 2177 Malivicinus,
797 2105 830 2168 et
843 2119 901 2167 eas

101 2219 187 2281 quas
200 2201 324 2265 nobilis
345 2203 398 2264 vir
419 2203 533 2265 Simon
550 2218 662 2264 comes
680 2202 901 2265 Montisiortis

100 2301 190 2378 apud
215 2301 369 2363 eumdem
390 2300 511 2373 locum,
535 2300 568 2363 et
592 2299 680 2378 apud
701 2300 847 2373 Salzens,
869 2301 902 2362 et

102 2398 192 2476 apud
207 2397 386 2460 Villarium
403 2396 496 2459 vobis
516 2413 576 2474 pro
597 2413 734 2460 suorum
748 2397 902 2474 redemp-

100 2496 195 2558 tiene
203 2496 432 2573 peccaminum
441 2495 662 2570 contulerunt
672 2495 901 2572 possessiones

101 2609 187 2671 quas
200 2593 287 2670 apud
300 2594 469 2670 apamias,
483 2593 571 2671 apud
582 2593 759 2655 Gardeiam
774 2594 806 2655 et
814 2594 902 2671 apud

101 2696 256 2768 Agacens
275 2690 416 2753 habetis.
434 2690 678 2763 possessiones,
689 2706 771 2768 quas
784 2693 901 2753 Petrus

104 2787 145 2849 de
159 2789 244 2851 Vico
256 2788 342 2865 apud
359 2789 545 2856 Recortam,
561 2790 594 2850 et
606 2788 801 2851 Lambertus
816 2788 901 2865 apud

103 2887 245 2948 Podinm
260 2886 376 2949 viride
393 2887 504 2948 vestro
524 2886 727 2947 monasterio
747 2885 901 2948 contule-

102 2987 192 3046 runt.
206 2984 441 3045 Possessiones
452 2999 534 3061 qrras
544 2984 630 3061 apud
645 2985 756 3057 Bram,
768 2984 802 3045 et
815 2983 902 3062 apud

101 3087 273 3144 Ausonam
288 3081 430 3172 habetis,
447 3084 480 3144 et
493 3081 653 3150 redditus,
675 3096 757 3159 qrros
772 3080 902 3144 habetis

102 3179 190 3256 apud
205 3181 335 3241 Conens
353 3195 428 3240 cum
440 3179 557 3256 pratis,
567 3179 686 3248 vineis,
698 3179 900 3251 nemoribus,

102 3277 249 3353 pascuis,
271 3277 304 3338 et
327 3276 479 3337 omnibus
495 3276 572 3337 aliis
591 3276 803 3354 pertinentiis
819 3276 900 3338 suis.

105 3376 194 3435 Sane
223 3374 392 3436 novalium
425 3375 624 3443 vestrorum,
655 3391 727 3452 quae
759 3375 902 3451 propriis

102 3471 269 3543 manibus,
286 3473 345 3533 aut
358 3471 542 3547 sumptibus
555 3470 676 3542 colitis,
693 3470 764 3531 siva
778 3470 819 3531 de
831 3486 903 3531 ves-

101 3570 231 3630 trorum
262 3567 458 3629 animalium
487 3567 715 3637 nutrimentis,
743 3565 854 3627 nullus
882 3581 902 3627 a

101 3665 199 3728 vobis
213 3664 359 3726 decimas
374 3665 522 3742 exigere,
537 3665 589 3726 vel
606 3665 804 3743 extorquere
817 3680 904 3740 prae-

105 3764 227 3825 sumat.
245 3763 358 3824 Liceat
370 3778 502 3841 quoque
516 3761 611 3823 vobis
622 3761 761 3823 clericos
772 3762 824 3823 vel
839 3762 905 3822 iai-

102 3877 160 3922 cos
175 3861 299 3922 liberos
318 3861 350 3922 et
369 3860 539 3922 absolutos
558 3858 715 3921 esaeculo
734 3858 902 3935 itrgientes

101 3958 145 4020 ad
170 3958 424 4019 conversionem
445 3956 605 4034 recipere,
636 3956 669 4019 et
694 3972 752 4018 eos
779 3955 903 4033 absque

103 4054 369 4117 contradictione
385 4054 497 4134 aliqua
512 4055 667 4117 retinere.
685 4053 903 4115 Prohibemus

102 4153 255 4230 insuper,
283 4153 318 4213 ut
342 4152 425 4213 nulli
449 4152 588 4214 fratrum
621 4151 809 4213 vestrorum
830 4150 904 4228 post

102 4250 227 4313 lacman
245 4250 282 4311 in
306 4250 510 4311 monasterio
528 4250 640 4311 vestro
663 4247 904 4326 professionem

102 4347 154 4410 ias
174 4348 229 4419 sit,
251 4346 328 4409 sine
343 4330 466 4424 prioris
486 4345 537 4408 sui
564 4346 767 4419 licentiade
789 4345 904 4407 eodem

104 4444 189 4518 ioco,
204 4445 271 4506 nisi
286 4444 440 4505 arctioris
450 4442 625 4520 religionis
636 4443 785 4516 obtentu,
796 4443 906 4505 disoe-

102 4638 269 4690 coetaneus
283 4629 325 4687 sic
338 4629 434 4701 capite
451 4628 558 4688 xxvii
577 4627 707 4686 historiae
721 4627 906 4685 occidentalis
939 4682 943 4689 Δ

103 4702 141 4760 de
160 4716 236 4759 nove
264 4701 404 4773 reiigione
428 4705 456 4756 et
475 4698 678 4772 predicatione
701 4699 905 4757 mentensium

103 4773 309 4830 canonicorum
335 4772 454 4845 loquens
481 4772 541 4828 ait:
565 4773 640 4851 ιΕεῑΙ
655 4769 710 4827 alla
733 4770 906 4852 regularium

103 4843 309 4902 canonicorum
326 4844 385 4898 lieo
400 4849 481 4914 grata
493 4848 521 4897 et
533 4839 696 4898 bominrbus
707 4847 832 4913 gratiosa
842 4854 908 4896 con·

103 4914 240 4989 gregatis
264 4919 343 4969 extra
367 4912 513 4970 civitatem
533 4911 668 4969 bononie
685 4925 742 4967 ooo
764 4912 851 5042 longe
872 4910 907 4967 ab

103 5000 174 5043 ea.»
200 4984 283 5057 (tunc
296 4984 373 5040 euim
388 4983 417 5039 in
432 4981 564 5040 coenoMo
581 4984 609 5039 S.
627 4981 736 5039 Nicolai
754 4979 790 5037 de
835 4981 908 5038 ineis

104 5055 234 5114 nondum
255 5055 328 5110 intra
355 5053 433 5110 urbis
458 5052 564 5110 moenia
582 5053 718 5109 concluso
741 5049 909 5109 habitabant

104 5124 219 5198 iratres)
250 5125 305 5180 ein
332 5124 434 5181 castris
456 5123 554 5181 aeterni
573 5124 652 5195 regis
674 5122 865 5186 militantium.
880 5128 908 5178 et

105 5197 202 5256 eidem
214 5195 269 5252 sub
282 5195 367 5251 unius
377 5195 496 5267 majoris
509 5192 671 5252 obedientia
682 5193 711 5249 in
722 5192 833 5250 iervore
847 5194 905 5266 spi·

105 5270 177 5327 ritus
198 5274 227 5325 et
242 5265 365 5322 mantice
375 5280 498 5322 excessu
511 5271 569 5321 tam
584 5263 700 5332 devote,
713 5277 798 5335 quam
813 5262 906 5321 bumi-

104 5334 909 5407 brermanentium...,canontcanreguiam,ersatutares

105 5409 283 5484 regularium
295 5406 493 5464 observantias
502 5404 722 5478 predicationis,
738 5411 766 5461 et
774 5403 909 5462 doctrine

105 5481 200 5555 gratia
215 5478 395 5545 decorantes,
412 5485 440 5533 et
459 5476 680 5537 eradicaturum
700 5474 841 5545 ordinem,
865 5489 910 5533 ca·

105 5552 278 5609 nonicorum
290 5547 381 5605 ordini
393 5546 613 5674 coniunfentes,
629 5554 705 5604 etc.»
723 5546 796 5605 Hinc
811 5545 910 5602 audies

107 5637 143 5680 ea
154 5622 240 5680 barilia
259 5617 454 5676 exscribendis
471 5619 498 5674 in
512 5633 553 5685 ra,
572 5615 673 5674 iratres
696 5615 909 5685 predicatores,

729 286 959 348 EPISTOLAE.
981 286 1060 347 LIB.
1083 285 1126 348 II.

1692 287 1752 346 686

954 445 1033 509 dere
1057 467 1064 507 :
1089 444 1311 507 discedentem
1338 459 1419 508 vero
1446 444 1571 524 absque
1600 459 1751 509 commu-

954 543 1047 604 nium
1067 543 1252 605 litterarum
1268 544 1455 604 vestrarum
1471 544 1625 605 cautione
1640 543 1751 603 nullus

954 642 1076 703 audeat
1093 642 1250 703 retinere.
1267 643 1305 701 In
1324 640 1573 718 parochialibus
1589 657 1669 703 vero
1691 657 1750 701 ec·

955 739 1078 811 clesiis,
1096 754 1178 816 quas
1186 737 1326 811 habetis,
1344 737 1547 801 liceatvobis
1562 739 1752 801 sacerdotes

955 835 1090 911 eligere,
1112 837 1145 898 et
1159 836 1348 897 dioecesano
1365 836 1519 915 episcopo
1535 839 1749 914 presentare,

955 933 1085 1011 quibus,
1102 934 1132 994 si
1147 933 1257 994 idonei
1280 934 1412 1006 tuerint,
1436 934 1613 1011 episcopus
1636 950 1751 995 curam

955 1032 1142 1093 animarum
1155 1031 1348 1105 committat,
1362 1033 1397 1094 ut
1412 1032 1443 1093 ei
1454 1031 1494 1092 de
1509 1031 1749 1109 spiritualibus,

955 1129 1048 1192 vobis
1062 1145 1143 1191 vero
1155 1128 1196 1189 de
1210 1128 1450 1205 temporalibus
1463 1129 1603 1191 debeant
1613 1145 1753 1206 respon*-

955 1226 1043 1289 dere.
1072 1226 1253 1289 Statuimus
1280 1228 1454 1304 praeterea,
1481 1227 1517 1288 ut
1541 1226 1626 1287 nulli
1652 1228 1752 1288 liceat

956 1324 1156 1386 monasterio
1171 1325 1282 1386 vestro
1298 1340 1415 1397 novas,
1431 1326 1464 1386 et
1478 1324 1642 1386 indebitas
1656 1341 1754 1386 exac-

955 1422 1753 1500 tionesimponere,antinvos,velinpraedictum

955 1520 1194 1581 monasterium
1207 1522 1355 1581 vestrum
1371 1520 1443 1581 sine
1458 1518 1633 1581 manifesta
1646 1522 1679 1581 et
1691 1537 1752 1581 ra-

954 1616 1107 1680 tionabili
1129 1632 1243 1688 causa,
1259 1618 1613 1680 excommunicationis
1627 1618 1679 1680 vel
1699 1618 1755 1678 in-

955 1716 1087 1779 terdicti
1109 1715 1290 1777 sententias
1305 1715 1533 1792 promulgare..
1546 1717 1627 1776 Cum
1642 1718 1753 1777 autem

955 1812 1112 1891 generale
1140 1812 1353 1874 interdictum
1379 1813 1479 1874 terrae
1506 1813 1626 1884 inerit,
1654 1813 1755 1874 liceat

955 1911 1061 1984 vobis,
1077 1910 1203 1972 clausis
1213 1911 1339 1986 januis
1357 1909 1503 1971 exclusis
1520 1912 1752 1972 excommuni-

956 2010 1051 2082 catis,
1067 2009 1101 2070 et
1114 2007 1312 2080 interdictis,
1327 2024 1394 2069 non
1410 2007 1550 2084 pulsatis
1570 2008 1753 2085 campanis,

956 2122 1135 2184 suppressa
1168 2121 1262 2175 voce,
1285 2105 1399 2166 divina
1427 2105 1538 2167 oiiicia
1571 2104 1754 2167 celebrare.

956 2204 1108 2266 Chmsma
1127 2218 1221 2275 vero,
1250 2202 1358 2265 oleum
1378 2203 1542 2274 sanctum,
1571 2218 1753 2264 consecra-

955 2301 1065 2365 tiones
1086 2300 1254 2375 altarium,
1280 2315 1339 2361 sen
1363 2299 1589 2372 basilicarum,
1613 2300 1754 2361 ordina-

955 2398 1064 2461 tiones
1094 2397 1293 2459 clericorum
1321 2397 1378 2475 qui
1404 2396 1447 2457 ad
1473 2412 1587 2458 sacros
1620 2396 1755 2458 ordines

957 2493 1547 2573 menntpromovendi,aoioecesano
1566 2494 1755 2571 suscipietis

956 2595 1123 2672 episcop0,
1136 2591 1298 2670 siquidem
1308 2592 1493 2654 catholicus
1501 2591 1612 2665 inerit,
1625 2593 1657 2654 et
1665 2608 1757 2654 com·

957 2690 1147 2752 munionem
1163 2689 1386 2751 sacrosancte
1402 2692 1560 2752 Romanae
1583 2688 1678 2751 Sedis
1693 2689 1756 2750 ha-

957 2786 1075 2859 buerit,
1097 2787 1130 2848 et
1147 2801 1188 2848 ea
1212 2783 1305 2847 vobis
1329 2785 1473 2848 voluerit
1498 2784 1571 2846 sine
1590 2784 1755 2863 pravitate

957 2882 1068 2960 aliqua
1084 2880 1235 2957 exibere;
1252 2880 1401 2960 alioquin
1416 2880 1515 2943 liceat
1529 2879 1623 2942 vobis
1639 2895 1757 2958 quem-

957 2995 1098 3058 cumque
1117 2978 1301 3039 malueritis
1317 2977 1630 3045 catholicumadire
1646 2978 1755 3038 antis-

957 3078 1063 3150 titem,
1076 3074 1218 3153 gratiam
1231 3076 1263 3138 et
1277 3076 1543 3138 communionem
1554 3075 1753 3152 apostolica

959 3176 1053 3237 Sedis
1066 3174 1255 3246 habentem,
1271 3174 1329 3251 qui
1350 3174 1464 3236 nostra
1483 3172 1587 3235 iratus
1608 3173 1756 3234 auctori-

957 3273 1025 3333 tate
1037 3270 1142 3342 vobis,
1160 3270 1246 3348 quod
1262 3268 1449 3347 postulatis
1462 3268 1641 3345 impendat.

999 3367 1209 3445 sepulturam
1235 3380 1365 3443 quoque
1393 3364 1499 3441 ipsius
1526 3365 1590 3426 loci
1616 3364 1756 3426 liberam

957 3480 1031 3526 esse
1046 3462 1267 3533 decernimus,
1284 3462 1449 3522 uteorum
1465 3460 1634 3521 devotioni
1646 3461 1679 3521 et
1693 3476 1757 3521 ex-

956 3562 1071 3623 tramae
1086 3558 1258 3630 voluntati,
1274 3558 1331 3634 qui
1344 3572 1381 3618 se
1396 3555 1464 3617 illic
1477 3556 1612 3633 sepeliri
1629 3556 1757 3617 delibe-

957 3658 1124 3729 raverint,
1155 3655 1221 3717 nisi
1251 3653 1335 3716 torte
1372 3653 1673 3726 excommunicati,
1703 3654 1757 3715 vel

957 3755 1126 3817 interdicti
1145 3753 1222 3823 sint,
1237 3752 1349 3813 nullus
1365 3750 1521 3827 obsistat3
1539 3750 1757 3812 salvatamen

953 3851 1231 3932 justitiaillarum
1252 3848 1505 3911 ecclesiaruma
1527 3847 1646 3925 utribus
1668 3864 1759 3909 mor-

957 3954 1089 4013 tuorum
1111 3963 1250 4025 corpora
1269 3948 1494 4008 assumuntur.
1517 3945 1758 4006 obeuntevero

958 4052 990 4112 te
1022 4062 1110 4108 nrum
1134 4045 1281 4124 ejusdem
1303 4044 1369 4105 loci
1397 4043 1519 4120 priore,
1547 4042 1758 4104 veltuorum

958 4144 1105 4225 quolibet
1128 4157 1373 4215 successorum,
1401 4140 1512 4201 nullus
1540 4139 1587 4200 ibi
1613 4139 1761 4217 qualibet

958 4241 1181 4321 subreptionis
1205 4240 1339 4314 amatia,
1365 4255 1425 4301 seu
1444 4238 1605 4300 violentia
1623 4253 1758 4315 praepo·

960 4343 1069 4414 natur,
1082 4339 1147 4401 nisi
1160 4355 1257 4417 quem
1268 4337 1389 4400 iratres
1402 4337 1569 4399 communi
1580 4351 1756 4408 consensu,

959 4440 1012 4501 vel
1021 4438 1160 4501 fratrum
1173 4453 1251 4515 pars
1266 4436 1397 4498 consilii
1409 4435 1565 4508 sanioris,
1578 4435 1759 4496 secundnm

961 4624 1049 4680 immo
1072 4630 1101 4679 et
1119 4620 1259 4678 moniales
1284 4617 1412 4692 ejusdem
1431 4616 1539 4675 ordinis
1553 4616 1717 4684 canonicos,
1732 4622 1760 4673 et

960 4694 1116 4751 canonicas
1130 4691 1240 4748 dnobus
1254 4689 1395 4761 prioribus
1416 4689 1506 4760 ipsius
1524 4686 1633 4743 ordinis
1648 4686 1761 4743 seculis

961 4778 1039 4837 saepe
1063 4763 1169 4835 sepius
1184 4759 1273 4818 inisse
1292 4775 1385 4816 nuncu
1408 4766 1479 4815 atas.
1498 4758 1571 4814 llinc
1585 4757 1700 4814 tandem
1717 4763 1761 4814 est

939 4868 942 4873 ι
961 4833 1037 4963 guod
1057 4834 1086 4890 in
1105 4830 1355 4890 constitutionibus
1402 4828 1501 4898 rdinis,
1518 4828 1583 4885 dist.
1604 4828 1626 4895 l,
1642 4829 1761 4887 tertull

981 4921 998 4963 e
1026 4900 1217 4974 Recipiendis,
1233 4916 1297 4983 cop.
1322 4902 1401 4958 lllll.
1432 4900 1478 4956 Sic
1499 4898 1567 4955 olim
1589 4896 1758 4971 legebatur:

965 4975 1085 5035 «Nullus
1100 4973 1252 5046 recipiatur
1270 4986 1300 5029 rn
1314 4971 1485 5028 canonicum
1503 4968 1759 5041 adprobationem,

962 5046 1008 5104 vel
1021 5044 1243 5119 possessionem,
1263 5043 1319 5099 nisi
1347 5055 1363 5098 a
1388 5042 1481 5114 priore
1499 5039 1675 5112 provinciali.
1688 5039 1760 5096 vela

963 5119 1057 5190 priore
1070 5114 1261 5180 conventuali,
1272 5126 1463 5170 cumessensu
1473 5112 1570 5180 totius,
1586 5110 1632 5167 vel
1645 5110 1762 5182 majoris

963 5191 1052 5261 partis
1075 5185 1227 5259 capituli.»
1249 5181 1281 5242 ld
1302 5182 1398 5241 videre
1417 5190 1462 5241 est
1491 5183 1519 5238 in
1540 5182 1620 5239 lictis
1643 5180 1762 5253 capituli

963 5258 1110 5318 Generalis
1137 5255 1308 5314 parisiensis
1331 5254 1399 5311 anni
1411 5254 1573 5313 MCCXLVl
1587 5268 1594 5308 :
1610 5266 1686 5308 nunc
1710 5265 1761 5307 ex·

964 5336 1069 5402 puncto
1096 5327 1229 5385 cononici
1247 5324 1396 5394 vocabulo,
1421 5325 1546 5397 legimns
1561 5340 1568 5379 :
1586 5322 1678 5379 nullus
1693 5322 1764 5378 roci·

984 5402 1057 5457 tatur
1070 5401 1101 5455 in
1116 5397 1231 5459 tratrem
1246 5397 1381 5454 clericum
1397 5396 1462 5464 nisi,
1475 5403 1530 5451 etc.
1543 5395 1683 5452 Ceterum
1692 5392 1762 5449 ordo

963 5416 1081 5528 fratrum
1110 5468 1332 5526 Predtcatorunr
1366 5467 1440 5534 inter
1471 5463 1669 5546 mendicantes
1699 5466 1765 5537 jure

965 5542 1068 5602 merito
1080 5545 1255 5609 recensetur,
1270 5536 1349 5598 etde
1363 5536 1419 5595 hoc
1431 5550 1488 5594 uuo
1502 5536 1652 5609 gloriatur.
