3958 6204
218 240 275 304 191
681 230 858 295 HONORII
879 231 925 291 111
946 227 1095 292 OPERA·
1107 257 1149 275 -
1163 226 1399 295 SERMONES.
1803 236 1864 300 192

218 397 355 472 Christi,
371 394 581 475 imponentur
600 406 701 470 super
714 392 831 464 altare,
847 390 933 453 idest
945 387 1011 451 ha·
1066 390 1146 452 onte
1167 394 1281 454 nouus
1293 391 1478 455 morientis
1494 392 1583 455 stcui
1603 394 1677 457 dier
1697 396 1864 472 antemna,

217 498 341 562 hebunt
353 494 586 575 perfectionem
597 489 724 568 gloriae.
740 489 833 551 Unde
847 504 927 567 ergo
934 488 1014 550 dicit
1066 489 1325 562 cuoepraeterut
1341 488 1455 568 (Eccli.
1472 506 1541 562 xiv,
1558 488 1623 569 12).

218 614 279 677 pro
292 587 683 675 praesentizvidisubtus
696 587 812 649 altare.
825 585 1012 650 Profuturo
1106 583 1159 645 liii
1178 587 1332 662 quaerunt
1352 587 1498 660 divitias,
1522 589 1558 650 ut
1576 589 1706 666 possint
1732 592 1867 654 incras-

219 696 330 757 autem
345 710 352 752 ε
367 688 540 767 imponent
554 700 654 762 super
665 685 782 746 altare.
1068 682 1148 742 sari.
1161 682 1219 744 isti
1233 684 1317 744 tales
1332 684 1458 760 epicuri
1473 684 1638 760 dicuntur,
1655 688 1733 764 quia
1749 691 1865 767 quoti-

258 792 302 853 lii
314 792 390 850 suni
402 786 458 863 qui
468 782 686 861 spiritualiter
695 782 861 843 Christum
871 796 1015 859 sequuu·
1068 779 1121 840 die
1136 778 1217 841 dant
1236 796 1372 857 operam
1387 782 1423 843 ut
1437 781 1521 843 bene
1540 784 1573 844 et
1587 783 1757 860 splendide
1782 803 1865 863 pos-

218 891 283 951 tur.
307 886 400 949 Unde
421 885 456 945 in
476 881 675 957 Evangelio:
696 884 733 943 st
752 885 829 954 puts
850 881 922 942 utut
934 880 1014 954 posi
1068 876 1136 938 sint
1161 878 1344 951 comedere,
1368 876 1492 951 bibere,
1517 882 1652 951 vestire,
1684 883 1865 945 luxuriari.

218 1002 273 1048 mc
296 987 427 1055 ventre,
444 980 587 1057 wireget
608 980 842 1052 semetipsum,
867 980 900 1039 ei
921 977 1014 1038 tollat
1068 974 1143 1035 Non
1167 977 1285 1036 curant
1305 975 1346 1036 de
1372 976 1585 1054 pauperibus,
1606 979 1781 1042 dnmmodo
1801 981 1869 1058 ipsi

218 1097 356 1146 crucem
370 1096 472 1142 suam
483 1080 517 1141 et
528 1077 695 1151 sequatur
705 1072 1012 1153 ruethc.1x,23).
1069 1072 1197 1147 possint
1211 1074 1338 1135 satiari.
1360 1074 1500 1136 istorum
1517 1078 1604 1137 Deus
1615 1078 1733 1139 venter
1753 1080 1816 1146 est,
1834 1078 1870 1141 et

218 1183 294 1243 Non
314 1179 403 1241 enim
422 1176 589 1252 abnegant
609 1174 737 1235 tantum
762 1189 833 1245 sua,
857 1188 933 1234 cum
955 1187 1014 1233 re·
1069 1167 1197 1231 dicetur
1206 1170 1255 1231 eis
1269 1192 1277 1230 ε
1293 1174 1372 1243 diii,
1384 1174 1544 1248 recepisti
1555 1176 1641 1235 bona
1655 1177 1691 1235 tn
1704 1176 1777 1236 viia
1793 1176 1866 1248 tua,

219 1279 307 1340 lictis
330 1275 483 1338 omnihus
505 1272 585 1335 nudi
607 1274 792 1349 sequuntur
811 1270 935 1331 nudum
958 1269 1014 1330 di·
1070 1268 1104 1327 cr
1115 1283 1289 1342 pauperes
1306 1271 1414 1331 multu
1428 1277 1520 1332 mala
1540 1272 1632 1351 (Luc.
1648 1288 1716 1344 xm,
1732 1272 1799 1350 25).
1824 1273 1869 1334 lii

219 1377 332 1438 centes
361 1389 436 1435 cum
464 1371 591 1433 Petro:
618 1372 705 1430 Ecce
730 1383 793 1431 uos
813 1371 1016 1442 reliquimus

220 1477 337 1537 omitia
348 1474 381 1534 et
394 1471 504 1533 secuit
513 1481 634 1530 sumre
645 1466 689 1527 ie.
705 1467 775 1527 Nec
784 1466 912 1528 tantum
925 1480 1014 1537 suos,

221 1571 298 1631 dum
315 1568 466 1631 carnales
487 1564 626 1626 affectus
649 1563 821 1640 amputant
841 1578 921 1640 erga
938 1578 1016 1623 suos

220 1684 295 1730 cum
306 1663 429 1729 laccho
440 1665 473 1726 et
482 1667 621 1730 loanne
633 1662 688 1741 qui
704 1660 829 1721 relictis
843 1658 969 1721 retibus
984 1659 1017 1719 et

218 1765 313 1843 putre
333 1762 437 1823 secuti
452 1764 529 1824 sunt
543 1778 638 1837 eum;
662 1760 719 1821 sed
740 1758 841 1821 eiiam
861 1757 1014 1833 seipsos,

220 1862 298 1922 dum
313 1875 433 1937 corpus
449 1860 591 1920 suumin
612 1858 806 1920 servitutem
821 1853 945 1915 Christi
956 1868 1015 1914 re-

220 1958 337 2034 digunt
348 1956 494 2018 dicentes
509 1972 583 2017 oum
601 1954 725 2017 Paulo:
741 1956 815 2029 Epo
827 1966 896 2013 uou
907 1956 1018 2012 solum

219 2057 367 2131 alligari,
383 2057 444 2115 sed
462 2054 497 2114 ei
515 2056 607 2114 mort
619 2052 768 2127 parolus
779 2064 858 2110 sum
870 2064 936 2122 pro
952 2062 1017 2108 uo-

90 2168 95 2179 ·
219 2149 1017 2222 mirreDoruiuilesu,ueesuctoonimamuuom

218 2249 462 2325 pretiosiorem
484 2262 589 2321 quom
608 2261 665 2307 uua
691 2243 776 2323 (Act.
801 2259 859 2314 xx,
884 2240 950 2321 24).
975 2240 1018 2302 Hi

221 2348 298 2407 sunt
325 2344 382 2422 qui
410 2344 510 2405 etiam
534 2344 664 2404 animas
691 2357 769 2402 suas
798 2339 915 2401 odiunt
940 2338 1017 2398 dum

220 2459 336 2505 eorum
356 2440 506 2503 carnalia
527 2439 692 2501 desideria
711 2436 907 2513 infringunt.
924 2434 1018 2497 Unde

221 2536 467 2615 Evangeiium:
499 2540 562 2604 Qui
589 2536 686 2598 omui
713 2538 869 2596 urriruuuu
904 2548 1016 2605 suurn,

219 2639 341 2713 perdel
360 2652 449 2707 euru,
466 2636 500 2696 ei
514 2637 573 2709 qut
591 2635 662 2695 odit
682 2637 838 2695 unimam
860 2645 961 2692 suum
981 2633 1019 2691 tu

221 2739 282 2797 lroc
313 2736 451 2805 rurcudo,
481 2736 519 2793 iu
544 2731 655 2792 vitam
681 2730 853 2792 ueternum
872 2728 1019 2789 crrstociii

222 2850 301 2898 cam
311 2831 420 2912 (ioan.
434 2845 495 2901 111,
511 2827 577 2908 25).

261 2929 451 3008 'iripiiciter
473 2925 586 2987 amant
604 2924 756 2986 homines
776 2922 906 2984 animas
926 2937 1016 2993 suas,

225 3027 396 3092 etidcirco
412 3025 553 3102 perdunt
565 3038 641 3084 eas:
657 3022 692 3082 in
705 3019 899 3092 honoribus,
916 3019 952 3080 in
963 3018 1019 3081 di-

222 3126 326 3196 vitiis,
341 3124 377 3184 in
392 3122 532 3183 deliciis.
545 3123 582 3181 In
597 3117 779 3180 honoribus
788 3117 965 3189 ambitiosi,
982 3117 1019 3177 in

224 3221 350 3284 divitiis
364 3219 470 3291 avari,
487 3219 522 3279 in
535 3216 665 3278 deliciis
679 3215 880 3291 voluptuosi.
904 3213 1020 3276 Ambi-

223 3319 303 3380 tiosi
328 3316 472 3394 perdunt
496 3313 626 3375 animas
646 3327 736 3384 snas,
757 3309 888 3388 quando
911 3310 1018 3370 simo-

223 3415 319 3477 niace
333 3412 460 3474 intrant
475 3411 646 3481 ecclesias,
665 3409 698 3471 et
708 3407 858 3469 ambiunt
873 3406 1020 3485 quotidie

224 3513 339 3577 contra
362 3513 466 3571 Deum
486 3508 639 3579 honores
668 3506 747 3584 quia
775 3505 890 3566 volunt
912 3504 1019 3566 ditare

224 3607 489 3684 consanguineos
513 3605 546 3666 et
571 3603 707 3666 amicos.
737 3602 814 3664 Istis
841 3601 961 3663 dicitur
984 3602 1019 3662 in

225 3710 309 3769 Osee
324 3724 331 3762 ε
348 3704 543 3782 Repuasiis,
553 3705 614 3765 sed
624 3716 693 3764 nou
708 3717 755 3763 eu
769 3697 1018 3779 rue(0seev111‚

223 3804 270 3885 4).
296 3803 349 3865 liii
370 3802 427 3880 qui
449 3799 602 3879 quaerunt
623 3798 757 3860 divitias
780 3797 879 3875 hujus
904 3796 1020 3857 mundi

224 3919 291 3964 non
306 3901 416 3965 tamen
431 3898 502 3970 Dei,
520 3898 578 3960 sed
596 3899 631 3959 ut
645 3896 832 3973 glorientur
849 3894 882 3956 et
896 3892 1021 3955 iaciant

224 4000 314 4061 helia
328 3999 362 4059 et
375 3996 565 4067 seditiones,
579 3997 612 4056 et
622 3995 658 4055 ut
670 3993 799 4070 possint
810 3991 975 4053 dominari
984 3992 1020 4052 in
1034 4002 1040 4011 ·

225 4096 358 4175 populo,
372 4093 500 4153 dicetur
514 4091 563 4152 eis
577 4107 585 4146 ε
599 4093 755 4151 Pecunia
772 4091 833 4150 tua
848 4090 961 4151 iecuru
974 4089 1021 4151 sit

225 4199 262 4256 iu
274 4191 466 4267 perditione
479 4186 563 4263 (Act.
585 4203 657 4258 vin,
671 4184 737 4265 20).
754 4186 838 4257 Quia
860 4187 916 4264 qui
936 4186 1020 4249 tales

226 4287 482 4365 congregatores
496 4284 646 4361 pecuniae
661 4286 749 4355 sunt,
764 4284 797 4345 et
811 4282 897 4344 male
910 4284 943 4345 et
955 4284 1022 4345 tur·

226 4388 312 4466 piter
325 4384 438 4446 amant
450 4382 579 4443 animas
594 4397 684 4450 suas,
701 4381 780 4458 quia
794 4380 938 4457 perdunt
949 4398 1018 4454 eas,

1070 1364 1147 1426 sunt
1169 1364 1225 1442 qui
1253 1381 1319 1427 non
1347 1368 1539 1431 renuntiant
1573 1368 1736 1430 omnibus.
1771 1370 1871 1432 Unde

1071 1462 1285 1539 Evangelium
1305 1485 1312 1523 ε
1330 1466 1448 1527 Omuts
1466 1481 1514 1527 aar
1532 1469 1626 1528 colu
1645 1469 1704 1540 orci
1722 1482 1791 1529 uon
1808 1483 1872 1531 rc-

1069 1560 1207 1620 uuuir'ut
1221 1563 1378 1622 omuibus
1396 1577 1474 1636 pure
1485 1563 1648 1635 possidet,
1670 1578 1738 1625 nou
1752 1565 1873 1638 potest

1069 1671 1257 1718 cremense
1275 1661 1461 1732 discipulus
1481 1655 1574 1737 (Luc.
1592 1675 1659 1731 xrr,
1680 1659 1745 1739 33).
1770 1662 1869 1722 Duo-

1070 1751 1132 1813 bus
1151 1753 1258 1814 modis
1272 1755 1502 1816 renuntiamus
1518 1755 1671 1817 omnibus
1694 1773 1768 1834 quae
1787 1774 1872 1834 pos-

1071 1850 1227 1923 sidemus,
1246 1851 1412 1924 videlicet,
1435 1851 1535 1914 corde
1554 1852 1587 1914 et
1609 1868 1720 1930 opere.
1748 1854 1869 1928 Corde,

1071 1948 1202 2024 quando
1213 1965 1280 2010 non
1293 1949 1464 2011 elevamur
1472 1966 1533 2028 pro
1543 1950 1680 2022 divitiis,
1692 1967 1754 2012 nec
1764 1952 1873 2014 multa

1072 2044 1295 2106 sollicitudine
1320 2062 1500 2122 gravamur
1523 2063 1583 2123 pro
1606 2048 1747 2109 terrenis
1775 2065 1875 2110 com-

1071 2142 1190 2204 modis.
1212 2143 1306 2209 Unde
1327 2143 1430 2205 Dauid
1452 2164 1460 2204 r
1480 2145 1621 2207 Dicitur
1651 2148 1682 2206 st
1705 2147 1870 2219 affluant,

1072 2240 1175 2302 nocue
1202 2255 1263 2302 cor
1287 2255 1460 2317 apponere
1480 2240 1550 2320 (Ps.
1572 2243 1624 2315 61,
1655 2240 1718 2321 11).
1746 2245 1871 2320 Opere,

1072 2337 1202 2414 qrrando
1216 2338 1446 2415 dispensamus
1462 2338 1520 2399 iiia
1539 2339 1751 2416 pauperibus.
1769 2340 1870 2404 Unde

1072 2435 1231 2495 Dominus
1243 2435 1278 2495 in
1293 2435 1494 2511 Evangelio:
1516 2437 1654 2498 Verrdttc
1668 2452 1745 2513 quae
1752 2442 1875 2511 possi-

1072 2530 1161 2593 detis
1181 2533 1215 2593 et
1237 2533 1317 2593 dcte
1332 2538 1581 2608 eleemosnncm
1601 2533 1695 2613 (Luc.
1720 2550 1780 2606 nn,
1800 2535 1870 2615 33).

1072 2629 1141 2690 Nos
1157 2628 1315 2690 debemus
1329 2631 1524 2692 renuntiare
1539 2631 1690 2692 omnibus
1703 2649 1776 2709 qnae
1791 2648 1875 2710 pos·

1073 2725 1229 2799 sidemus,
1244 2727 1330 2788 sicut
1343 2726 1422 2789 iecit
1436 2728 1606 2800 Zachaeus,
1620 2728 1677 2804 qui
1698 2729 1789 2791 dedit
1806 2747 1872 2793 sna

1073 2824 1106 2885 et
1119 2823 1262 2885 reddidit
1273 2824 1404 2898 aliena;
1421 2824 1498 2901 quia
1513 2841 1580 2887 non
1594 2826 1771 2889 dimittitur
1786 2844 1871 2904 pec-

1073 2922 1193 2992 catum,
1219 2921 1285 2981 nisi
1310 2921 1507 2983 restituatur
1534 2922 1691 2985 ablatum.
1719 2925 1761 2985 Hi
1791 2926 1873 2988 sunt

1073 3019 1130 3096 qui
1145 3034 1213 3081 non
1225 3019 1393 3081 terrentur
1412 3018 1454 3080 ab
1474 3020 1527 3080 his
1542 3022 1599 3098 qui
1621 3021 1776 3084 occidunt
1789 3039 1875 3085 cor-

1073 3132 1146 3193 pus.
1160 3116 1377 3188 Evanuelium
1394 3137 1402 3176 r
1418 3121 1502 3179 iiico
1512 3120 1630 3180 nutem
1642 3123 1737 3182 eodm
1748 3124 1875 3183 amuis

1073 3218 1182 3276 meisz
1205 3217 1258 3277 Ne
1283 3215 1490 3277 terreamini
1507 3219 1549 3277 ab
1569 3220 1623 3279 lits
1642 3220 1702 3291 qui
1714 3220 1874 3281 oemdtrut

1073 3327 1209 3386 corpus,
1234 3313 1269 3374 et
1289 3314 1368 3388 port
1389 3318 1462 3375 naec
1482 3329 1551 3376 uon
1573 3316 1697 3377 auderat
1722 3319 1874 3391 amptius

1073 3412 1154 3482 quid
1165 3409 1306 3484 [minui.
1322 3412 1506 3473 ostendum
1527 3412 1644 3472 autem
1658 3415 1751 3473 vodis
1769 3427 1875 3486 quum

1074 3506 1238 3568 timeatis.
1255 3508 1383 3569 moute
1395 3523 1486 3581 eum,
1502 3511 1561 3582 qut
1578 3509 1761 3584 postquam
1782 3513 1875 3571 occi-

1074 3603 1165 3665 derit
1190 3618 1327 3678 corpur,
1363 3606 1463 3667 dubet
1485 3606 1691 3679 potestatem
1711 3610 1874 3669 acturam

1073 3702 1263 3763 mitteretur
1276 3705 1468 3778 gehennam
1481 3701 1573 3783 (Luc.
1587 3719 1649 3776 xn,
1664 3701 1708 3782 4).

1114 3798 1234 3859 Tribus
1259 3798 1299 3860 de
1327 3800 1437 3861 causis
1465 3816 1531 3861 non
1566 3800 1722 3862 debemus
1753 3802 1875 3865 timere

1074 3898 1214 3958 mortem
1229 3898 1389 3973 corporis,
1406 3897 1571 3972 videlicet,
1589 3915 1648 3976 pro
1663 3898 1778 3960 labore
1794 3900 1873 3973 viae,

1075 3993 1129 4071 pio
1152 3993 1346 4068 gravamine
1361 3992 1503 4054 sarcinae
1518 3995 1552 4056 et
1572 4011 1632 4071 pro
1647 3995 1724 4056 vitre
1742 3997 1874 4057 amari-

1074 4090 1199 4152 tudine.
1225 4093 1289 4152 Pro
1308 4090 1422 4152 labore
1443 4090 1518 4160 viae,
1544 4092 1621 4168 quia
1643 4093 1713 4153 vita
1731 4093 1797 4154 ista
1818 4095 1872 4156 est

1075 4188 1172 4265 quasi
1183 4188 1238 4251 via
1248 4188 1283 4249 in
1294 4204 1359 4266 qua
1372 4204 1486 4250 sumus
1499 4190 1679 4266 peregrini,
1694 4190 1781 4253 sicut
1793 4191 1876 4255 dicit

1074 4284 1190 4349 heatus
1223 4286 1427 4361 Augustinus
1455 4302 1463 4342 =
1499 4287 1645 4348 «Nemo
1680 4288 1790 4364 potest
1817 4288 1877 4351 hic

1075 4383 1174 4455 stare,
1203 4384 1261 4445 sed
1283 4399 1398 4445 omnes
1429 4384 1580 4460 cogimur
1608 4385 1766 4447 transire.
1789 4402 1809 4447 r
1835 4388 1878 4449 nt

225 4484 321 4556 idest,
334 4481 436 4544 vitam
456 4480 577 4554 istam3
594 4479 672 4557 quia
692 4479 896 4554 congregant
919 4495 1022 4555 pecu·
1073 4479 1190 4543 beatus
1203 4481 1327 4542 Paulus
1344 4502 1351 4542 :
1371 4484 1451 4545 Nou
1470 4485 1633 4544 dolemus
1654 4486 1709 4544 liic
1726 4498 1878 4546 unaucu-

224 4584 402 4647 niamcum
417 4579 565 4657 peccato,
582 4579 703 4638 etcum
724 4574 921 4638 detrimento
942 4594 1022 4638 cus·
1075 4579 1145 4640 iem
1179 4580 1365 4651 civitatem,
1388 4564 1448 4641 sed
1473 4580 1632 4652 ficturum
1662 4583 1878 4654 inquirimus

225 4680 366 4753 todiunt,
385 4679 418 4740 ei
439 4693 512 4739 curn
534 4691 655 4752 magno
679 4673 793 4737 dolore
815 4673 1018 4753 relinquunt.
1077 4674 1190 4755 (Hehr.
1206 4691 1281 4748 xur,
1298 4675 1362 4753 14).
1381 4676 1417 4737 Si
1438 4678 1548 4738 autem
1571 4678 1649 4739 ante
1669 4692 1730 4738 nos
1745 4679 1877 4756 aliquid

227 4781 311 4853 Quia
325 4776 456 4855 qnando
472 4774 604 4852 quidem
620 4773 812 4851 relinquunt
826 4787 884 4833 eas
898 4773 1021 4850 capita·
1075 4775 1291 4845 mitteremus,
1321 4789 1531 4852 nequaquam
1554 4775 1596 4835 ad
1623 4775 1723 4835 inane
1751 4776 1875 4853 hospi-

225 4877 313 4938 iibus
345 4874 502 4945 inimicis,
538 4872 695 4950 quoniam
720 4870 957 4944 thesaurizant,
989 4873 1022 4934 et
1074 4872 1157 4935 tium
1170 4872 1371 4935 veniremus.
1386 4871 1485 4944 idest,
1499 4872 1528 4933 si
1543 4871 1878 4952 mitteremusaiiqua

226 4974 382 5050 ignorant
403 4971 457 5031 cui
483 4971 686 5047 congregent
710 4985 761 5043 ea,
787 4970 820 5032 et
847 4970 882 5030 in
909 4969 1020 5031 sutoro
1074 4969 1161 5032 bona
1176 4985 1277 5046 opera
1296 4968 1338 5030 ad
1359 4971 1462 5030 Deum
1477 4971 1554 5030 ante
1578 4985 1650 5038 nos,
1675 4985 1741 5031 non
1766 4971 1878 5033 intra·
1909 4994 1913 5003 ·

227 5069 350 5133 saecnIo
365 5067 405 5128 de
415 5069 485 5128 iota
497 5067 637 5143 pecunia
651 5084 716 5129 non
731 5067 886 5145 poterunt
898 5067 1021 5129 hahere
1075 5084 1186 5131 remus
1201 5067 1243 5129 ad
1257 5067 1357 5128 inane
1372 5066 1565 5144 hospitium,
1582 5066 1677 5140 idest,
1695 5082 1762 5129 non
1776 5085 1876 5131 esse-

226 5169 353 5243 guttam
368 5179 474 5240 aquae.
490 5166 530 5223 Et
543 5164 621 5240 quia
634 5180 701 5225 non
717 5165 929 5227 considerant
941 5165 1022 5227 uiti·
1075 5183 1149 5227 mus
1160 5166 1196 5228 in
1218 5163 1314 5226 domo
1333 5179 1440 5226 vacua
1457 5165 1531 5241 post
1552 5165 1691 5226 mortem
1710 5167 1873 5229 nostrum.

227 5279 317 5326 mum
332 5258 430 5330 diem,
443 5258 529 5321 male
542 5260 659 5321 vivunt
670 5260 703 5322 et
717 5261 858 5337 pessime
871 5262 1022 5324 moriun-
1076 5267 1141 5343 Pro
1149 5262 1343 5340 gravamine
1355 5262 1507 5334 sarcinae,
1517 5262 1595 5338 quia
1602 5279 1723 5340 corpus
1732 5264 1877 5327 mortale

226 5362 292 5431 tur,
309 5357 396 5419 sicut
416 5355 537 5417 dicitur
554 5356 590 5417 in
608 5357 839 5421 Ecclesiastico
858 5382 866 5420 ι
886 5362 1022 5422 Meuuor
1075 5361 1126 5422 est
1144 5361 1277 5422 sarcina
1293 5359 1425 5421 animae.
1451 5360 1537 5420 Nam
1557 5360 1669 5421 anima
1693 5360 1780 5423 sicut
1801 5362 1877 5424 avis

227 5458 310 5529 esto,
327 5457 408 5530 outa
420 5470 517 5516 urere
539 5470 608 5516 riou
630 5454 757 5528 tardat,
775 5458 910 5532 ternpus
921 5476 1020 5534 prce-
1075 5458 1186 5536 posset
1208 5456 1330 5535 ubique
1349 5457 1549 5525 discurrere.
1578 5458 1611 5519 et
1638 5458 1751 5522 omnin
1774 5457 1878 5522 iaciie

228 5554 310 5619 ierit
343 5552 376 5615 et
402 5567 498 5614 ruore
524 5556 788 5630 appropinquat.
820 5557 912 5619 Mitte
936 5562 1021 5622 orriri
1048 5555 1365 5649 comprehendere,
1389 5555 1454 5618 nisi
1476 5555 1564 5619 esset
1583 5557 1720 5629 onerata
1736 5557 1874 5620 mortali
