3946 6196
234 397 294 458 les
460 492 465 503 ι
858 397 1034 459 noscam
1057 399 1101 458 111
1123 399 1271 460 cenna.
1830 410 1895 470 400

235 556 377 627 babebat
412 556 535 637 preter
564 556 744 619 annualem
775 556 1035 633 hospitationem
1089 558 1463 632 continentur,etetiam
1474 560 1891 639 hactenussuntservatae,
1969 546 1970 623 Ῑ

234 656 366 733 quando
393 655 516 719 ibidem
540 655 700 733 jacuerit,
724 657 757 717 et
782 656 911 717 talliam
935 671 1035 734 quam
1088 657 1279 734 Apostolico
1294 658 1699 722 munimineroboramus.
1718 664 1809 725 Sane
1823 681 1891 726 no·
1969 672 1970 697 ³

234 753 321 830 apud
337 755 534 829 cergiacum
549 753 584 815 in
610 753 800 823 chassim,
812 755 845 815 et
857 753 944 831 apud
959 756 1035 817 Gor·
1088 754 1212 817 vallum
1235 757 1435 827 vestrorum,
1460 759 1536 829 etc,
1566 774 1673 832 usqam
1697 764 1891 837 praesumat
1969 770 1970 793 l

233 851 454 915 meliasvohis
468 852 614 913 donavit.
628 855 677 913 Ex
692 852 778 913 douo
792 851 887 915 bonae
909 868 1035 914 memo-
1089 852 1202 913 Liceat
1224 868 1355 929 quoque
1378 852 1473 915 vohis
1499 855 1650 928 clericos,
1679 858 1756 929 etc,
1782 875 1893 933 usgue

234 949 293 1013 riae
308 946 465 1009 Gaulredi
479 948 654 1009 carnoten.
678 947 837 1024 episcopi,
859 947 981 1010 altaris
994 948 1034 1008 de
1088 950 1245 1012 retinere.
1262 951 1482 1013 Prohibemus
1498 953 1647 1031 insuper,
1663 958 1699 1017 ut
1713 956 1801 1017 nulli
1822 957 1893 1017 ira-

233 1046 444 1117 Monarvilla,
465 1047 498 1107 et
521 1046 562 1106 de
581 1045 739 1108 Rubridu.
759 1048 809 1106 Ex
826 1045 912 1107 dono
928 1046 1033 1107 Alvisi
1089 1051 1176 1112 trum
1191 1051 1389 1121 vestrorum,
1404 1052 1479 1123 etc,
1495 1067 1603 1125 usque
1616 1053 1774 1115 retinere.

232 1145 328 1207 honae
352 1145 520 1207 memoriae
549 1144 738 1205 Atrebatem
763 1144 910 1222 episcopi
929 1143 1034 1205 altare
1127 1148 1334 1209 auctoritate
1362 1163 1493 1225 quoqne
1512 1150 1702 1225 apostolica
1724 1152 1891 1227 prohibe-

233 1243 274 1303 de
305 1242 469 1308 Anechin,
505 1245 554 1309 Ex
580 1242 667 1303 dono
701 1241 841 1304 illustris
865 1241 1033 1303 memoriae
1077 1237 1174 1315 mus,
1191 1260 1232 1306 ne
1246 1243 1368 1322 aliquis
1380 1244 1483 1307 abbas
1497 1249 1691 1309 monasterii
1704 1250 1813 1325 ipsius
1828 1254 1895 1311 ter·

233 1340 515 1405 Eduardiscilicet
532 1339 733 1401 etWillelmi
744 1339 907 1424 quondam
919 1355 1033 1415 regum
1088 1358 1155 1414 ras,
1173 1342 1322 1404 redditus
1337 1343 1378 1404 sd
1394 1344 1503 1420 ipsum
1518 1345 1717 1420 spectantes,
1734 1349 1892 1422 parenti-

231 1440 372 1516 Angliee,
385 1439 628 1501 Derherstriam
645 1455 746 1516 super
764 1439 903 1501 fiuvium
919 1438 1035 1499 Sabri-
1088 1438 1149 1500 bus
1162 1441 1234 1501 suis
1249 1442 1308 1502 aut
1322 1440 1410 1509 aliis,
1426 1441 1551 1514 domos,
1568 1442 1622 1503 vel
1637 1444 1741 1504 etiam
1755 1460 1798 1505 ea
1815 1462 1890 1522 quae

231 1555 284 1605 nee
301 1539 410 1609 sitam,
427 1539 609 1609 tentonem,
626 1539 755 1601 Moram
771 1553 846 1601 cum
866 1535 1033 1613 appendi·
1088 1536 1129 1597 de
1145 1536 1280 1598 caducis
1302 1537 1512 1614 proveniant,
1534 1540 1591 1601 aut
1614 1540 1804 1603 ministeria
1827 1542 1891 1602 do-

231 1637 289 1700 tiis
306 1637 386 1699 suis.
410 1635 459 1699 Ad
472 1635 545 1697 haec
560 1635 751 1699 comitatum
767 1634 959 1705 wlcassini,
977 1633 1033 1710 qui
1088 1651 1173 1705 mus,
1190 1634 1255 1696 nisi
1269 1635 1328 1696 illa
1342 1637 1471 1697 tantine
1486 1652 1560 1712 qum
1577 1639 1656 1698 sunt
1667 1639 1889 1700 servientium

228 1733 315 1811 juris
330 1733 420 1794 beati
440 1734 591 1810 Dionysii
606 1735 667 1804 est,
683 1748 780 1809 quem
802 1731 943 1793 illustris
957 1747 1033 1793 me·-
1088 1732 1296 1803 clericorum,
1312 1732 1392 1793 dare
1414 1736 1604 1811 praesumat,
1629 1750 1691 1797 nec
1710 1736 1890 1813 pecuniam

231 1832 347 1895 moriae
362 1831 549 1893 Ludovious
564 1830 729 1907 quondam
751 1845 813 1891 rex
828 1831 1033 1892 Francorum
1087 1829 1175 1891 ultra
1189 1833 1321 1891 centum
1335 1829 1437 1892 libras
1447 1831 1520 1892 sine
1534 1847 1673 1893 assensn
1685 1834 1791 1895 totius
1801 1835 1891 1911 capi·

231 1945 291 2009 per
302 1929 478 2005 sugerium
493 1929 658 2006 quondam
672 1928 823 1991 abbatem
837 1928 945 1988 sancti
960 1927 1034 1989 Dio
1088 1927 1149 1989 tuli
1171 1928 1223 1989 rel
1245 1929 1384 2005 majoris
1403 1928 1436 1990 et
1459 1929 1604 1991 sanioris
1629 1931 1747 2007 partis,
1774 1934 1889 1993 mutuo

232 2027 321 2104 nysii
349 2027 384 2087 in
407 2026 606 2091 beneficium
630 2028 663 2089 et
688 2025 822 2089 feudum
846 2026 1033 2102 suscepisse
1089 2027 1258 2104 suscipere
1269 2026 1399 2088 audeat.
1409 2026 1500 2087 Nulli
1510 2029 1891 2107 quoquemonachorum

231 2125 455 2201 cognoscitur,
471 2125 628 2202 quoniam
643 2125 673 2185 is
689 2125 839 2202 possidet
859 2127 956 2201 cujus
971 2139 1034 2184 no·
1088 2124 1246 2203 quidquid
1269 2124 1343 2185 sine
1363 2140 1528 2186 consensu
1551 2124 1682 2187 abbatis
1705 2126 1747 2186 ab
1775 2126 1892 2203 aliquo

230 2224 320 2291 mine
335 2222 533 2299 possidetur,
555 2222 615 2284 tibi
629 2223 764 2303 tuisque
784 2220 1033 2284 successoribus
1089 2225 1202 2285 mutuo
1217 2222 1367 2299 recipere
1386 2221 1496 2283 liceat.
1518 2225 1549 2284 Is
1567 2224 1750 2303 cutemqui
1770 2225 1892 2286 minis-

231 2321 478 2386 confirmamus,
502 2321 671 2382 vicariam
700 2336 831 2401 quoque
859 2320 893 2381 et
920 2319 1032 2381 omni·
1088 2321 1209 2382 terium
1221 2319 1337 2381 domus
1348 2320 1512 2393 habuerit,
1522 2320 1752 2382 ultracentum
1762 2322 1892 2384 so'idcs

231 2419 362 2486 modam
384 2419 550 2496 Justitiam
573 2434 613 2480 ac
637 2418 821 2495 plenariam
847 2417 1033 2479 libertatem
1088 2419 1282 2505 mutuounon
1298 2417 1442 2494 accipiat
1457 2417 1723 2494 praecantatis
1737 2435 1891 2481 consen-

227 2519 326 2595 juxta
336 2517 453 2579 villam
467 2517 573 2579 sancti
586 2516 748 2595 Dionysii,
760 2517 845 2583 sicut
859 2515 1033 2592 suscriptis
1089 2532 1173 2579 siim.
1209 2516 1392 2576 statuimus
1421 2516 1522 2577 etiam
1548 2515 1585 2576 ut
1609 2515 1713 2577 abbas
1736 2517 1889 2593 sigillum

232 2616 386 2677 terminis
401 2615 628 2692 distinguitur,
650 2631 670 2676 a
686 2615 787 2676 fluvio
801 2614 958 2680 videlicet
973 2616 1035 2675 Se·
1089 2613 1258 2689 proprium
1275 2612 1396 2674 habeat
1413 2613 1499 2675 sicut
1519 2613 1570 2675 est
1583 2613 1624 2675 de
1643 2614 1890 2676 cousuetudine

232 2730 353 2792 quarm,
368 2729 388 2775 a
402 2713 592 2777 molendino
616 2712 703 2791 quod
724 2713 824 2789 vulgo
848 2712 1034 2789 appellatur
1088 2711 1252 2776 hactenus
1265 2692 1540 2773 observatum.ln
1563 2711 1815 2788 parochialibus
1828 2729 1895 2773 au-

230 2812 355 2880 Barard
373 2812 528 2890 usquead
541 2813 839 2888 supremumcaput
853 2810 944 2872 uillae
959 2824 1033 2887 quae
1086 2812 1153 2870 tem
1187 2808 1339 2870 ecclesiis
1365 2824 1448 2884 quas
1482 2807 1625 2881 habetis,
1660 2808 1764 2871 liceat
1794 2809 1893 2871 robis

230 2911 370 2972 vocatur
392 2909 630 2979 Arbervillare,
655 2924 754 2986 quam
787 2907 946 2986 praelatus
971 2924 1034 2969 rex
1088 2906 1277 2968 sacerdotes
1304 2905 1429 2982 eligere
1457 2907 1491 2968 et
1513 2906 1703 2968 dioecesano
1729 2907 1891 2984 episcopo

229 3009 318 3086 jnris
351 3023 428 3069 esse
461 3007 551 3069 beati
586 3006 737 3083 Dionysii
774 3020 1031 3081 recognoscens,
1089 3006 1302 3081 praesentare,
1324 3003 1457 3081 quihus,
1474 3004 1503 3064 si
1521 3004 1633 3066 idonei
1655 3004 1783 3066 luerint
1798 3005 1894 3083 apis-

232 3106 339 3174 eidem
355 3105 558 3173 monasterio
576 3103 733 3175 restituit,
749 3102 846 3167 robis
865 3102 1035 3171 nihilomi-
1088 3119 1190 3185 copus
1205 3102 1392 3165 animarum
1405 3117 1520 3167 curam
1535 3103 1729 3175 committat,
1746 3105 1785 3165 ut
1800 3104 1835 3163 ei
1849 3103 1892 3164 de

232 3219 296 3271 niis
308 3202 554 3264 confirmamus.
1088 3199 1327 3275 spiritualibus,
1349 3199 1443 3262 robis
1460 3202 1570 3262 autem
1588 3199 1629 3261 de
1647 3200 1891 3277 temporalibus

273 3302 440 3362 Praeterea
451 3299 673 3361 omnimodam
683 3298 878 3375 potestatem
888 3313 1034 3361 omnem·
1087 3298 1229 3362 debeant
1238 3297 1449 3375 respondere.
1461 3298 1615 3361 iustitias
1625 3299 1726 3360 etiam
1738 3300 1797 3359 aut
1809 3298 1890 3359 olii-

233 3415 298 3475 que
318 3397 495 3475 justitiam,
516 3398 550 3459 et
576 3397 749 3457 universas
775 3395 1032 3459 consuetudines
1088 3396 1138 3457 cia
1155 3395 1317 3461 laicorum
1332 3411 1405 3472 qum
1420 3394 1516 3458 bonae
1531 3396 1700 3457 memoriae
1714 3396 1769 3455 W.
1786 3411 1894 3472 quon·

233 3496 459 3564 arundinetum
473 3497 508 3563 in
523 3495 603 3559 dicu
615 3495 719 3573 ipsius
730 3495 819 3570 regis
830 3493 1034 3561 liberalitate
1088 3493 1164 3557 dam
1188 3492 1290 3555 abbas
1309 3492 1457 3570 ejusdem
1484 3493 1679 3554 monasterii
1702 3493 1744 3554 ad
1769 3510 1894 3554 manus

235 3594 329 3656 vobis
344 3610 532 3666 concessas,
549 3594 586 3656 ut
597 3593 768 3671 perpetuis
780 3608 838 3654 eas
849 3592 959 3669 quiete
974 3591 1035 3652 ob-
1087 3607 1165 3652 suas
1180 3590 1222 3652 ab
1243 3590 1433 3653 hominibus
1443 3591 1478 3652 in
1493 3589 1597 3666 burgo
1613 3590 1721 3651 sancti
1735 3590 1890 3667 Dionysii

234 3692 370 3755 timeatis
393 3692 597 3769 temporibus
621 3690 883 3753 confirmationis
911 3692 1033 3751 nostrae
1089 3688 1369 3751 commorantibus
1378 3688 1709 3764 legitimarevocanit,
1718 3688 1759 3748 de
1768 3692 1892 3749 caetero

236 3791 421 3854 munimine
433 3790 641 3852 roboramus.
655 3789 704 3857 hd
717 3789 789 3850 haec
800 3788 1034 3850 refutationem
1088 3788 1164 3848 aliis
1186 3787 1367 3863 assignari3
1394 3787 1565 3862 regulares
1584 3787 1684 3848 etiam
1706 3788 1892 3847 consuetu-

235 3906 347 3967 prarae
378 3888 627 3953 consuetudinis
642 3904 742 3965 quam
763 3886 975 3948 Burchardus
993 3885 1034 3945 de
1088 3886 1183 3947 dines
1204 3901 1223 3946 a
1243 3883 1545 3961 praedecessoribus
1565 3884 1687 3945 restris
1703 3886 1736 3945 et
1757 3883 1892 3946 archis

236 3989 348 4049 Monte
366 3987 572 4054 Moreutiaco
590 3987 624 4046 in
646 3985 753 4046 vineis
777 3985 880 4046 vestri
900 3999 1035 4045 monas-
1088 3983 1250 4044 hactenus
1265 3981 1461 4044 observatas
1473 3981 1585 4058 aliqua
1599 3981 1736 4043 levitate
1751 3981 1890 4054 mutari,

235 4079 1034 4158 teriiinDicgilovillasitishabebatetRotagici
1089 4081 1155 4142 nisi
1167 4081 1208 4141 de
1230 4080 1288 4141 tua
1313 4079 1383 4140 sive
1402 4081 1536 4142 tuorum
1559 4077 1659 4143 luerit
1679 4079 1890 4155 providentia

235 4184 335 4245 terrae
352 4197 433 4243 suae.
449 4179 609 4243 Similiter
628 4178 899 4255 compositionem
917 4179 1034 4239 initam
1089 4193 1318 4240 successorum
1331 4193 1406 4237 cum
1421 4192 1585 4238 consensu
1597 4177 1736 4253 capituli
1751 4177 1805 4238 nel
1818 4193 1891 4238 ma-

235 4279 326 4339 inter
358 4278 598 4340 monasterium
622 4279 769 4338 vestrum
802 4275 836 4337 et
860 4275 1034 4337 ecclesiam
1085 4276 1170 4354 joris
1190 4276 1248 4337 aut
1266 4275 1410 4335 sanioris
1425 4275 1543 4352 partis,
1562 4274 1763 4336 auctoritate
1779 4279 1890 4351 Apos-

237 4372 1034 4451 sanctiExuperiiGorholieninprvaesentiabunaa
1089 4375 1187 4435 tolica
1203 4372 1427 4450 prohibemus.
1445 4373 1556 4434 Novas
1571 4373 1735 4449 praeterea
1752 4373 1892 4433 atinde-
1969 4446 1970 4451 ἵ

237 4470 753 4548 memorlaeiohannisquondam
764 4470 1038 4548 carnotenepis.
1088 4469 1891 4547 ultasessedonasabarcniepiscopis,episcopis,

236 4573 325 4650 copi,
339 4587 439 4649 super
459 4570 650 4645 integritate
677 4567 861 4646 praebendae
887 4568 1034 4644 ejusdem
1089 4570 1346 4640 archidiaconis,
1368 4584 1427 4630 seu
1448 4568 1585 4629 decanis
1603 4569 1657 4629 vel
1677 4568 1757 4629 aliis
1778 4568 1889 4631 eccle-

236 4671 398 4733 ecclesiee.
420 4668 470 4731 Ad
489 4668 662 4744 exemplar
680 4666 816 4744 iusuper
835 4665 942 4728 laticis
961 4681 1035 4726 me·
1090 4668 1215 4729 siarum
1229 4666 1377 4744 praelatis
1391 4666 1527 4728 omnino
1541 4665 1638 4727 vohis
1654 4665 1729 4727 lieri
1742 4666 1893 4741 prohihe-
1969 4734 1970 4737 Ἴ

237 4763 885 4837 inoriaelnnocentiisecundi,Anastasii
898 4764 1036 4826 etlnno
1089 4782 1172 4826 mus⁴
1205 4764 1357 4825 chrisma
1385 4779 1477 4836 vero,
1496 4764 1606 4825 oleum
1626 4766 1795 4836 sanctum,
1816 4766 1889 4833 etc,

237 4867 337 4930 centii
348 4867 439 4929 tertii
454 4869 679 4929 Romanorum
693 4862 900 4934 Pontificum,
913 4861 1036 4938 prede
1089 4879 1196 4937 usque
1211 4861 1381 4925 exhibere.
1394 4861 1585 4923 inhibemus
1594 4861 1744 4936 insuper,
1758 4865 1797 4923 ut
1807 4861 1892 4922 inira

237 4980 407 5031 sessorum
423 4965 623 5033 nostrorum,
645 4960 920 5037 compositionem
935 4974 1035 5036 super
1089 4962 1174 5022 iines
1195 4959 1438 5038 parochialium
1462 4957 1680 5021 ecclesiarum
1700 4960 1893 5020 vestrarum

237 5061 466 5123 controversia
486 5076 559 5138 quae
580 5059 747 5137 quondam
760 5060 849 5121 inter
863 5060 1034 5119 monaste·
1089 5060 1200 5120 nullus
1214 5059 1292 5119 sina
1302 5057 1484 5118 dioecesani
1497 5056 1644 5133 episcopi
1659 5056 1692 5117 et
1704 5057 1821 5118 vestro
1835 5072 1891 5117 as-

237 5160 324 5221 rium
348 5161 496 5220 vestrum
518 5160 553 5220 et
571 5157 811 5220 monasterium
835 5156 942 5219 sancti
965 5155 1033 5216 Mi·
1089 5173 1189 5218 sensu
1215 5154 1394 5232 capellam,
1421 5153 1474 5216 rel
1507 5153 1690 5215 oratorium
1719 5152 1891 5215 aedificare

237 5257 363 5325 chaelis
380 5256 580 5329 vertebatur,
598 5255 685 5320 siout
702 5255 737 5315 in
753 5254 942 5317 ecmmdem
962 5256 1033 5316 Ro·
1089 5254 1279 5331 prasumat,
1291 5253 1393 5315 salvis
1406 5250 1591 5329 privilegiis
1603 5252 1765 5312 Romanae
1781 5251 1892 5313 Eccle-

238 5372 412 5425 manorum
437 5354 634 5417 Pontificum
659 5353 859 5433 authenticis
885 5351 1035 5429 plenarie
1089 5353 1159 5414 siae.
1184 5352 1305 5413 Missas
1334 5366 1416 5411 sane
1441 5349 1591 5428 publicas
1621 5347 1801 5419 celebrari,
1835 5353 1894 5409 aut

238 5454 443 5528 continetur,
472 5451 670 5515 auctoritate
695 5450 886 5528 Apostolica
912 5450 1036 5512 conss.
1089 5450 1249 5517 stationes
1264 5450 1299 5510 in
1312 5449 1427 5510 eodem
1440 5447 1642 5509 monasterio
1654 5448 1780 5523 praeter
1790 5446 1896 5508 abba-

237 5566 378 5617 mamus.
395 5554 464 5617 Has
475 5550 639 5631 siquidem
655 5564 769 5609 omnes
780 5548 1034 5626 compositiones
1088 5548 1132 5610 tis
1161 5549 1363 5610 voluntatem
1393 5545 1466 5606 lieri
1487 5543 1718 5621 prohibemus;
1746 5545 1807 5605 sed
1831 5560 1895 5606 nec

238 5660 298 5706 seu
310 5646 525 5714 refutationes
533 5649 620 5709 sicut
631 5646 755 5724 absquo
766 5646 929 5723 pravitate
939 5644 1034 5707 tactae
1088 5645 1306 5716 interdicere,
1336 5659 1398 5705 nec
1427 5642 1733 5713 excommunicare,
1762 5657 1828 5702 nec
1851 5641 1894 5701 ad

240 5740 367 5805 suntet
386 5747 547 5823 receptes,
566 5746 600 5809 et
620 5744 654 5810 in
679 5744 810 5825 scriptis
832 5743 1035 5810 authenticis
1089 5742 1249 5825 synodum
1264 5756 1385 5803 rocarc
1400 5740 1452 5804 rel
1463 5738 1628 5808 abbatem,
1640 5737 1689 5798 rel
1703 5737 1818 5817 ipsius
1827 5737 1895 5803 loci
