3982 6196
216 316 277 375 6511
836 316 1012 378 HONORII
1034 317 1077 377 111
1099 318 1248 380 OPERA.
1814 324 1876 382 660

217 474 413 537 instantiam
428 474 607 538 terminum
627 474 883 552 peremptorium
909 475 1016 537 eidem
1111 478 1217 549 Quum
1232 492 1292 554 per
1306 476 1425 538 sedem
1440 477 1665 555 apostolicam
1679 479 1875 540 terminan-

220 573 398 650 praeposito
417 573 650 649 prorogarunt.
676 573 812 635 Interim
838 574 949 635 autem
974 575 1014 635 H.
1070 573 1291 651 turJudiciali
1306 573 1436 637 calculo
1449 576 1663 652 questiones,
1679 576 1875 639 litterarum

219 673 355 731 Reman.
372 669 629 732 archidiaconus
646 671 687 732 ab
707 671 823 734 eodem
837 671 1016 749 praeposito
1071 671 1191 734 debent
1218 672 1387 734 3131331113
1418 673 1662 744 commendari,
1697 689 1741 735 ne
1777 674 1876 752 lapsu

220 767 281 828 sub
310 768 374 829 1133
395 766 501 829 131133
523 769 719 844 3133313131
743 769 909 847 33331311,
929 768 1015 846 quod
1070 769 1228 846 temporis
1245 771 1280 831 13
1299 769 1470 848 antiquam
1487 771 1736 833 contentionem
1758 776 1875 850 cujus-

219 865 349 942 quando
362 865 473 937 vellet,
490 868 523 929 et
538 867 660 943 posset,
674 869 806 944 gereret
820 867 911 929 vices
931 870 1015 944 ejus,
1071 882 1170 943 quam
1195 867 1324 944 possint
1343 868 1472 929 malitia
1490 869 1654 930 rovocari.
1672 871 1720 931 Ea
1737 870 1877 946 proptor

219 963 430 1025 frustratorie
448 965 566 1027 Sedern
578 965 801 1042 apostolicam
817 980 1014 1042 provocans,
1071 964 1281 1025 diffinitivam
1296 965 1494 1026 sententiam
1515 981 1615 1043 quam
1632 965 1745 1027 felicis
1760 982 1877 1028 recor-

219 1060 305 1122 diuit
328 1062 534 1139 postmodum
558 1079 595 1124 se
615 1063 704 1125 nolle
730 1063 871 1125 ulterius
894 1063 930 1124 in
953 1064 1017 1124 1133
1071 1061 1215 1124 dationis
1237 1064 1262 1125 Ι.
1287 1078 1372 1140 3333
1391 1063 1617 1141 predecessor
1636 1066 1753 1126 noster
1774 1081 1877 1142 super·

219 1174 320 1220 causa
336 1162 563 1237 procuratoris
577 1161 724 1224 osticium
736 1176 906 1233 exercere,
921 1160 1017 1238 qnasi
1072 1160 1273 1222 monasterio
1292 1160 1405 1223 Sancti
1420 1161 1614 1223 columbani
1627 1166 1745 1223 contra
1762 1162 1875 1223 Oddo-

222 1257 410 1321 suffecisset
425 1258 500 1331 sibi,
515 1260 542 1319 si
557 1259 726 1335 negotium
742 1259 892 1335 predicti
904 1258 1017 1320 clerici
1072 1273 1147 1318 nem
1168 1258 1333 1335 quondam
1353 1258 1532 1336 acolytum,
1548 1260 1582 1322 et
1596 1259 1821 1336 capellanum,
1835 1276 1875 1321 ac

218 1355 436 1433 praepediret,
460 1357 654 1434 protrahere
684 1357 893 1435 appellando.
923 1356 1017 1420 Unde
1072 1356 1320 1432 procuratorem
1341 1358 1501 1418 Romanae
1526 1357 1687 1419 Ecclesiae
1710 1359 1877 1419 constitu·

219 1455 421 1516 memoratus
436 1454 577 1516 clericus
592 1455 687 1516 nobis
700 1456 871 1518 humiliter
885 1455 1017 1533 suppli·
1072 1456 1141 1515 turn
1156 1468 1215 1530 pro
1229 1454 1262 1514 te
1278 1453 1495 1529 dignoscitur,
1513 1454 1555 1515 de
1572 1453 1715 1517 11311313
1732 1470 1873 1516 suorum

219 1552 372 1623 capitul
392 1552 491 1614 linem
516 1554 585 1613 suis
608 1553 777 1615 laboribus
796 1553 1015 1630 imponentes,
1073 1550 1215 1612 consilio
1226 1551 1454 1629 promulgasse
1467 1553 1667 1614 auctoritate
1679 1553 1876 1629 apostolica

219 1648 328 1724 ipsum
342 1649 474 1711 tandem
502 1652 606 1727 recipi
622 1650 806 1714 laceremus
826 1651 861 1711 in
876 1650 1019 1713 ecclesia
1073 1649 1318 1720 confirmamus,
1334 1649 1674 1727 etprresentisscripti
1683 1650 1873 1726 patrocinio

220 1747 331 1807 vestra
347 1747 382 1808 in
400 1748 596 1809 canonicum
622 1750 655 1810 et
680 1749 716 1809 in
742 1748 888 1820 11311313,
918 1764 1018 1825 quum
1074 1747 1329 1822 communimus3
1354 1747 1503 1809 tenorem
1523 1750 1619 1825 cujrrs
1641 1747 1683 1809 de
1704 1747 1811 1809 verbo
1834 1748 1875 1808 ad

221 1843 306 1904 nibil
321 1844 352 1904 ei
368 1845 531 1922 objectum
545 1845 645 1907 luerit
669 1862 772 1923 quare
794 1862 860 1908 non
884 1845 1019 1907 deberet
1073 1844 1210 1907 verbum
1230 1843 1450 1922 praesentibus
1464 1845 1683 1906 inserendum
1701 1845 1875 1915 duximus,

221 1941 413 2003 mandatum
427 1943 652 2019 apostolieum
674 1943 860 2021 adimpleri.
883 1945 934 2004 Ne
955 1944 1020 2019 igi·
1074 1941 1130 2018 qui
1143 1942 1303 2003 esttalis:

221 2040 277 2100 tur
299 2038 430 2100 dedisse
452 2039 515 2101 sibi
538 2041 612 2116 plus
635 2039 760 2102 laboris
779 2057 877 2119 quam
893 2040 1019 2102 tructus
1115 2039 1327 2113 Innocentius
1353 2038 1529 2116 episcopus
1553 2053 1670 2100 servus
1695 2053 1875 2100 servornm

221 2137 395 2197 materiam
405 2137 605 2209 videremur,
619 2138 647 2199 si
655 2138 920 2216 relinqueremus
932 2139 1017 2215 quod
1074 2135 1878 2212 DeivenerabiliUbertoepisoopoBobiensi,sa-

221 2232 261 2293 de
277 2233 348 2310 ipso
364 2234 625 2297 misericorditer
646 2236 878 2297 inchoavimus
900 2235 1020 2312 imper·
1074 2234 1175 2296 lutem
1190 2235 1224 2296 et
1241 2233 1457 2310 apostolicam
1471 2232 1751 2296 benedictionem.

222 2329 354 2404 lectum,
382 2332 576 2395 discretioni
602 2334 721 2395 vestrae
745 2349 805 2411 per
830 2333 1019 2410 apostolica
1113 2334 1275 2409 Tempore
1309 2331 1420 2392 felicis
1453 2330 1697 2393 recordationis
1733 2330 1877 2406 Eugenii

222 2428 346 2505 scripta
374 2430 596 2508 praecipiendo
627 2431 833 2502 mandamus,
856 2432 1019 2508 quatenus
1075 2432 1174 2505 rapa
1192 2428 1449 2506 praedecessoris
1462 2428 1569 2490 nostri
1588 2428 1676 2489 inter
1690 2427 1791 2490 bonae
1806 2443 1878 2488 me·

221 2525 310 2588 inira
329 2527 442 2593 decem
468 2528 538 2589 dies
562 2530 636 2606 post
661 2529 905 2606 susceptionem
929 2544 1019 2605 prae·
1075 2526 1189 2589 moriae
1202 2525 1658 2604 0.Bobiensemepiscopum,
1675 2525 1878 2587 etabbatem

224 2625 379 2699 sentium,
409 2625 516 2703 ipsum
537 2628 573 2689 in
597 2625 734 2689 tratrem
762 2628 796 2688 et
823 2627 1019 2688 canonicum
1074 2626 1107 2687 et
1115 2624 1295 2687 monachos
1307 2627 1340 2686 S.
1352 2623 1657 2701 columbanisuper
1665 2623 1876 2701 subjectione

222 2721 445 2796 admittentes,
464 2723 676 2802 praebendam
700 2725 805 2802 ipsam
829 2724 882 2785 vel
905 2723 1018 2797 aliam,
1076 2722 1181 2800 ipsius
1196 2722 1404 2794 monasterii,
1421 2722 1583 2784 acmultis
1596 2721 1673 2783 aliis
1688 2722 1877 2799 quaestione

223 2820 252 2881 si
276 2820 311 2881 13
337 2822 478 2883 33313313
505 2823 615 2884 133113
641 2824 749 2894 vacat,
774 2822 806 2884 ei
835 2821 1021 2884 liberaliter
1075 2819 1221 2891 suborta,
1229 2820 1337 2881 dictus
1346 2820 1693 2897 praedecessornoster
1701 2819 1878 2895 utriusque

225 2917 415 2980 conferatis.
446 2920 603 2996 Alioquin
635 2936 735 2997 quum
768 2920 890 2996 sagitta
917 2921 1021 2981 lona·
1075 2918 1179 2995 partis
1188 2916 1373 2980 rationibus
1383 2919 1417 2978 et
1426 2916 1681 2993 allegationibus
1692 2915 1879 2992 diligenter·

222 3015 290 3076 11133
310 3032 376 3078 333
391 3017 509 3079 debeat
527 3017 620 3079 abire
639 3020 832 3088 retrorsum,
847 3017 905 3079 sed
919 3016 1020 3093 dirigi
1076 3014 1209 3087 auditis,
1231 3017 1265 3076 et
1280 3015 1412 3092 plenius
1423 3014 1611 3086 intellectis,
1627 3014 1874 3075 communicato

221 3114 333 3189 potius
346 3114 381 3177 in
397 3114 570 3187 directum,
588 3115 755 3192 praedictis
769 3114 882 3176 abbati
903 3114 935 3176 et
950 3114 1022 3175 ool·
1077 3112 1215 3174 fratrum
1225 3128 1360 3173 suorum
1368 3112 1518 3184 consilio,
1526 3112 1769 3174 monasterium
1777 3113 1878 3173 8.(13

223 3210 307 3286 legis
326 3212 433 3288 ipsius
448 3213 571 3275 nostris
583 3211 700 3274 damus
725 3211 847 3274 litteris
867 3211 903 3272 13
922 3227 1020 3272 1333-
1076 3209 1224 3271 lumbani
1249 3210 1410 3272 suadente
1421 3209 1555 3287 iustitia
1572 3208 1660 3271 dicto
1682 3209 1875 3286 313113333-

224 3306 322 3379 datis,
340 3309 376 3370 ut
390 3325 449 3370 vos
461 3310 502 3370 ad
523 3310 555 3371 id
573 3325 822 3388 percensuram
843 3310 1022 3372 ecclesias-
1077 3304 1145 3365 sori
1165 3305 1223 3366 tuo
1237 3304 1432 3381 adjudissaffl
1445 3304 1591 3375 curavit,
1607 3302 1740 3365 abbatis
1754 3303 1877 3365 conflr-

222 3405 334 3478 ticam,
345 3407 568 3484 appellatione
578 3410 717 3480 remota,
732 3407 942 3486 compellant,
955 3407 1020 3468 nisi
1077 3402 1267 3474 mationem,
1291 3401 1555 3463 benedictionem
1578 3417 1722 3481 quoque,
1744 3417 1787 3463 ac
1810 3416 1880 3462 cor·

223 3502 349 3580 aliquid
360 3505 557 3567 canonicum
569 3505 733 3583 objectum
743 3505 854 3578 luerit,
865 3506 899 3567 et
909 3507 1022 3567 osten·
1077 3498 1257 3561 rectionem
1278 3498 1474 3560 monasterii
1494 3498 1696 3575 regidarem,
1719 3497 1879 3561 altarium

223 3603 923 3680 3111333313ἰά13113331311331,131333
939 3619 1021 3681 pos·
1076 3596 1177 3657 etiam
1191 3596 1420 3668 eeclesiarum,
1442 3612 1502 3657 ⁵011
1518 3595 1736 3658 basilicarum
1757 3611 1881 3658 conse-

223 3699 277 3771 sit,
296 3702 451 3764 revocato
477 3701 512 3762 in
536 3702 659 3763 statum
687 3701 834 3763 debitum
862 3700 1022 3778 quidquid
1077 3694 1271 3766 cretionem,
1287 3694 1525 3755 monachorum
1538 3696 1572 3755 et
1583 3694 1792 3756 clericorum
1805 3709 1884 3771 pro-

222 3797 297 3873 post
310 3798 561 3875 suspensionem
577 3798 768 3876 praedictam
782 3799 823 3861 de
838 3799 911 3875 ipsa
930 3813 1021 3874 3113-
1077 3791 1267 3863 motionem,
1284 3792 1352 3853 1331
1366 3791 1404 3852 13
1426 3791 1534 3868 capite
1549 3807 1651 3868 quam
1673 3792 1710 3852 in
1722 3790 1883 3853 membris

222 3892 330 3956 benda
345 3895 379 3955 in
397 3899 469 3973 ejus
486 3897 717 3975 praejudicium
741 3896 857 3958 illicite
883 3896 1023 3957 invene-
1077 3888 1119 3949 ad
1132 3888 1453 3966 ipsumepiscopum,
1465 3889 1883 3965 etsuccessoresejusdem

224 3992 292 4053 rint
315 3995 522 4056 attentatum.
548 3997 667 4056 Datum
693 3993 851 4055 Laterani
877 3993 1022 4055 secundo
1078 3987 1246 4064 pertinere
1256 3986 1451 4048 decernens.
1461 3987 1576 4049 Oleum
1585 3986 1699 4059 etiam,
1712 3986 1884 4049 etcande-

223 4089 299 4150 idus
311 4091 422 4153 martii
431 4092 641 4168 pontificatus
653 4092 757 4154 nostri
767 4090 1021 4154 annosecundo.
1078 4086 1128 4145 las
1139 4082 1711 4161 1311333313331313311133133131
1723 4099 1887 4161 compro-

263 4243 301 4300 In
313 4241 464 4302 eumdem
475 4242 607 4304 modum
620 4243 777 4319 scriptum
791 4241 1024 4319 estsuperhoc
1077 4182 1237 4342 33?ssva
1237 4181 1381 4356 {1⁰3ch
1374 4198 1498 4356 Ἐξερΐί
1498 4197 1883 4351 dgffggaeaffiffissffih

224 4337 817 4409 31311313...3111131183331113113111,
841 4341 874 4400 et
899 4339 1025 4414 magis·
1101 4381 1165 4443 uod
1189 4379 1225 4440 in
1250 4378 1357 4440 tribus
1402 4377 1506 4439 andra
1530 4378 1643 4439 esim
1671 4379 1779 4440 curiae
1810 4394 1881 4438 sum

224 4436 285 4496 tris
301 4437 335 4496 C.
351 4437 384 4497 31
400 4438 432 4496 S.
450 4437 620 4498 canonicis
635 4439 847 4498 cameracen.
865 4437 1024 4511 11333313
1079 4396 1217 4541 {mesto
1232 4395 1400 4538 sufficeret}
1430 4491 1470 4537 ac
1485 4394 1544 4552 pgr
1562 4475 1646 4536 duas
1665 4476 1781 4552 partes
1800 4476 1882 4537 mi

225 4533 337 4603 finem'
352 4534 463 4595 verbis
478 4534 704 4611 ⁰⁰mpet⁰nt⁰r
716 4535 862 4596 mutatis·
886 4534 979 4608 Qu⁰d
995 4534 1023 4595 Si
1079 4574 1347 4651 diebussingulis
1358 4521 1642 4635 unumbrachirrm
1650 4574 1882 4635 candelarum.

226 4646 292 4691 ”⁰¹¹
308 4649 433 4706 (Μεθ’
451 4634 513 4695 em·
530 4635 648 4695 Datum
661 4634 697 4694 Ut
717 4649 829 4711 supra·
1080 4678 1245 4736 Processu
1261 4687 1342 4736 vero
1355 4671 1516 4748 temporis
1528 4686 1604 4732 cum
1622 4669 1739 4743 abbas,
1757 4672 1793 4733 31
1807 4686 1883 4731 mo-

1080 4772 1181 4834 nachi
1203 4770 1399 4832 monasterii
1416 4767 1574 4830 antedicti
1595 4767 1672 4829 latae
1690 4772 1812 4829 333113
1826 4783 1885 4828 333

545 4839 705 4927 CLVIII
1080 4869 1255 4931 senteutiae
1272 4867 1488 4945 pertinaciter
1502 4865 1719 4936 contrairent,
1732 4880 1883 4926 venera-

291 4992 344 5052 Ap
365 4992 526 5052 werpum
538 4994 733 5065 episcopum
746 4993 959 5051 poppemem
1080 4966 1158 5027 bilis
1176 4965 1279 5027 113131
1294 4964 1408 5027 333131
1423 4962 1615 5041 patriarcba
1630 4962 1883 5040 Hierosolymi-

1080 5067 1188 5136 13333,
1210 5065 1289 5125 tunc
1304 5061 1478 5124 Bobiensis
1499 5061 1636 5131 3133133,
1649 5060 1684 5121 13
1701 5059 1885 5136 praeseutia

419 5133 427 5144 ’
513 5121 739 5179 mmmm
997 5188 1004 5211 .
1081 5162 1188 5223 felicis
1203 5159 1372 5222 memoriae
1390 5158 1484 5220 Lucii
1506 5161 1605 5235 Papae
1621 5157 1884 5234 praedecessoris

393 5243 858 5309 [113111111111111111111·Ν’937·]
1081 5259 1185 5322 nostri
1213 5259 1252 5319 de
1276 5257 1358 5334 ipsis
1385 5256 1558 5334 proposuit
1582 5255 1814 5331 quaestionem,
1845 5269 1887 5314 ac

226 5350 410 5411 Gonllrmatlo
425 5351 586 5409 Innocentii
602 5366 682 5423 33313
695 5350 844 5411 3331331113
859 5363 946 5422 33331
960 5362 1024 5405 mo·
1080 5357 1213 5420 tandem
1237 5357 1272 5416 111
1297 5357 1441 5431 {regesto
1462 5354 1602 5430 fingenii
1624 5354 1726 5429 Papae
1749 5354 1888 5428 reperta

411 5438 836 5498 [11116110ὅθῦθῑῑῧθῑῦωῧθῡῖ·
1082 5455 1248 5517 sententia
1259 5453 1452 5525 memorata,
1469 5451 1556 5513 idem
1572 5453 1664 5527 Papa
1678 5451 1804 5511 Lucius
1818 5449 1887 5511 ab·

268 5567 435 5627 Honorius
448 5567 622 5644 episcopus
638 5580 937 5629 serrusservorum
953 5562 1024 5632 Dei,
1081 5554 1190 5616 batem
1213 5552 1329 5614 Sancti
1347 5548 1553 5621 columbani,
1575 5549 1610 5610 et
1630 5548 1826 5619 1333331133,
1853 5549 1890 5608 31

227 5659 412 5719 venerabili
424 5661 519 5723 113111
529 5662 651 5724 Uberto
662 5661 765 5739 episc.
777 5659 945 5733 Bobiensi,
962 5661 1025 5722 eto.
1083 5666 1297 5716 successores
1307 5665 1423 5714 eorum
1437 5647 1479 5710 ad
1490 5644 1710 5712 obediendum
1721 5646 1787 5724 ipsi
1800 5644 1890 5708 elec·
