3946 6196
82 244 135 304 405

117 404 180 477 Ego
203 397 395 476 Stephanus
418 398 451 457 S.
466 394 605 459 Adriani
619 394 779 458 diaconus
794 409 870 456 car-

83 498 204 560 dinaiis.

117 598 180 671 Ego
195 594 334 671 tigidius
351 593 408 653 SS.
430 593 558 653 ssosmae
573 591 606 652 et
624 589 777 652 Damiani
791 590 868 651 dia·
891 586 892 593 ’

86 710 177 756 conus
191 691 384 753 cardinalis.

121 792 234 853 batum
247 788 405 851 Laterani
419 803 480 864 per
493 802 628 849 manum
643 785 791 854 Ranerii,
809 788 870 847 Ro·

87 904 184 949 manae
197 885 356 948 Ecclesiae
379 884 649 949 vicecancellarii
670 885 784 961 quinto
799 884 868 944 idi-

86 985 141 1047 bus
162 985 253 1057 Maii,
275 983 459 1045 indictione
488 981 595 1054 sexta,
626 981 868 1043 incarnationis

87 1082 256 1144 Dominicae
272 1097 361 1142 anno
376 1080 552 1141 millesime
571 1079 797 1141 ducentesimo
816 1078 869 1139 de

86 1180 162 1242 dmo
197 1178 360 1257 septimo,
394 1177 606 1255 pontificatus
633 1190 713 1238 vero
743 1176 868 1238 domini

705 234 934 297 EPISTOLAE.
958 234 1035 293 LIB.
1059 233 1084 293 Ι.

1662 228 1723 295 too

921 391 1133 471 synodalium
1151 388 1375 456 celebratione
1396 390 1635 458 conventuum,
1653 391 1723 453 tam

922 493 959 554 tu
984 506 1082 569 quam
1103 506 1316 553 successores
1339 490 1390 552 tui
1413 490 1454 550 ad
1475 489 1646 552 sinistrum
1662 492 1725 551 Ro·

924 590 1013 650 mani
1027 587 1198 650 pontificis
1213 588 1312 660 latus,
1329 588 1472 664 primum
1486 587 1646 649 sessionis
1668 586 1723 647 lo·
1801 652 1805 659 ,

923 702 998 748 cum
1022 686 1260 763 perpetualiter
1282 684 1445 756 habeatis,
1462 686 1497 745 in
1510 685 1723 746 monasteriis

924 784 1166 851 auctoritatem,
1186 784 1243 845 aut
1258 783 1396 861 capeliis
1415 782 1582 859 aliquibus
1603 782 1725 858 praeter

923 881 1096 947 matricem
1122 880 1297 942 ecclesiam
1315 880 1515 957 baptismum
1534 879 1725 956 generalem

921 978 996 1040 tieri
1033 978 1166 1056 penitus
1200 977 1426 1055 prohibemus.
1465 978 1500 1039 in
1533 976 1664 1054 quibus,
1691 976 1722 1036 si

921 1092 997 1154 quae
1021 1075 1105 1138 torte
1131 1076 1296 1154 praecepta
1311 1077 1427 1138 contra
1442 1090 1554 1137 sacros
1576 1090 1721 1137 canones

923 1173 1036 1236 elicita
1048 1173 1193 1235 inveniri
1210 1174 1399 1249 contigerit,
1415 1173 1536 1236 vestris
1553 1172 1722 1234 canonicis

922 1286 990 1333 non
1002 1272 1219 1350 praejudicent
1232 1272 1407 1346 institutis3
1429 1271 1584 1342 clericos,
1600 1270 1722 1332 sancti·

924 1366 1098 1436 moniales,
1125 1367 1243 1429 viduas
1267 1367 1358 1428 urbis
1379 1368 1510 1439 vestrae,
1525 1367 1597 1428 sine
1610 1368 1723 1429 vestra

86 1277 212 1340 Honorii
227 1280 328 1353 Papae
341 1276 433 1339 tertii
448 1291 537 1336 anno
549 1274 668 1352 primo.

371 1462 573 1550 GCGXXH

128 1619 177 1677 Ad
187 1619 372 1677 Falconem
384 1618 580 1689 episcopum
594 1616 813 1689 Papicnsem,

367 1738 400 1794 ii
416 1736 484 1794 maii
500 1737 579 1794 1217.

219 1850 340 1916 [ughelli
352 1851 428 1901 italia
440 1851 525 1910 Sacra,
536 1858 557 1901 t.
571 1853 590 1910 i,
602 1866 628 1916 p.
640 1850 723 1915 toea]

44 1972 48 1977 ·
86 1961 216 2019 imorem
227 1966 258 2017 et
269 1958 439 2031 dignitatem
452 1958 657 2031 episcopalem,
671 1957 821 2031 privilegia
837 1971 871 2014 ee

112 2048 168 2121 iura
181 2048 343 2117 ccutirmat,
360 2046 546 2120 conceditque
565 2045 669 2115 eidem,
689 2054 720 2105 nt
738 2047 812 2103 inter
828 2060 872 2102 sa·

113 2152 156 2193 era
171 2138 324 2195 missarum
339 2136 480 2193 solemnia
490 2137 575 2208 pallio
586 2137 638 2205 uti,
648 2137 677 2192 in
688 2136 870 2208 processione

114 2226 271 2283 Palmarum
286 2234 315 2282 et
325 2224 404 2283 leriae
417 2224 552 2283 secundae
566 2232 630 2298 post
645 2224 755 2283 Pascha
765 2238 870 2297 equum

114 2314 203 2371 album
211 2313 307 2372 udone
321 2308 488 2386 coopertum
503 2315 631 2387 equitare
644 2314 744 2387 possit.

924 1452 1128 1527 conscientia
1155 1481 1253 1527 nemo
1285 1466 1466 1542 praesumat
1496 1465 1531 1526 in
1560 1463 1724 1541 judicium

923 1560 1057 1623 trahere
1081 1563 1138 1624 aut
1152 1562 1219 1622 vim
1240 1577 1355 1623 eorum
1374 1561 1473 1623 rebus
1495 1561 1632 1622 interra.
1653 1561 1723 1622 Nec

924 1660 1189 1721 coemeteriorum
1202 1674 1276 1736 quae
1299 1660 1404 1732 intra,
1426 1658 1479 1721 rel
1505 1661 1600 1721 extra
1634 1658 1724 1719 circa

924 1757 1091 1819 ciuitatem
1102 1759 1192 1831 sunt,
1207 1772 1322 1819 curam
1335 1757 1441 1830 vobis,
1456 1758 1513 1819 aut
1528 1757 1724 1834 potestatem

924 1854 1120 1916 subtrahere
1135 1855 1291 1932 quaelibet
1304 1871 1446 1932 persona
1461 1855 1651 1932 praesumat,
1663 1868 1725 1914 nec

925 1952 1013 2013 ullus
1029 1969 1174 2030 unquam
1183 1956 1420 2030 cujuscumque
1435 1951 1607 2014 saecularis
1620 1951 1727 2027 digni·

924 2050 1013 2123 tatis,
1030 2051 1089 2112 aut
1102 2051 1258 2127 potentiae
1279 2052 1379 2112 homo
1394 2051 1492 2137 quasi
1512 2049 1572 2111 sub
1588 2049 1725 2111 obtentu

925 2147 1173 2224 hospitalitatis,
1198 2148 1251 2209 vei
1275 2149 1469 2225 patronatus
1486 2146 1662 2208 occasione
1687 2146 1724 2206 in

924 2246 982 2306 tuo
998 2245 1178 2322 episcopio,
1194 2247 1301 2308 autin
1324 2244 1475 2307 domibus
1499 2244 1723 2315 sacerdotum,

925 2358 985 2404 seu
997 2342 1194 2404 clericorum
1207 2345 1340 2405 tuorum
1353 2343 1424 2403 sine
1438 2344 1506 2414 tua,
1523 2342 1722 2417 tuorumque

118 2440 280 2501 Honorius
301 2440 476 2517 episcopus
498 2455 616 2501 servus
633 2440 743 2511 Dei...,
760 2438 822 2501 etc.
926 2456 1156 2502 successorum
1190 2439 1362 2504 voluntate
1386 2440 1507 2502 audeat
1531 2438 1721 2517 applicare,

117 2537 153 2597 st
165 2535 238 2613 ipsa
260 2536 402 2612 justitiae
416 2537 501 2598 ratio
517 2538 550 2598 et
565 2534 870 2612 apostolicaesedis
925 2553 987 2599 nec
1000 2539 1035 2598 in
1049 2538 1149 2600 rebus
1161 2538 1338 2600 mobilibus
1353 2539 1386 2600 et
1399 2536 1633 2607 immobilibus,
1651 2536 1724 2597 sire

86 2632 222 2708 deposcit
244 2633 452 2710 benignitas,
479 2634 516 2695 ut
541 2633 636 2701 iocis,
666 2634 699 2695 et
717 2632 870 2710 persenis
925 2636 1076 2713 personis
1086 2638 1305 2712 cujucumque
1315 2634 1516 2697 conditionis
1527 2634 1568 2695 ad
1577 2634 1723 2694 vestram

84 2732 114 2789 B.
128 2733 234 2803 Petro,
250 2733 328 2793 etS.
346 2733 386 2792 R.
403 2733 439 2792 E.
455 2729 684 2807 spiritualibus
699 2729 872 2790 adhaeren·
925 2733 1101 2794 ecclesiam
1130 2732 1373 2809 pertinentibus
1405 2732 1626 2803 invasionem,
1665 2732 1725 2792 aut

82 2826 173 2900 tibus,
199 2830 232 2890 et
255 2829 292 2888 in
311 2830 383 2904 ejus
404 2827 593 2900 devotione,
621 2828 654 2889 et
681 2825 870 2888 obedientia
925 2830 1118 2892 violentiam
1148 2830 1244 2892 vobis
1272 2829 1388 2893 invitis
1416 2829 1491 2891 tieri
1521 2830 1593 2890 sine
1622 2828 1723 2903 legali

84 2924 335 3000 persistentibus,
353 2925 540 3002 patrocinii,
555 2926 588 2987 et
600 2924 781 2987 evectionis
798 2939 872 2984 nos·
925 2927 1056 2989 ratione
1067 2928 1288 3005 permittimus
1305 2928 1486 3004 :praeterea
1501 2942 1725 3005 quascumque

82 3025 134 3083 trae
145 3039 279 3083 manum
294 3022 529 3094 abundantius,
545 3022 578 3084 et
598 3022 795 3099 propensius
810 3036 872 3081 eu·
925 3025 1165 3102 possessiones,
1182 3041 1399 3102 quaecumque
1414 3024 1511 3097 bona,
1523 3038 1597 3102 quae
1608 3024 1725 3086 eadem

82 3118 209 3181 undere
238 3119 432 3194 debeamus;
463 3119 563 3197 hujus
594 3119 705 3196 itaque
729 3117 871 3180 rationis
925 3122 1068 3183 ecclesia
1091 3123 1127 3184 in
1145 3122 1400 3200 presentiarum
1415 3125 1505 3199 juste
1520 3123 1552 3184 et
1564 3122 1725 3184 canonice

22 3286 24 3309 ,
83 3215 183 3278 debito
197 3219 351 3294 promoti,
370 3217 531 3279 honorem
550 3218 583 3279 et
597 3218 791 3295 dignitatem
811 3224 870 3282 Pa·
926 3220 1085 3296 possidet,
1102 3221 1205 3283 autin
1219 3220 1366 3282 futurum
1384 3220 1598 3283 concessione
1609 3220 1723 3297 ponti-

81 3313 180 3390 pieusi
190 3314 342 3376 ecciesiae
354 3315 512 3392 tanquam
523 3316 676 3392 propriae,
691 3317 723 3377 et
733 3318 871 3392 speciali
925 3318 1041 3388 ticum,
1082 3317 1260 3394 largitione
1289 3332 1422 3395 regum,
1450 3317 1503 3379 vel
1525 3317 1723 3394 principum,

80 3412 268 3486 apostolica
282 3412 379 3473 Sedis
394 3412 472 3474 tiliae
492 3413 646 3475 volumus
656 3426 869 3476 conservare.
926 3415 1093 3476 oblatione
1121 3414 1279 3487 fidelium,
1297 3431 1357 3477 seu
1386 3415 1463 3475 aliis
1488 3414 1588 3490 justis
1618 3413 1725 3475 modis

22 3530 23 3533 ¹
82 3509 245 3581 Quocirca,
270 3525 383 3570 renen.
408 3509 445 3569 in
473 3510 603 3572 Christo
627 3510 741 3582 irater,
769 3511 870 3573 Fuico
926 3515 993 3573 Deo
1018 3511 1162 3589 propitio
1187 3512 1309 3588 poterit
1342 3511 1495 3589 adipisci,
1528 3511 1624 3571 firma
1650 3510 1723 3579 tihi,

81 3604 237 3683 episcope,
251 3622 350 3683 quem
365 3608 495 3668 sincera
511 3607 545 3667 in
560 3608 691 3669 Christo
706 3603 871 3671 charitate
926 3610 1056 3687 tuisque
1087 3608 1355 3682 successoribus,
1378 3609 1412 3671 et
1436 3608 1565 3670 illibata
1592 3622 1727 3685 perma-

81 3700 250 3778 diiigimus,
284 3704 352 3765 tuis
372 3704 472 3780 justis
491 3704 769 3781 postulationibus
788 3721 871 3781 gra·
925 3707 1038 3778 noant,
1059 3707 1094 3767 in
1109 3706 1228 3783 quibus
1243 3706 1316 3767 haec
1335 3705 1480 3783 propriis
1499 3705 1655 3766 duximus
1669 3720 1728 3766 ex·

80 3799 141 3860 lum
169 3801 401 3877 impartientes
430 3817 603 3864 assensum
632 3802 673 3863 ad
700 3803 872 3880 excerpiar
926 3803 1099 3881 primenda
1113 3802 1296 3865 uocabulis.

80 3898 352 3969 predecessorum
368 3902 556 3962 nostrorum
576 3899 682 3961 felicis
702 3901 871 3963 memoriae
965 3900 1204 3963 Monasterium
1227 3901 1260 3961 S.
1284 3897 1519 3960 Bartholomaei
1542 3897 1578 3959 in
1601 3897 1722 3970 Strata,

80 3993 203 4067 calixti,
232 3996 428 4068 iunocentii,
454 3996 604 4072 Eugenii,
631 3998 811 4070 Anastasii,
840 4000 873 4060 et
926 3998 1164 4063 monasterium
1185 3997 1314 4058 Sanctae
1336 3995 1453 4057 Mariae
1476 3994 1558 4056 ioris
1576 3996 1722 4072 portam

78 4091 256 4153 innocentii
282 4095 506 4154 Romanorum
534 4093 749 4166 Pontificum,
779 4111 870 4173 prae·-
926 4095 1164 4157 monasterium
1190 4095 1302 4156 Sancti
1324 4093 1551 4171 Appoiiiuaris
1575 4109 1651 4154 cum
1672 4108 1726 4154 ca·

78 4185 192 4251 dictam
212 4190 411 4266 Papieusem
429 4189 616 4259 ecclesiam,
637 4190 689 4252 cui
705 4194 772 4252 Deo
785 4208 870 4254 auc·
925 4192 1041 4270 peliis,
1082 4192 1116 4254 et
1149 4192 1318 4269 parochiis
1357 4192 1444 4263 suis,
1486 4191 1724 4253 monasterium

77 4285 142 4346 tore
155 4302 303 4364 praeesse
318 4287 555 4363 dignoscimus,
567 4289 741 4364 praesentis
756 4291 871 4366 scripti
927 4290 1040 4351 Sancti
1075 4290 1186 4362 Petri,
1224 4289 1310 4367 quod
1348 4289 1471 4352 dicitur
1503 4291 1725 4366 leprosorum

77 4382 247 4462 privilegio
273 4385 526 4457 communimus,
552 4387 585 4447 et
612 4400 743 4447 omnem
766 4387 871 4464 ipsius
926 4403 1001 4449 cum
1026 4387 1174 4465 capellis,
1200 4388 1234 4449 et
1256 4386 1425 4465 parochiis
1451 4386 1532 4458 suis,
1557 4387 1726 4449 monaste-

77 4481 221 4544 ecciesiae
247 4481 443 4559 dignitatem
465 4498 526 4560 per
544 4483 732 4545 eorumdem
749 4486 873 4545 Roma·
926 4484 1013 4544 rium
1029 4484 1143 4547 Sancti
1157 4485 1305 4558 Martini,
1322 4500 1396 4545 cum
1411 4485 1558 4562 capeliis,
1575 4484 1608 4545 et
1621 4498 1724 4559 paro·

75 4589 189 4640 norum
200 4580 596 4657 Pontificumpriviiegia,
610 4582 662 4642 vel
676 4581 871 4643 authentica
925 4582 1011 4643 chiis
1046 4581 1129 4654 suis,
1161 4583 1400 4644 monasterium
1427 4581 1540 4642 Sancti
1572 4579 1723 4641 Gervasii

75 4676 193 4752 scripta
216 4692 420 4748 concessam,
439 4693 500 4739 nos
518 4693 648 4758 queque
663 4678 870 4741 auctoritatis
925 4695 1000 4741 cum
1026 4679 1165 4756 capellis
1193 4681 1227 4740 et
1250 4678 1418 4755 parochiis
1441 4678 1522 4749 suis,
1549 4676 1722 4737 monaste-

75 4774 192 4836 nostrae
220 4773 336 4837 lavore
373 4774 591 4837 nihilominus
623 4776 867 4839 confirmamus,
924 4778 1012 4838 rium
1029 4776 1141 4838 Sancti
1160 4776 1257 4836 Pauli
1271 4778 1304 4836 et
1319 4775 1432 4837 Sancti
1452 4772 1567 4836 iacobi
1582 4772 1622 4835 de
1636 4774 1722 4835 Ter-

74 4869 284 4933 Fraternitati
303 4871 468 4949 siquidem
486 4871 559 4934 tuae
572 4873 661 4935 inter
674 4888 770 4934 sacra
789 4874 873 4937 mis·
925 4873 1060 4943 nabuia,
1086 4872 1325 4934 monasterium
1349 4873 1458 4942 vetus,
1484 4870 1722 4933 monasterium

74 4980 180 5028 sarum
195 4968 362 5048 sqiemnia
377 4968 478 5046 pallio
491 4970 552 5043 uti,
563 4972 597 5034 et
609 4972 677 5033 tam
687 4971 760 5043 tibi,
772 4987 871 5049 quam
925 4970 1090 5032 senatoris
1117 4986 1193 5031 cum
1221 4969 1358 5046 capellis
1382 4969 1415 5030 et
1439 4967 1607 5045 parochiis
1634 4968 1720 5038 suis,
1819 5034 1822 5039 ,

73 5064 320 5129 successoribus
328 5066 394 5128 tuis
404 5066 438 5127 in
447 5060 870 5144 procession'ePaimarum,
909 5068 1163 5131 monasterium
1184 5067 1297 5139 Leuni,
1312 5067 1344 5129 et
1356 5066 1594 5129 monasterium
1610 5066 1722 5128 Sancti

73 5162 102 5222 et
113 5162 207 5227 seriae
223 5166 253 5225 11
264 5164 340 5242 post
355 5164 485 5226 Pascha
500 5181 621 5243 equum
636 5166 747 5228 album
763 5167 871 5230 udone
924 5167 1059 5229 Thomas
1087 5181 1162 5228 cum
1196 5164 1352 5246 capellis,
1381 5165 1414 5226 et
1441 5152 1610 5241 parochiis
1638 5164 1720 5232 suis,

52 5263 260 5338 -coopertum
275 5261 437 5340 equitare,
451 5278 582 5325 necnon
594 5265 628 5326 et
641 5280 772 5326 crucem
783 5266 871 5327 inter
926 5262 1163 5327 monasterium
1187 5262 1301 5324 Sancti
1324 5261 1445 5324 Felicis
1470 5278 1545 5325 cum
1571 5259 1721 5337 capeliis,

22 5388 23 5391 =
72 5356 307 5421 ambulantium
327 5358 486 5437 praeferre
503 5360 725 5434 concedimus,
740 5362 781 5423 ob
799 5378 871 5423 ma·
924 5363 958 5423 et
981 5360 1149 5438 parochiis
1164 5361 1235 5421 suis
1253 5382 1261 5421 ι
1278 5360 1426 5436 ipsorum
1450 5374 1531 5421 vero
1554 5358 1723 5421 monaste-

68 5454 170 5528 jorem
206 5472 340 5535 quoque
377 5457 484 5534 ipsius
513 5458 685 5535 Papiensis
719 5460 870 5522 ecclesie
925 5457 1067 5531 riorum,
1097 5473 1170 5536 quae
1195 5456 1282 5519 inira
1309 5444 1429 5519 restrae
1457 5454 1611 5519 diocoesis
1637 5452 1722 5515 lines

71 5549 265 5629 dignitatem
293 5552 529 5618 confirmantes
556 5556 742 5630 statuimus,
779 5557 815 5619 ut
835 5556 870 5620 in
925 5556 1012 5630 sunt,
1036 5556 1197 5618 canonica
1223 5555 1398 5635 dispositio
1423 5554 1457 5619 et
1477 5552 1643 5626 abbatum,
1666 5551 1723 5631 qui
