3980 6206
86 360 142 419 817
331 396 336 399 -
704 351 935 414 EPISTOLAE.
960 353 1039 412 LIB.
1063 352 1103 413 11.
1149 422 1154 433 ¹
1671 351 1731 413 818

86 515 265 579 Ecclesiam
281 511 365 576 vero
388 506 518 576 sanctae
536 511 653 574 Mariae
671 511 707 573 in
722 512 879 585 Bracber,
936 512 1067 573 Incarn.
1093 512 1186 573 Doni.
1205 525 1294 573 anno
1312 512 1513 591 Mccxvm,
1539 511 1735 589 66611116-

86 626 187 689 66666
204 611 244 672 61
260 610 360 671 duem
376 608 544 686 parochiae
563 608 714 670 Lemanis
728 607 881 670 balatum
936 608 1018 670 mini
1033 607 1172 670 Honorii
1188 624 1282 686 papae
1296 609 1388 670 tertii
1401 624 1488 670 anno
1504 610 1663 671 secundo.

87 705 331 779 cumomnibus
358 705 524 778 ecclesiis,
550 705 685 778 mediis,
710 708 744 767 et
767 721 881 766 earum
1582 696 1585 703 '

86 805 293 884 pertinentiis
308 804 341 866 et
355 804 506 880 capellis,
527 819 601 881 quae
616 803 743 864 sunt-in
767 818 882 864 earum
1262 793 1409 880 GCCVI

86 903 235 969 terminis
250 901 450 963 constitutae.
464 901 625 963 Redditus
641 904 752 963 autem
771 900 881 963 161666
1104 946 1157 1005 Ad
1171 948 1366 1021 episcopum
1391 947 1554 1008 Pwtaven

86 1001 237 1078 episcopo
250 998 470 1075 assignandos
488 999 689 1061 invenerunt
706 997 881 1059 ecclesiam
1283 1066 1289 1077 ,
1553 991 1568 1007 ”

85 1096 263 1169 Vanstorff,
281 1098 314 1157 et
322 1098 414 1158 XXX
430 1110 564 1156 mansos
580 1095 623 1156 de
637 1110 783 1167 nemore,
796 1095 880 1172 quod
1237 1067 1340 1140 ²41⁰0·
1355 1069 1434 1126 ¹²¹⁸·

87 1197 137 1256 est
147 1194 235 1270 apud
248 1192 473 1270 fluvium,‘qui
491 1195 632 1255 vocatur
647 1193 758 1265 Gerol,
775 1192 883 1253 eccle-
984 1177 1160 1243 [Rffl‘alffi
1171 1179 1203 1239 Π»
1216 1180 1335 1245 1111111·
1346 1182 1403 1232 ⁸⁸⁸·
1415 1182 1536 1233 carcre
1551 1182 1585 1232 <¹¹¹
1596 1183 1691 1249 rnen]

86 1291 167 1352 siam
187 1290 356 1363 Leibentz,
371 1290 547 1353 ecclesiam
561 1292 686 1366 Togan,
707 1289 881 1351 ecclesiam
937 1286 975 1343 Ut
988 1283 1136 1358 provideat
1151 1285 1227 1359 quod
1247 1286 1323 1345 bona
1343 1288 1474 1346 ecclesie
1500 1278 1737 1348 Grandimontca.

86 1388 190 1460 Rabe,
226 1404 301 1449 cum
328 1388 480 1450 omnibus
508 1387 720 1464 pertinentiis
747 1402 882 1448 earum-
1167 1373 1288 1433 distrahi
1309 1389 1366 1433 ⁰⁰¹¹
1385 1377 1504 1448 1018ῑῦ1·

86 1485 168 1558 (lem,
199 1485 294 1547 salvo
319 1487 431 1547 16666
450 1488 529 1562 jure
552 1500 782 1562 personarum.
810 1500 883 1561 quae
977 1491 1156 1565 Honorius,
1173 1493 1248 1567 616,
1264 1493 1449 1555 venerabili
1473 1492 1607 1557 fratri...
1627 1495 1740 1557 Picta·

86 1582 129 1644 ibi
161 1583 325 1645 hactenus
358 1584 497 1645 Domino
532 1581 725 1654 servierint,
755 1582 883 1643 curiam
936 1602 1014 1649 ven.
1029 1589 1196 1667 episcopo.

85 1697 214 1759 quoque
238 1680 433 1743 decimalem
458 1680 494 1741 in
522 1678 665 1752 Saccab,
693 1681 726 1741 et
751 1679 884 1739 domum
978 1685 1192 1759 Detrimenta,
1214 1702 1288 1765 quae
1302 1687 1574 1751 crandimontcn.
1593 1689 1736 1751 ecclesia

87 1778 119 1839 in
134 1780 285 1851 Fr'saco,
310 1794 444 1857 quama
468 1778 572 1840 nobili
593 1778 733 1840 muliere
756 1780 882 1848 Emma,
937 1783 1179 1859 temporetam
1200 1785 1299 1861 longo
1323 1800 1480 1862 perpessa
1500 1788 1551 1848 est
1576 1788 1609 1848 61
1630 1787 1740 1848 adbuc

87 1875 267 1937 6116666
288 1876 324 1937 in
346 1876 481 1938 civitate
496 1876 596 1949 Sala,
618 1892 718 1953 quam
730 1875 772 1937 ab
793 1878 885 1935 Hen-
938 1880 1064 1956 patitur
1076 1881 1287 1943 incessanter
1300 1897 1344 1943 ex
1355 1882 1534 1955 discordia,
1544 1899 1643 1960 quam
1658 1898 1741 1944 con·

87 1973 155 2035 rico
174 1974 250 2035 cive
266 1973 352 2034 salz.
378 1973 500 2045 emisti,
523 1989 566 2034 ex
592 1972 710 2050 quibus
732 1972 884 2034 omnibus
938 1977 1062 2039 cordiae
1076 1978 1232 2040 inimicus
1242 1979 1330 2041 inter
1340 1980 1491 2053 clericos,
1508 1981 1543 2041 et
1560 1995 1739 2042 conversos

88 2070 269 2139 secundum
284 2070 538 2131 aestimationem
556 2069 718 2131 bonorum
736 2069 883 2131 virorum
938 2075 1044 2151 166166
1068 2076 1219 2138 ecclesiae
1247 2076 1435 2149 seminavit,
1464 2077 1524 2138 tibi
1551 2080 1628 2139 sunt
1656 2077 1739 2139 adeo

86 2169 309 2229 trecentarum
344 2183 533 2228 marcarum
560 2168 708 2229 redditus
734 2167 884 2243 plenarie
938 2172 1127 2245 manifesta,
1157 2173 1194 2235 ut
1218 2173 1375 2235 relationi
1394 2189 1509 2236 eorum
1529 2190 1589 2236 nos
1608 2189 1739 2251 nequa-

87 2265 263 2341 provenire
273 2264 464 2336 creduntur,
478 2265 519 2325 de
529 2265 649 2342 quibus
662 2264 790 2326 1616666
801 2264 885 2340 epis
939 2282 1038 2343 quam
1053 2268 1204 2344 oporteat
1216 2268 1400 2333 immorari.
1415 2270 1495 2329 Cum
1506 2272 1616 2330 autem
1627 2269 1740 2333 dilecti

87 2378 186 2439 copus
213 2362 395 2424 honorifice
422 2363 544 2439 poterit
569 2362 760 2425 sustentari.
791 2361 884 2423 Unde
938 2363 1038 2424 11111...
1061 2364 1164 2426 abbas
1193 2365 1424 2428 Pontiniacen.
1450 2366 1643 2428 cistercien.
1676 2381 1737 2427 or-

87 2459 178 2521 66116
193 2475 254 2536 666
275 2459 426 2521 666166
447 2460 676 2537 praepositum}
701 2463 734 2520 et
755 2459 884 2520 litteras
940 2461 1040 2533 dinis,
1069 2465 1140 2524 61...
1158 2462 1250 2540 66166
1272 2463 1386 2525 Sancti
1401 2463 1545 2526 Victoris
1560 2462 1738 2532 Parisien„
1805 2537 1808 2543 ,

85 2559 157 2618 tuas
178 2559 303 2618 iterum
327 2573 402 2620 cum
429 2557 591 2620 instantia
617 2557 823 2634 supplicasti,
850 2559 885 2617 ut
939 2558 1059 2636 quibus
1093 2560 1283 2636 satagentes
1315 2560 1534 2622 dissensionis
1565 2561 1740 2623 materiam

86 2670 156 2715 cum
171 2655 382 2733 paratussis,
405 2656 438 2717 61
454 2654 549 2716 11666.
566 2655 773 2727 6166111166,
799 2655 886 2715 61661
939 2658 1125 2733 extirpare,
1167 2657 1273 2734 ipsius
1316 2657 1468 2719 ecclesiae
1515 2658 1740 2720 visitationem

88 2752 240 2835 superius
268 2754 319 2814 est
346 2768 558 2829 expressum,
590 2752 700 2814 futuro
729 2752 883 2829 episcopo
939 2754 1178 2827 commisimus,
1208 2755 1347 2816 dilectos
1374 2755 1459 2816 111166
1486 2758 1520 2816 C.
1537 2755 1683 2833 priorem
1707 2759 1740 2817 et

86 2851 274 2926 assignare,
304 2849 364 2913 tibi
386 2848 576 2914 facultatem
603 2848 738 2910 creandi
763 2865 884 2910 novum
939 2851 1078 2913 clericos
1112 2868 1237 2924 omnes,
1265 2851 1351 2915 sicut
1376 2853 1580 2930 accepimus,
1605 2855 1741 2931 propter

86 2948 276 3024 episcopum
310 2947 345 3009 in
381 2947 539 3024 praedicta
578 2948 712 3008 seccov.
743 2946 884 3008 ecclesia
939 2948 1124 3026 periculum
1139 2949 1224 3027 quod
1239 2950 1413 3011 imminere
1428 2950 1599 3023 timebant,
1612 2950 1739 3012 eduxe-

85 3045 302 3117 traderemus,
325 3045 372 3109 ita
387 3044 473 3126 quod
493 3044 612 3107 electio
637 3046 669 3106 et
688 3044 884 3109 investitura
938 3045 1006 3109 rint
1025 3046 1067 3107 ab
1088 3047 1204 3109 eadem
1218 3047 1254 3108 16
1274 3048 1344 3108 6616
1363 3048 1516 3109 ecclesiis
1538 3050 1737 3120 moraturos,

86 3143 232 3219 ejusdem
245 3142 402 3220 episcopi,
415 3142 457 3202 ad
473 3144 515 3211 te,
530 3157 570 3204 ac
583 3158 794 3204 successores
808 3145 883 3205 tuos
938 3158 1110 3221 quousque
1138 3159 1253 3205 eorum
1282 3160 1439 3220 processu
1463 3145 1613 3221 plenarie
1639 3145 1739 3223 intel-

85 3238 209 3318 absque
231 3240 322 3301 omni
349 3238 611 3301 contradictione
637 3239 813 3317 pertineat,
843 3240 884 3299 de
939 3239 1025 3302 lecto
1049 3240 1302 3316 provideamus,
1330 3244 1428 3319 prout
1458 3243 1607 3319 pensatis
1631 3257 1739 3318 nego-

85 3352 225 3413 quorum
258 3336 354 3397 bonis
386 3336 474 3397 idem
506 3336 717 3414 episcopatus
752 3335 884 3397 dotatus
938 3337 977 3399 tii
992 3338 1251 3398 circumstantiis
1276 3337 1464 3400 videremus
1486 3339 1736 3415 providendum.

84 3434 234 3495 noscitur
252 3434 285 3495 et
306 3434 441 3494 ditatus.
459 3433 638 3496 (turcensis
660 3434 771 3493 autem
795 3432 885 3509 epis-
939 3435 1009 3495 Nos
1022 3436 1176 3495 verentes
1190 3450 1233 3495 ne
1248 3435 1420 3496 conversis
1434 3435 1491 3511 qui
1506 3437 1741 3511 remanserunt

85 3547 198 3619 copus,
219 3531 276 3609 qui
292 3530 438 3592 vicarius
458 3529 565 3592 Salzb.
589 3528 748 3591 antistitis
764 3528 799 3589 in
824 3544 884 3589 666
938 3531 974 3591 16
988 3530 1062 3607 1666
1082 3529 1309 3592 6661661661166
1323 3533 1396 3607 ejus
1410 3530 1603 3592 thesaurum
1615 3534 1740 3594 temere

85 3628 181 3690 dioec.
215 3644 288 3689 6666
319 3628 535 3704 dignoscitur,
557 3627 592 3688 in
613 3625 670 3687 illo
692 3641 822 3708 quoque
842 3626 885 3687 sit
939 3626 1213 3698 distrahentibus,
1228 3628 1315 3689 sicut
1336 3642 1397 3704 666
1414 3629 1509 3704 parte
1530 3629 1601 3704 jam
1621 3627 1741 3690 iecisse

85 3727 278 3804 episcopatu
298 3726 454 3797 vicarius,
472 3726 631 3807 quantum
656 3723 884 3801 archiepisco·
939 3723 1104 3796 11666166,
1134 3723 1167 3784 11
1193 3723 1289 3786 nobis
1313 3740 1352 3786 6ο
1374 3723 1517 3802 6661166
1544 3724 1738 3802 imputetur,

84 3825 169 3901 palis
186 3822 504 3902 exigitJurlsdictio,
532 3839 574 3884 ne
588 3823 624 3883 in
640 3822 702 3884 boc
715 3821 815 3887 etiam
826 3824 884 3899 jus
939 3836 1004 3899 quo
1023 3822 1095 3898 1666
1114 3821 1256 3883 66616616
1279 3822 1459 3900 6666161166
1487 3822 1529 3883 61
1556 3824 1739 3899 Romanam

83 3921 191 3998 ipsius
206 3937 308 3998 grave
322 3920 532 3997 dispendium
548 3920 705 4000 patiatur.
730 3921 799 3981 Nos
814 3920 883 3996 igi·
939 3918 1120 3980 Ecclesiam
1152 3920 1301 3981 noscitur
1326 3919 1508 3996 pertinere,
1539 3920 1738 3982 fraternitat'

83 4022 139 4085 tur-
151 4018 267 4081 babilo
280 4017 421 4082 fratrum
433 4020 622 4083 nostrorum
638 4017 788 4090 consilio,
807 4018 884 4094 quia
938 4017 1246 4093 tuae,decup'uszelo
1257 4016 1740 4095 etprovidentiaiudubitatam

82 4118 177 4181 tuum
204 4095 240 4181 in
269 4116 332 4181 hac
359 4118 453 4194 66616
481 4115 686 4193 6666661166
709 4114 751 4176 61
779 4113 885 4177 116161
939 4114 1095 4175 fiduciam
1113 4114 1310 4186 obtinemus,
1334 4130 1394 4192 per
1409 4115 1600 4192 Apostolica
1615 4116 1741 4192 scripta

81 4215 231 4278 nominis
259 4214 412 4291 gloriam,
441 4215 473 4275 61
496 4213 688 4275 christianae
712 4212 885 4290 religionis
939 4212 1161 4293 praecipiendo
1189 4213 1395 4285 mandamus,
1420 4214 1595 4289 quatenus,
1620 4229 1742 4274 secun-

82 4314 300 4390 augmentum
318 4312 545 4374 intelleximus
569 4311 749 4389 pertinere,
771 4311 884 4372 166666
939 4310 1016 4371 166
1038 4309 1232 4387 datam,tibi
1250 4326 1270 4372 a
1289 4311 1357 4372 Deo
1372 4310 1592 4388 prudentiam,
1606 4311 1740 4372 studeas

80 4412 165 4473 illud
200 4410 391 4486 Apostolico
425 4410 682 4486 prosequentes,
719 4408 884 4486 postulata
940 4407 1125 4485 providere,
1140 4407 1226 4486 quod
1247 4408 1436 4485 hujusmodi
1455 4409 1619 4486 pendente
1636 4424 1741 4484 nego-

81 4508 308 4580 concedimus,
325 4506 424 4569 sicuti
445 4507 599 4583 superius
613 4508 691 4569 sunt
711 4521 882 4584 expressa,
939 4505 997 4578 tio,
1009 4505 1117 4583 ipsius
1128 4506 1279 4568 ecclesiae
1289 4505 1388 4579 bona,
1400 4508 1433 4568 et
1445 4506 1635 4582 specialiter
1647 4506 1736 4578 libri,

80 4606 156 4669 sine
182 4605 271 4683 juris
303 4604 498 4682 praejudicio
531 4603 645 4667 alieni.
678 4603 770 4681 Nulli
805 4619 884 4679 ergo
939 4605 972 4666 et
993 4604 1220 4666 ecclesiastica
1241 4605 1446 4675 ornamenta,
1461 4618 1523 4663 nec
1537 4602 1650 4663 clerici
1666 4602 1739 4662 dis-

80 4703 219 4765 omnino
235 4702 406 4765 bominum
421 4702 521 4763 liceat
533 4701 620 4762 banc
635 4702 791 4781 paginam
806 4717 886 4761 nos·
938 4700 1073 4762 trahere
1086 4701 1228 4772 valeant,
1245 4716 1307 4761 nec
1319 4700 1483 4772 conversi,
1500 4699 1542 4765 ad
1555 4715 1738 4776 recupera-

79 4802 142 4867 trae
171 4801 398 4862 concessionis
425 4798 625 4875 infringere,
657 4798 709 4859 vel
743 4799 775 4860 ei
800 4815 885 4859 ausu
938 4798 1064 4863 tionem
1086 4813 1201 4858 eorum
1216 4813 1289 4877 qum
1300 4799 1372 4875 jam
1395 4798 1555 4859 distracta
1570 4797 1737 4866 dicuntur,

80 4898 263 4961 temerario
284 4897 461 4959 contraire.
481 4897 516 4957 Si
530 4896 605 4973 quis
624 4899 734 4959 autem
750 4896 812 4957 boc
833 4897 886 4957 61·
939 4896 1133 4973 166661666
1144 4895 1285 4970 diligens
1301 4895 1457 4968 studium,
1472 4897 1504 4956 et
1514 4910 1650 4973 operam
1666 4895 1741 4956 eid-

78 4998 213 5059 tentare
226 4994 488 5073 praesumpserit,
501 4994 763 5071 indignationem
777 4993 886 5057 omni·
939 5009 1062 5065 cacem,
1091 4991 1364 5064 contradictores,
1394 4992 1422 5052 61
1452 4992 1508 5071 661
1534 4990 1659 5053 1666161
1685 4992 1738 5053 661

78 5093 228 5172 potentis
253 5092 328 5166 Dei,
358 5094 392 5154 61
414 5092 585 5153 beatorum
612 5090 703 5154 Petri
727 5094 760 5152 61
788 5090 885 5153 Pauli
940 5090 1091 5162 rebelles,
1117 5090 1185 5151 tam
1200 5086 1426 5153 ecclesiastica
1446 5106 1544 5166 quam
1563 5088 1739 5166 temporali

77 5192 198 5270 Apost.
213 5193 297 5269 ejus,
321 5206 358 5251 se
372 5190 504 5255 noverit
523 5189 744 5255 incursurum.
767 5193 883 5261 Amen,
940 5187 1166 5261 districtione,
1199 5186 1329 5248 sublato
1362 5187 1596 5264 appellationis
1628 5187 1737 5263 impe-

78 5293 201 5353 6666.
219 5286 434 5366 (secuuntur
446 5287 695 5360 susceptiones
708 5289 886 5349 duodecim
939 5285 1095 5355 dimento,
1117 5299 1340 5362 compescens.
1363 5286 1570 5360 Praeceptum
1587 5285 1737 5344 nostrum

77 5382 342 5463 cardinalium.)
940 5382 1051 5447 taliter
1074 5381 1280 5457 impleturus
1308 5381 1480 5458 66611666
1502 5381 1652 5442 caritatis
1670 5380 1738 5441 scr-

120 5483 244 5544 Datum
255 5483 369 5549 Romae
382 5480 469 5558 apud
481 5482 515 5542 S.
525 5478 671 5553 Petrum,
682 5496 741 5558 per
750 5496 884 5541 manum
939 5496 999 5542 vor
1027 5479 1153 5541 clareat
1176 5478 1211 5539 in
1233 5478 1368 5551 effectu,
1392 5481 1424 5539 61
1451 5494 1513 5539 666
1535 5494 1595 5555 666
1617 5478 1650 5539 16
1674 5479 1736 5556 1661

78 5579 236 5644 Rainerii
263 5580 386 5640 sanctae
417 5581 575 5641 Romanae
604 5577 761 5639 Ecclesiae
789 5578 884 5640 vice·
939 5576 1089 5639 ecclesiae
1105 5577 1231 5640 utiliter
1240 5576 1424 5654 providisse
1440 5576 1601 5638 laetemur.
1618 5578 1736 5639 Datum

79 5676 297 5767 cancellarii,
324 5678 354 5738 X
380 5675 447 5739 kal.
470 5675 561 5757 julii,
589 5674 769 5740 indictione
797 5677 883 5749 VIII,
939 5674 1095 5739 Laterani
1110 5675 1227 5741 octavo
1238 5674 1313 5738 idus
1323 5673 1417 5752 julii,
1434 5689 1522 5737 anno
1538 5674 1693 5737 secundo.
