3946 6196
180 244 241 304 399
797 251 976 315 nononis
997 252 1042 312 111
1064 253 1213 315 OPERA.
1767 260 1831 321 dm

180 407 619 482 torumpercontumaclam
633 410 779 470 restrum
795 410 975 487 capitulum
1030 411 1280 488 dispensatione
1312 414 1484 486 consistat,
1513 414 1547 477 et
1574 431 1649 477 oum
1676 417 1829 494 ejusdem

179 502 391 579 frequentare
423 504 593 577 desierint,
620 505 719 570 liceat
742 506 852 569 abbati
880 510 974 569 Prae-
1030 507 1171 569 consilio
1193 510 1250 586 qui
1278 509 1451 586 eligendus
1472 511 1573 574 fuerit
1597 528 1617 574 a
1639 515 1827 587 canonicis,

179 601 413 662 monstratensi
423 602 564 663 consilio
574 603 625 662 sui
639 604 788 680 capituli,
802 620 860 665 eos
871 621 975 683 usque
1029 606 1182 680 eligatur.
1199 606 1310 668 Electo
1324 610 1435 668 autem
1448 608 1567 670 fratres
1586 610 1738 672 ecclesias
1753 600 1828 672 sta·'

179 697 220 758 ad
261 699 457 774 condignam
497 700 774 773 satisfactionem,
811 704 974 765 sententia
1029 703 1087 764 tim
1103 703 1324 766 obedientiam
1346 706 1548 782 promittant,
1564 708 1620 784 qni
1643 724 1710 769 non
1731 709 1828 785 quasi

178 796 360 872 percellere
394 797 553 872 regulari,
590 800 623 859 et
648 800 844 860 sententiam
875 817 974 878 quam
1029 799 1234 862 absolutusa
1250 804 1412 879 potestate
1426 804 1530 882 patris
1544 804 1675 866 abbatis
1694 807 1750 867 vel
1766 821 1827 867 or-

179 893 337 970 praefatus
356 896 685 957 Praemonstratensis
704 896 821 970 abbas,
839 899 921 970 sive,
939 898 973 959 in
1028 898 1116 963 dinis
1141 900 1205 967 sui,
1232 899 1494 978 archiepiscopo,
1517 902 1570 964 vel
1592 903 1764 980 episcopo,
1792 904 1828 965 in

177 991 327 1067 generali
362 992 519 1068 capitote,
555 995 625 1055 sive
660 1000 755 1056 extra
779 996 971 1073 capitulum,
1028 999 1124 1073 cujus
1142 996 1277 1058 dioecesi
1299 996 1399 1059 fuerit
1425 1003 1657 1074 praesentetur,
1678 1001 1830 1078 plenitu-

177 1088 317 1151 consilio
332 1089 541 1163 coabbatum,
558 1090 595 1155 iu
606 1092 762 1169 praelatos
778 1094 811 1154 st
825 1092 973 1158 subditos
1028 1093 1138 1157 dinem
1158 1093 1200 1154 ab
1222 1110 1262 1155 eo
1285 1095 1389 1159 oftlcii
1403 1098 1630 1173 percepturus,
1648 1098 1696 1159 ita
1710 1101 1826 1160 tamen

176 1187 280 1249 totius
298 1187 426 1251 ordinis
445 1189 548 1250 vestri
562 1191 722 1251 canonice
743 1190 869 1263 tulerit,
889 1191 972 1252 nulli
1028 1192 1114 1267 quod
1136 1193 1210 1269 post
1233 1191 1356 1254 factam
1374 1194 1626 1271 arclnepiscopo
1653 1195 1709 1257 rel
1735 1196 1830 1273 epis-

177 1284 507 1364 arcbiepiscoporum
535 1303 595 1349 seu
632 1288 875 1365 episcoporum,
906 1289 972 1350 nisi
1027 1304 1109 1364 copo
1124 1304 1185 1349 suo
1207 1289 1458 1366 professionem,
1483 1292 1660 1353 occasione
1673 1292 1735 1354 illa
1760 1308 1828 1354 non

176 1382 262 1445 forte
281 1383 321 1445 de
343 1384 499 1446 mandato
515 1386 656 1447 Romani
673 1385 856 1460 Pontificis,
873 1386 973 1449 liceat
1027 1385 1291 1462 transgrediatur
1320 1387 1575 1449 constitutiones
1600 1388 1731 1451 ordinis
1759 1390 1826 1462 sui,

176 1480 342 1543 relaxare.
1027 1482 1138 1544 necin
1157 1482 1268 1560 aliquo
1283 1487 1355 1561 ejus
1377 1484 1614 1561 praevaricator
1631 1486 1767 1549 existat.
1790 1487 1828 1547 Si

217 1579 254 1639 ln
270 1579 420 1655 generali
439 1580 542 1656 igitur
559 1581 671 1643 vestro
691 1580 836 1658 capitulo
854 1581 973 1658 praesi-
1026 1580 1100 1656 quis
1114 1581 1215 1642 etiam
1229 1597 1273 1642 ex
1286 1580 1381 1642 vobis
1395 1582 1555 1644 canonice
1571 1582 1700 1645 electus
1712 1585 1747 1644 in
1765 1584 1829 1645 ab·

176 1675 277 1738 dente
298 1677 417 1739 abbate
436 1678 748 1740 praemonstratensi
777 1679 972 1756 caeterisque
1025 1677 1347 1749 batemdioecesann
1357 1679 1524 1756 episcopo,
1537 1680 1639 1742 semel
1651 1684 1685 1744 et
1699 1681 1827 1742 iterum

176 1773 435 1847 considentibus,
449 1776 482 1836 et
493 1776 529 1836 in
542 1776 661 1852 spiritu
676 1776 735 1837 Dei
757 1777 970 1853 cooperanti·
1027 1791 1085 1853 per
1103 1775 1238 1839 abbates
1254 1776 1357 1838 nestri
1380 1777 1508 1838 ordinis
1523 1779 1746 1854 praesentatus
1765 1777 1828 1840 be-

175 1869 250 1944 bus,
264 1872 305 1933 de
314 1872 358 1932 iis
371 1888 444 1950 quae
454 1872 495 1933 ad
508 1873 761 1935 aedificationem
771 1873 969 1945 animarum,
1026 1873 1246 1934 nedictionem
1270 1873 1312 1937 ab
1329 1890 1369 1935 eo
1392 1890 1459 1936 non
1480 1875 1825 1952 potueritobtinere:

175 1969 215 2029 ad
232 1970 485 2031 instructionem
498 1987 637 2043 morum,
652 1972 685 2033 et
701 1971 742 2032 ad
757 1971 970 2033 informatio·
1027 1987 1067 2031 ne
1082 1971 1234 2044 ecclesia,
1258 1971 1299 2032 ad
1319 1987 1418 2050 qnam
1433 1974 1569 2033 vocatus
1588 1973 1649 2045 est,
1665 1972 1827 2035 destituta

174 2082 250 2127 nem
263 2068 434 2138 virtutum,
451 2070 548 2145 atque
568 2068 809 2131 incrementum
830 2069 969 2145 regula-
1025 2069 1165 2130 consilio
1186 2069 1405 2146 periclitetur,
1422 2068 1532 2130 officio
1547 2072 1581 2132 et
1599 2069 1672 2131 loco
1693 2070 1827 2132 abbatis

173 2165 221 2226 ris
249 2164 434 2242 disciplinae
465 2164 671 2242 spectabunt,
692 2183 801 2228 sermo
829 2166 971 2243 diligens
1025 2166 1174 2244 plenarie
1186 2167 1367 2228 secundum
1382 2167 1532 2228 ordinem
1548 2166 1756 2244 negaturis
1769 2184 1823 2242 ea,

174 2261 346 2324 habeatur.
359 2266 461 2327 Porro
472 2262 515 2325 de
525 2263 677 2329 omnibus
688 2263 926 2341 quaestionibus
938 2266 971 2326 et
1024 2268 1091 2326 taur
1103 2264 1137 2325 in
1145 2263 1367 2326 exterioribus
1376 2263 1602 2342 providendis,
1617 2266 1828 2342 quaminin-

174 2361 319 2437 querelis
337 2362 405 2425 tam
426 2361 654 2438 spiritualibus
678 2376 776 2439 quam
797 2362 969 2438 tempora·
1024 2360 1825 2438 terioribnscorrigendis3donecautinterventu

175 2457 276 2529 libus,
292 2474 366 2535 quas
385 2458 513 2534 inipso
533 2459 679 2536 capitulo
699 2458 876 2536 propositae
897 2458 971 2520 fue-
1024 2459 1190 2534 generalis
1205 2458 1342 2536 capituli
1357 2459 1470 2530 vestri,
1492 2461 1550 2521 aut
1568 2461 1734 2537 praecepto
1755 2463 1827 2523 Ro-

173 2555 252 2628 rtnt,
275 2555 357 2616 illud
372 2557 524 2619 tenemur
542 2555 819 2632 irrefragabiliter
838 2559 872 2618 et
892 2572 969 2617 ser-
1025 2556 1114 2617 mani
1135 2555 1315 2625 Pontificis,
1335 2572 1394 2617 seu
1410 2556 1655 2634 metropolitani
1669 2555 1830 2619 benedic·

174 2654 281 2725 vetur,
305 2652 391 2730 quod
417 2652 521 2717 abbas
541 2654 870 2715 premonstratensis
895 2670 971 2715 cum
1024 2655 1147 2715 tionem
1162 2669 1256 2714 suam
1269 2652 1428 2715 obtineat.

174 2750 228 2824 iis,
257 2752 312 2829 qui
337 2751 481 2813 sanioris
508 2750 640 2813 consilii
666 2752 699 2814 et
726 2751 832 2827 magis
857 2750 969 2812 idonei
1064 2754 1168 2812 Porro
1196 2750 1288 2812 nulla
1324 2766 1465 2827 persona
1498 2750 1726 2813 ecelesiastica
1762 2767 1828 2829 pro

173 2850 402 2926 apparuerint,
407 2851 496 2927 juste
507 2848 690 2927 acprovide
698 2848 872 2926 judicabit.
883 2851 974 2911 Sane,
1024 2848 1218 2921 chrismate,
1246 2849 1305 2910 aut
1330 2847 1637 2910 consecrationibus
1669 2850 1703 2910 et
1730 2849 1826 2910 ordi-

174 2948 204 3009 si
227 2948 331 3009 abbas
346 2947 470 3025 aliquis
483 2947 589 3010 vestri
609 2947 737 3008 ordinis
758 2945 894 3008 infamis
915 2949 970 3009 rel
1024 2943 1224 3019 nationibus,
1246 2946 1303 3008 aut
1318 2961 1377 3022 pro
1399 2945 1570 3022 sepultura
1591 2945 1746 3022 pretium,
1764 2947 1823 3008 aut

173 3045 314 3117 inutilis,
325 3046 383 3106 aut
397 3044 524 3107 ordinis
539 3045 591 3104 sui
605 3044 842 3122 praevaricator
855 3043 973 3108 iuven«
1024 3059 1084 3120 pro
1097 3043 1319 3105 benedicendo
1333 3041 1444 3104 abbati
1460 3044 1493 3105 et
1507 3043 1699 3105 deducendo
1714 3044 1750 3104 in
1766 3060 1824 3105 se·

173 3143 228 3203 tus
243 3141 356 3209 fuerit,
376 3142 410 3203 et
423 3141 516 3218 prius
539 3157 599 3218 per
609 3142 736 3218 patrem
751 3158 849 3203 suum
866 3143 974 3204 abba·v
1024 3142 1098 3201 dem
1118 3157 1212 3202 suam
1233 3140 1442 3218 palafridum,
1463 3142 1522 3202 aut
1540 3140 1665 3218 aliquid
1687 3140 1780 3201 aliud
1802 3155 1823 3202 a

174 3242 253 3309 tem,
270 3239 328 3300 aut
342 3254 402 3315 per
416 3237 556 3301 nuncios
570 3241 644 3316 ejus
656 3238 857 3312 admonitus,
872 3256 972 3302 suum
1024 3238 1119 3300 vobis
1132 3238 1279 3315 exigere,
1295 3238 1408 3299 nullus
1424 3241 1580 3309 vestrum,
1596 3237 1729 3299 etiamsi
1742 3238 1824 3299 exi-

173 3337 340 3411 corrigere
363 3336 396 3396 et
409 3335 588 3397 emendare
601 3335 756 3398 delictum
772 3337 968 3414 neglexerit,
1024 3337 1132 3411 gatur,
1146 3335 1227 3397 dare
1239 3337 1429 3412 presumat,
1442 3335 1521 3412 quia
1535 3337 1569 3395 et
1581 3335 1773 3410 exigentem
1788 3336 1823 3397 et

174 3435 231 3494 aut
243 3432 370 3505 cedere,
387 3433 416 3493 si
431 3433 634 3495 amovendus
649 3434 758 3506 fuerit,
777 3436 898 3512 sponte
909 3452 971 3498 no-
1024 3434 1156 3494 dantem
1181 3436 1259 3495 nota
1278 3433 1311 3495 et
1325 3432 1510 3509 periculum
1529 3431 1723 3494 simoniacae
1743 3448 1825 3510 pra-

173 3531 286 3604 lusrit,
309 3531 507 3594 auctoritate
527 3532 694 3608 generalis
712 3532 849 3610 capituli
868 3533 973 3610 depo-
1024 3530 1137 3591 sitatis
1152 3530 1304 3591 involvit.

173 3629 292 3704 natur;
313 3628 346 3690 et
365 3628 546 3706 depositus,
567 3630 640 3690 sine
664 3629 825 3692 dilatione
844 3630 885 3691 ad
909 3631 971 3692 do·
1065 3629 1227 3689 Caeterum
1240 3627 1268 3688 si
1281 3626 1393 3704 aliqua
1406 3626 1822 3689 ecclesiarumvestrarum

174 3743 263 3789 mum
286 3726 375 3787 unde
400 3726 515 3799 exivit,
539 3742 598 3788 seu
622 3726 663 3788 ad
690 3727 791 3789 aliam
821 3729 970 3805 ejusdem
1025 3726 1165 3803 pastoris
1185 3725 1304 3786 solatio
1332 3725 1499 3797 destituta,
1524 3725 1613 3787 inter
1634 3724 1758 3786 fratres
1782 3724 1822 3786 de

173 3824 300 3886 ordinis
319 3840 418 3902 quam
432 3823 582 3901 elegerit,
606 3825 759 3887 sineulla
780 3826 969 3888 conditione
1024 3823 1251 3885 substituendo
1285 3821 1407 3884 abbate
1436 3821 1602 3884 discordia
1640 3822 1742 3884 fuerit
1770 3822 1822 3883 vel

171 3921 364 3999 temporalis
392 3921 566 3990 commodi,
595 3924 798 3995 revertatur,
829 3923 863 3983 in
885 3922 968 3985 obe-
1024 3922 1169 3982 scissura
1192 3919 1338 3991 suborta,
1362 3921 1396 3981 et
1412 3919 1476 3997 ipsi
1496 3917 1597 3981 facile
1618 3918 1660 3981 ad
1680 3934 1824 3981 concor-

172 4020 298 4082 dientia
319 4019 459 4092 abbatis,
483 4019 568 4081 sicut
589 4019 701 4081 caeteri
723 4021 843 4081 fratres
862 4019 968 4097 ipsius
1023 4016 1111 4078 diam
1144 4018 1196 4078 vel
1222 4017 1383 4078 unitatem
1409 4016 1562 4078 revocari
1590 4016 1821 4093 nequiverint,

172 4115 744 4194 domus,flrmiterpermansurus.1d
754 4117 968 4192 ipsumetiam
1023 4117 1117 4192 pater
1131 4114 1236 4176 abbas
1250 4112 1393 4176 consilio
1404 4113 1602 4176 coabbatum
1619 4129 1759 4174 suorum
1774 4114 1824 4174 eis

172 4215 239 4276 alio
248 4215 411 4290 tempore,
420 4213 449 4274 si
464 4229 600 4274 necesse
613 4212 725 4282 fuerit,
740 4215 773 4274 et
786 4214 967 4290 capitulum
1023 4211 1176 4273 idoneam
1199 4211 1374 4289 provideat
1394 4227 1586 4288 personam;
1618 4212 1652 4272 et
1671 4209 1724 4271 illi
1748 4226 1824 4273 eam

173 4312 245 4373 sine
259 4310 428 4383 scandalo,
443 4310 496 4371 rel
509 4310 659 4387 perioulo
672 4310 841 4386 expectari
856 4312 969 4388 nequi·
1023 4310 1095 4370 sine
1115 4308 1376 4372 contradictione
1395 4308 1558 4386 recipiant
1580 4309 1616 4369 in
1645 4307 1800 4375 abbatem
1813 4330 1824 4383 ς

171 4409 268 4480 verit,
292 4423 351 4485 per
375 4396 526 4507 alphitam
551 4407 912 4481 praemonstratensem,
934 4411 968 4470 et
1023 4423 1119 4484 quem
1134 4407 1163 4467 si
1186 4407 1337 4484 recipere
1353 4406 1621 4483 contempserint,
1643 4407 1824 4468 sententiae

170 4508 297 4586 patrem
314 4498 464 4567 abbate'm
483 4507 517 4566 et
534 4504 619 4567 alios
639 4503 784 4578 abbates,
810 4521 892 4583 quos
908 4523 968 4568 vo-
1022 4504 1225 4582 subjaceant,
1240 4520 1339 4581 quam
1351 4505 1446 4582 pater
1458 4503 1560 4565 abbas
1579 4519 1654 4564 cum
1676 4504 1823 4565 consilio

43 4662 48 4677 ‚
171 4604 297 4667 caverit
312 4603 385 4665 fleri
400 4603 523 4665 licebit.
540 4603 630 4674 Quod
646 4602 675 4663 si
689 4602 859 4680 depositus
880 4605 915 4665 in
931 4620 967 4666 so
1022 4601 1257 4663 coabbatorum
1271 4617 1406 4663 suorum
1421 4601 1456 4662 in
1471 4616 1530 4662 eos
1547 4601 1692 4673 duxerit,
1707 4604 1825 4663 ancto-

171 4704 256 4765 datae
273 4702 446 4765 sententiae
459 4701 700 4764 contumaciter
714 4701 880 4762 contraire
899 4705 967 4763 ten·
1021 4701 1119 4762 ritate
1134 4699 1271 4771 ordinis,
1289 4698 1572 4785 promulgandam.
1589 4698 1637 4759 Ad
1652 4698 1727 4760 baec
1740 4715 1819 4776 quo-

169 4801 301 4872 taverit,
333 4802 402 4862 tam
426 4800 501 4876 ipse
526 4815 625 4877 quam
653 4798 856 4877 principales
880 4802 964 4876 ejus,
1021 4798 1111 4859 niam
1127 4795 1455 4860 Praemonstratensis
1465 4794 1615 4857 ecclesiae
1626 4795 1735 4872 prima
1749 4812 1824 4857 ma-

170 4899 226 4976 qui
250 4899 290 4959 de
307 4897 424 4959 ordine
440 4899 551 4960 restro
568 4896 693 4958 fuerint
707 4896 741 4957 in
757 4898 965 4958 contumacia
1021 4900 1071 4957 ter
1090 4899 1140 4958 est
1154 4895 1301 4956 omnium
1321 4894 1538 4955 ecclesiarum
1554 4893 1657 4954 totius
1674 4894 1820 4965 ordinis,

51 5056 83 5079 ,Ι
169 5011 229 5057 sua
245 4994 401 5066 fautores,
419 4994 459 5055 ab
472 4994 589 5057 abbate
609 4995 919 5056 praemonstratensi
933 4995 966 5056 et
1020 4995 1052 5056 et
1070 4995 1198 5071 patrem
1219 5008 1319 5069 super
1338 5007 1374 5052 se
1391 4990 1494 5051 alium
1508 5006 1575 5051 non
1600 4989 1711 5055 babet.
1734 4991 1823 5052 sicut

168 5092 299 5157 caeteris
324 5090 516 5163 abbatibus,
553 5107 694 5153 censura
725 5091 963 5164 ecclesiastica,
1019 5091 1060 5152 ad
1076 5091 1238 5153 cautelam
1253 5090 1286 5151 et
1297 5088 1481 5150 custodiam
1497 5086 1637 5159 ordinis,
1659 5087 1821 5149 statutum

168 5193 274 5254 donec
289 5188 507 5260 satisfaciant,
524 5192 713 5251 arceantur.
1019 5190 1071 5250 est
1085 5204 1144 5265 per
1159 5190 1230 5249 tres
1245 5188 1369 5264 primos
1384 5184 1530 5258 abbates,
1549 5184 1818 5255 Laudunensem,

207 5292 331 5350 Verum
353 5303 427 5348 cum
454 5286 567 5364 aliqua
591 5285 808 5348 ecclesiarum
831 5286 963 5348 restra·
1020 5284 1268 5348 Florefilensem
1283 5284 1316 5345 et
1330 5283 1606 5354 cuissiacensem,
1624 5297 1737 5342 annua
1753 5282 1820 5342 ibi-

167 5403 242 5449 rum
255 5385 374 5447 abbate
385 5383 520 5461 proprio
533 5383 633 5446 fuerit
642 5383 809 5456 destituta,
822 5384 876 5446 vel
889 5399 964 5445 cum
1019 5383 1093 5444 dem
1114 5382 1261 5443 visitatio
1276 5380 1353 5455 tlat3
1370 5381 1403 5443 et
1422 5380 1451 5441 si
1471 5379 1550 5457 quid
1571 5380 1607 5440 in
1627 5378 1702 5456 ipsa
1717 5378 1816 5440 domo

168 5483 214 5546 ibi
242 5482 370 5544 abbatis
398 5482 517 5544 electio
541 5481 740 5559 regulariter
768 5497 835 5543 non
863 5480 965 5543 fuerit
1019 5479 1251 5556 corrigendum
1272 5477 1383 5549 fuerit,
1404 5476 1528 5555 absque
1546 5476 1666 5554 majori
1687 5492 1748 5553 per
1761 5492 1819 5539 eos

169 5578 345 5651 celebrata,
372 5579 433 5643 sub
452 5580 558 5657 patris
580 5577 709 5642 abbatis
736 5579 897 5657 potestate
924 5594 964 5640 ac
1017 5568 1189 5641 audientia
1200 5576 1398 5652 corrigatur.
1415 5573 1505 5649 Quod
1525 5573 1555 5635 si
1566 5572 1670 5637 abbas
1686 5574 1724 5635 in
1742 5589 1821 5637 cor·-
