3982 6196
14 1636 15 1639 ¹
115 1608 335 1678 remittentes,
352 1605 491 1682 praeflxo
505 1602 655 1681 partibus
669 1603 812 1665 termino
827 1587 919 1663 com-

111 277 169 343 515
742 268 970 334 EPISTOLAE.
995 266 1072 332 LlB.
1097 270 1138 332 ΙΙ.
1705 273 1764 334 516

110 438 252 502 adversa
264 438 359 514 parte
381 424 555 507 conclusit,
581 447 622 495 ne
641 432 682 494 de
703 432 806 494 nimio
830 447 912 509 pos·
966 431 1160 508 infringere,
1179 431 1233 493 vel
1245 431 1276 495 ei
1289 446 1374 494 ausu
1391 432 1570 495 temerario
1582 434 1760 496 contraire.

112 552 224 599 samus
239 535 352 611 rigore
367 532 535 609 redargui,
554 531 588 594 in
603 532 666 593 hoo
679 530 813 593 tandem
834 545 915 591 con·
969 529 1004 590 Si
1017 530 1091 608 quis
1104 530 1213 592 autam
1234 528 1298 592 hoo
1318 531 1482 592 attentare
1504 532 1763 609 praesumpserit,

112 633 357 705 descendimus,
373 633 447 709 post
459 646 520 692 nos
538 629 679 690 nimium
703 626 912 698 acclamanti,
968 625 1230 701 indignationem
1240 626 1476 703 omnipotentis
1484 628 1544 688 Dei
1553 628 1766 691 etbeatorum

113 734 150 794 ut
170 730 359 801 videamus,
385 744 495 806 quam,
519 726 662 805 qualem,
692 725 915 803 quantamque
969 714 1059 785 Petri
1077 724 1111 785 et
1127 724 1225 785 Pauli
1240 725 1467 802 apostolorum
1488 728 1614 805 ejusne
1634 727 1766 791 noverit

113 830 212 891 fldem
245 828 359 890 facere
388 826 510 903 poterit
536 825 576 886 de
601 823 796 902 praemissis.
824 825 915 895 Quo-
969 821 1191 883 incursurum.

114 927 204 988 circa
240 924 436 986 discretioni
471 925 592 984 vestrae
631 937 692 998 per
724 919 916 997 Apostolioa
1009 921 1288 983 DatumLaterani
1296 920 1763 995 tartiokalendasdecembris,

114 1025 240 1101 scripta
259 1022 467 1092 mandamus,
484 1022 647 1097 quatenus
672 1017 800 1080 vocatis
824 1032 916 1094 prae·
969 1018 1180 1095 pontificatus
1195 1021 1301 1081 nostri
1316 1036 1405 1082 anno
1421 1020 1579 1082 secundo.
1635 1048 1638 1059 ·

115 1123 204 1184 dioto
213 1118 393 1181 Tuamensi
403 1118 437 1180 et
446 1118 534 1190 aliis,
547 1116 604 1193 qui
612 1115 736 1177 fuerint
742 1114 915 1186 evocandi,

115 1218 263 1281 audiatis
276 1217 455 1294 diligenter
469 1214 628 1293 quidquid
643 1214 723 1275 hinc
748 1212 826 1274 inde
841 1212 916 1273 fue·
1307 1198 1432 1285 LXIX

115 1318 160 1378 rit
168 1315 378 1394 propositum
389 1311 615 1383 coramvohis,
625 1327 699 1389 quaa
708 1310 915 1381 inveneritis,
1018 1343 1071 1402 Aa
1086 1341 1275 1417 potestates
1301 1342 1335 1402 eg
1354 1348 1498 1417 populos
1518 1345 1668 1405 manos
1691 1344 1724 1405 εἰ

115 1414 261 1475 fideliter
275 1413 310 1474 in
329 1410 521 1473 authentica
545 1408 669 1485 scripta
694 1407 830 1470 redacta
856 1407 916 1467 suh
1270 1442 1473 1502 jamme&

115 1511 238 1572 vestris
249 1507 507 1585 inclusasigillis
518 1507 560 1568 ad
569 1504 918 1582 SedemApostolioam
1187 1562 1204 1581 Δ
1277 1560 1357 1620 ldae
1380 1564 1449 1620 ’Μ

116 1705 255 1784 petenti,
270 1720 336 1781 quo
350 1719 411 1780 per
422 1718 458 1764 se
469 1702 523 1764 vel
536 1700 769 1780 procuratores
781 1700 918 1763 idoneos
1025 1675 1178 1741 ffl⁰¹¹⁸¹i¹¹¹¹¹
1190 1678 1344 1736 ¹³⁰¹¹¹⁸¹¹⁰¹¹¹’
1356 1676 1395 1728 ⁰d'
1408 1677 1494 1735 Μ’
1507 1683 1527 1728 ¹·
1537 1679 1579 1738 Μ’
1597 1695 1622 1744 ¹³·
1635 1680 1703 1745 ³³34

117 1818 221 1879 super
246 1801 290 1863 fis
312 1802 427 1863 nostro
453 1816 489 1862 30
513 1798 706 1878 conspgctup
732 1813 920 1875 reppoegen.
989 1782 1120 1856 Praecipit
1134 1781 1313 1840 conditiones
1328 1782 1364 1840 ad
1384 1781 1594 1842 reformandam
1609 1785 1682 1843 inter
1701 1800 1752 1843 eos

116 1902 199 1972 tent,
226 1898 313 1977 quod
340 1898 538 1960 canonicum
562 1896 824 1969 fuerit,euctore
848 1898 917 1957 Do·
1313 1886 1424 1945 ΡΜ·

117 1997 221 2069 mino,
238 1996 434 2074 recepturae.
445 1995 559 2057 Testes
571 1995 695 2068 autam,
711 1994 774 2057 etc.
789 1993 918 2066 Quodsi
1012 1989 1179 2050 Honorius
1189 1989 1364 2066 episcopus
1379 2005 1496 2051 servus
1509 2006 1681 2053 servorum
1697 1993 1767 2064 Dei,

14 2104 15 2129 i
117 2111 185 2157 non
200 2108 327 2167 omnes,
343 2094 391 2166 tu,
405 2092 789 2170 fratrerepiscope,cum
803 2106 919 2153 eorum
972 2085 1102 2148 dilectis
1121 2085 1201 2147 filiis
1211 2086 1439 2163 potestatibus,
1451 2089 1484 2150 ot
1496 2089 1627 2165 populis
1638 2089 1770 2151 Pisanis

14 2224 15 2231 κ
117 2192 236 2263 altaro,
252 2191 316 2252 eto.
332 2191 451 2252 Datum
466 2190 663 2251 Lateranilf
684 2187 760 2250 Kal.
788 2188 921 2250 decem·
973 2182 1254 2256 etlanuensibus,
1270 2183 1458 2247 salutemet
1478 2186 1693 2262 apostolicam
1710 2187 1771 2249 he-

118 2288 198 2363 bris,
214 2287 428 2366 pontificatus
441 2287 547 2349 nostri
560 2302 647 2350 anno
659 2285 817 2349 secundo.
972 2281 1204 2343 nedictionem.

1012 2379 1190 2441 Miseratus
1201 2380 1234 2442 at
1246 2378 1436 2443 misericors
1450 2382 1620 2455 Dominus,
1637 2383 1770 2461 quinon

437 2473 604 2562 LXVIII
973 2476 1181 2539 obliviscitur
1206 2477 1371 2551 misereri,
1400 2481 1560 2556 exsurgat
1586 2496 1675 2542 nunc
1705 2480 1771 2543 im-

973 2576 1149 2653 peraturus
1181 2575 1290 2638 ventis
1325 2578 1359 2638 ot
1395 2575 1549 2649 flatibus,
1582 2583 1618 2640 ut
1645 2578 1703 2640 flat
1728 2595 1771 2641 ex

304 2725 511 2785 memmi
529 2725 731 2783 mmm
974 2673 1193 2735 commotione
1216 2673 1459 2752 tranquillitas,
1485 2676 1632 2752 procella
1648 2676 1769 2738 turba-

733 2763 741 2780 '
974 2770 1074 2833 tionis
1090 2770 1240 2833 mitescat
1260 2771 1296 2833 in
1311 2787 1440 2841 auram,
1458 2774 1492 2835 at
1514 2773 1636 2837 sileant
1650 2774 1770 2839 fluctus

417 2843 452 2902 ²9
468 2843 627 2901 ¹¹⁰V·¹²¹⁷·
974 2872 1059 2946 ejus,
1089 2885 1164 2930 cnm
1192 2868 1258 2930 diei
1286 2869 1427 2942 malitia,
1451 2872 1486 2931 et
1510 2871 1659 2948 pericula
1684 2875 1769 2935 tem-

14 3014 16 3047 ξ
192 2959 314 3026 [nomen
325 2957 471 3010 arenianes
486 2956 705 3015 nrkmuenhuan,
714 2958 735 3015 ¹·
745 2971 770 3022 l·
783 2956 849 3020 ml
974 2966 1065 3044 poris
1090 2966 1299 3029 invalescunt
1322 2988 1330 3026 ε
1350 2967 1397 3029 ita
1430 2968 1467 3030 ut
1502 2985 1584 3047 quos
1617 2971 1773 3047 praedixit

14 3060 16 3065 ’
123 3061 452 3127 Periiarbartistudium
468 3063 619 3122 duodecim
634 3064 835 3122 suaemfasia
847 3078 919 3137 pre·
974 3064 1150 3141 Apostolus
1174 3064 1245 3125 dies
1270 3063 1470 3127 novissimos
1495 3068 1678 3130 sentiamus
1699 3069 1772 3131 ius-

156 3154 269 3223 bendis,
283 3153 348 3211 duaa
357 3152 393 3209 de
405 3167 481 3209 novo
491 3150 604 3220 additae,
616 3166 735 3224 querum
750 3150 877 3209 redditus
886 3150 922 3210 de
974 3163 1057 3233 tare,
1074 3177 1115 3223 ρο
1127 3163 1257 3240 tempus
1277 3162 1421 3235 adponit,
1445 3162 1481 3225 in
1502 3179 1568 3241 quo
1591 3164 1649 3243 qui
1672 3167 1772 3229 amici

158 3242 281 3317 propriis
296 3241 382 3299 bonis
402 3240 592 3298 erantooffati
612 3254 664 3311 pro
684 3240 807 3297 maxime
830 3247 919 3340 parta,
975 3259 1052 3319 sunt
1077 3259 1202 3336 sponsi,
1228 3275 1358 3335 3901„ae
1383 3259 1591 3323 ulciscuntur
1616 3261 1770 3341 injurias,

157 3345 245 3403 super
260 3328 316 3386 hoe
330 3326 436 3386 factum
454 3334 590 3385 statutum
603 3326 755 3385 confirmat
769 3326 906 3400 pontifex.

190 2630 246 2688 Ad
260 2626 473 2688 Herdertum
492 2625 720 2700 propositam
736 2625 849 2686 sancti

975 3357 1012 3417 ut
1030 3357 1148 3432 jngum
1176 3356 1314 3417 tollatur
1337 3356 1541 3432 captivitatis
1566 3360 1705 3434 nostrae,
1733 3378 1773 3423 ac

14 3522 16 3535 ¹
164 3456 333 3520 Honorius
347 3455 649 3532 episcopusservus
665 3469 836 3515 servorum
850 3454 920 3524 Dei,
976 3451 1116 3529 captivae
1150 3451 1228 3513 filiae
1256 3452 1336 3513 Sion
1367 3453 1500 3515 vincula
1530 3455 1772 3535 dirumpantur.

14 3548 16 3573 ³
126 3553 246 3616 dilecto
262 3553 331 3614 dlio
346 3551 507 3615 Herberto
529 3551 706 3630 praeposito
726 3551 921 3613 sanctiWi·
977 3549 1070 3612 Unde
1091 3565 1166 3611 cum
1180 3565 1240 3611 vos
1254 3549 1296 3611 ed
1312 3548 1455 3611 invicem
1481 3550 1604 3613 dudum
1627 3569 1775 3619 commo-

126 3650 250 3715 lerardi
264 3646 559 3728 (stcf)Bremensis
569 3649 710 3710 salutem
726 3650 758 3711 et
768 3648 924 3726 apostoli·
975 3649 1062 3711 verit
1073 3647 1225 3709 fremitus
1239 3647 1456 3724 tempestatis,
1473 3649 1613 3730 utamini
1630 3655 1700 3730 jam
1715 3654 1775 3717 be-

127 3765 199 3812 cam
212 3747 487 3811 benedictionem.
977 3745 1095 3807 nedcio
1128 3746 1222 3822 pacis
1259 3745 1337 3821 quia
1371 3744 1499 3807 homini
1530 3748 1669 3824 pacifico
1697 3755 1775 3815 sunt

167 3846 274 3910 fustis
282 3845 464 3925 petentium
476 3843 650 3906 desideriis
661 3843 797 3920 dignum
805 3844 923 3905 estnos
976 3842 1138 3920 reliquiae,
1168 3843 1202 3904 et
1224 3841 1355 3919 pacifici
1378 3842 1438 3903 Dei
1467 3844 1528 3904 dlii
1553 3846 1771 3921 vocabuntur,

126 3943 260 4005 facilem
274 3941 424 4020 praebere
438 3957 636 4003 consensum
653 3942 688 4003 et
705 3941 794 4014 vota,
811 3957 884 4019 quae
903 3957 924 4002 a
977 3942 1010 4003 et
1035 3956 1109 4002 cum
1133 3938 1223 4002 inter
1248 3939 1332 4001 alios
1355 3939 1477 4003 Christi
1500 3941 1643 4005 athletas
1658 3960 1776 4007 neces-

126 4040 268 4103 rationis
278 4038 483 4102 tramitenon
500 4038 701 4111 discordant,
712 4037 834 4100 effectu
845 4052 925 4115 pro-
977 4038 1059 4101 sarii
1094 4036 1169 4100 sitis
1199 4038 1372 4099 succursui
1399 4040 1510 4101 Terroe
1543 4042 1673 4105 Sanctae
1708 4060 1772 4120 po·

14 4160 16 4201 v
128 4138 287 4217 sequente
295 4137 471 4213 complere.
480 4139 586 4209 Quum
594 4135 922 4213 igiturocclesiatua‚
976 4137 1086 4199 tentor
1109 4133 1324 4211 accingimini
1345 4137 1461 4198 contra
1484 4138 1599 4200 Crucis
1618 4139 1777 4218 blasphe-
1832 4150 1836 4157 “

14 4252 16 4315 5
128 4237 163 4297 in
186 4250 254 4313 qua
275 4233 451 4296 duodecim
473 4233 717 4295 consueverant
739 4248 818 4295 essa
837 4248 926 4310 prae-
977 4248 1059 4305 mos,
1077 4249 1152 4295 cum
1162 4234 1233 4310 jam
1255 4232 1298 4295 sit
1323 4234 1484 4296 revelatio
1498 4234 1775 4316 improperiorum

14 4334 16 4393 ἓ
127 4332 256 4406 baudra,
270 4331 343 4394 duaa
359 4347 420 4409 per
434 4330 579 4392 studium
600 4332 695 4392 tuum
714 4330 835 4392 additae
859 4329 926 4393 sint
978 4332 1167 4393 nostrorum
1191 4330 1226 4392 in
1249 4332 1389 4400 lenuis,
1413 4332 1450 4395 ut
1476 4349 1660 4410 speramus.
1689 4340 1776 4401 Sana

127 4430 168 4491 da
182 4446 282 4502 novo,
301 4430 335 4491 te
349 4444 410 4506 pro
424 4429 518 4506 parte
536 4427 681 4490 maxima
696 4428 831 4491 illarum
844 4428 924 4489 red-
978 4444 1049 4501 nos,
1069 4429 1126 4506 qui
1151 4430 1224 4506 ejus
1241 4428 1277 4489 in
1299 4430 1400 4491 terris
1421 4430 1529 4493 vicem
1548 4434 1706 4509 gerimus,
1718 4439 1775 4513 qui

14 4578 15 4601 2
127 4528 217 4589 ditus
238 4527 279 4587 de
304 4525 401 4589 bonis
428 4525 574 4603 propriis
600 4525 668 4588 tuis
688 4526 754 4602 ipsi
774 4525 925 4589 ecclesiae
977 4541 1094 4603 paoem
1122 4526 1192 4587 suis
1217 4526 1391 4604 discipulis
1423 4530 1614 4603 nunciavit,
1644 4535 1677 4595 et
1702 4548 1775 4595 eam

14 4652 15 4679 t
127 4624 327 4696 conferenti,
349 4622 523 4686 statuendo
546 4624 587 4685 de
605 4639 770 4685 consensu
788 4622 926 4700 capituli
977 4623 1101 4686 mundo
1119 4623 1265 4701 reliquit,
1289 4624 1331 4685 ad
1346 4623 1589 4688 reformandam
1613 4628 1775 4692 intervos

14 4800 16 4803 v
127 4721 192 4794 tui,
221 4723 258 4784 ut
287 4736 403 4782 eorum
439 4721 618 4799 proventus
646 4736 855 4799 naquaquam
883 4720 925 4782 ed
978 4736 1094 4799 pacem
1107 4719 1344 4792 laboravimus,
1361 4722 1395 4783 et
1407 4721 1686 4787 institimusbona
1698 4728 1773 4800 flde,

128 4835 303 4881 commune
317 4819 352 4880 in
367 4819 537 4894 postorum
551 4817 756 4894 redigantur,
771 4817 829 4879 sed
840 4818 927 4879 assi·
979 4817 1092 4894 utpote
1107 4816 1164 4893 qui
1185 4815 1373 4878 animarum
1387 4818 1528 4880 salutern
1552 4821 1586 4880 st
1603 4822 1776 4887 civitatum

128 4919 273 4991 guantur
300 4914 429 4977 duobus
450 4915 634 4988 canonicis,
659 4916 695 4977 ut
721 4915 926 4978 incremento
978 4914 1164 4977 vostrarum
1179 4913 1340 4974 honoram
1360 4914 1531 4991 diligimus
1552 4920 1586 4980 ot
1602 4920 1774 4997 optamus:

128 5013 548 5089 eorumdemproventuum
559 5013 727 5074 accrescat
742 5011 806 5090 ipsi
818 5012 927 5075 eccla-
979 5012 1021 5073 ad
1036 5011 1121 5089 quod
1136 5010 1256 5072 melius
1270 5012 1493 5088 peragendum
1513 5015 1593 5078 olim
1614 5017 1655 5080 de
1672 5020 1776 5083 fatere

128 5110 187 5172 siae
200 5125 361 5171 numerus
371 5109 664 5172 servitorumznos
672 5110 740 5171 tuis
745 5108 847 5187 justIs
855 5125 927 5188 pre·
979 5109 1093 5172 nostro
1112 5107 1337 5170 venerabilem
1360 5109 1495 5174 fratrem
1525 5116 1674 5178 nostrum
1702 5120 1775 5178 Hu-

14 5252 16 5297 †
128 5206 222 5268 cibus
234 5204 398 5279 inclinati,
415 5205 502 5285 quod
525 5221 626 5284 super
641 5206 703 5268 hoc
722 5207 790 5268 ata
811 5206 865 5284 pie
887 5222 926 5268 ac
978 5221 1098 5282 gouem
1118 5205 1311 5284 episcopum
1323 5208 1472 5272 Hostien.
1486 5210 1528 5272 ad
1547 5228 1606 5275 vos
1621 5213 1776 5281 duximus

14 5308 16 5379 3
127 5303 267 5381 provide
293 5302 417 5366 factum
441 5304 502 5377 est,
518 5304 716 5366 auctoritate
737 5304 926 5381 apostolica
979 5302 1222 5375 destinandum,
1245 5303 1302 5382 qui
1323 5320 1343 5366 a
1365 5305 1471 5379 vohis,
1493 5309 1580 5385 quod
1598 5326 1700 5387 super
1713 5311 1775 5374 hoa

14 5438 16 5487 p
128 5401 366 5463 confirmamus
377 5402 414 5463 et
423 5402 598 5478 praesentis
611 5401 726 5480 scripti
740 5401 926 5478 patrocinio
979 5399 1143 5463 mandatis
1174 5400 1298 5463 nostris
1330 5403 1548 5482 omnibusque
1577 5405 1774 5495 faceremus,

14 5520 16 5583 p
129 5498 384 5561 communimus.
401 5498 493 5561 Nulli
508 5514 588 5576 ergo
602 5499 737 5561 omnino
755 5499 926 5560 hominum
979 5512 1039 5575 per
1056 5513 1118 5558 nos
1142 5513 1203 5559 seu
1230 5499 1369 5561 nuncios
1388 5501 1441 5562 vel
1465 5501 1594 5566 litteras
1617 5504 1774 5583 pareatis,

14 5598 16 5689 I
115 5594 228 5661 ,liceat
250 5594 338 5656 hano
352 5595 509 5672 paginam
526 5598 648 5660 nostrae
663 5596 926 5659 confirmationis
972 5596 1164 5678 juramento
1185 5596 1328 5674 recepto,
1353 5600 1388 5687 et
1410 5599 1582 5679 utriusque
1597 5605 1702 5681 partis
1716 5624 1777 5669 vo-

257 5739 373 5782 rnrnnu.
392 5738 465 5783 roua
479 5726 514 5782 ll.
1584 5735 1618 5793 la
