3946 6196
685 336 914 397 EPISTOLAE.
938 338 1016 398 LIB.
1040 340 1080 399 11.

396 517 523 606 XXIX

82 672 133 731 Ad
144 671 315 730 decernam
330 670 364 730 61
379 670 566 744 capitutum
578 674 826 735 Parisienscnc.

348 801 382 859 ld
396 807 469 874 6661.
485 802 563 861 tall.

63 925 192 991 16616661,
205 925 275 977 cart.
287 925 319 974 16
331 925 733 988 1161166116166-1166616116616,
747 929 766 987 i,
777 927 844 992 111]

59 1043 105 1099 Eis
127 1040 262 1114 indulget
286 1048 317 1099 ut
344 1041 372 1098 ln
398 1043 487 1099 laicos
513 1056 599 1114 super
627 1043 857 1115 possessionibus

91 1130 221 1187 ecclesias
233 1129 318 1187 bonis
326 1138 405 1187 extra
414 1131 605 1189 parisiensem
617 1129 763 1189 dioecesim
774 1147 856 1191 cons·

92 1220 182 1276 titulis
197 1218 332 1291 iniuriam
348 1217 514 1289 inlerentcs,
526 1219 655 1277 sieorum
669 1221 796 1294 episcopi
808 1236 858 1278 eos

92 1306 127 1364 ad
152 1306 348 1365 exhibendam
375 1306 599 1369 satisfactionem
616 1322 723 1382 cogere
740 1324 855 1368 recusa·

91 1397 196 1465 serint,
214 1410 368 1454 66666666
383 1396 608 1455 ecclesiasticam
621 1405 784 1456 marceant.

98 1523 269 1585 Honorius
280 1522 465 1600 episcopus,
476 1539 592 1586 666666
604 1540 774 1586 servorum
784 1526 855 1599 Dei,

62 1620 189 1681 dilectis
213 1620 293 1681 tiliis
312 1620 438 1682 decano
458 1624 490 1682 et
512 1621 656 1698 capitulo
675 1622 857 1684 Parisiensi

65 1718 201 1779 salutem
217 1720 251 1779 et
260 1717 477 1793 apostolicam
489 1717 764 1785 benedictionem.

99 1816 206 1885 Quum
222 1815 325 1890 igitur
340 1830 383 1876 ex
398 1816 491 1892 parte
503 1818 615 1878 restra
639 1816 735 1878 nobis
758 1816 859 1880 166611

64 1911 233 1972 humiliter
261 1910 493 1988 supplicatum,
520 1915 556 1974 ut
581 1929 680 1991 super
707 1916 857 1992 eoquod

64 2024 160 2086 super
172 2008 438 2086 possessionibus
448 2010 481 2071 et
490 2009 566 2070 aliis
579 2011 729 2073 ecclesiae
738 2015 858 2074 6661666

63 2105 154 2165 bonis
170 2107 266 2168 extra
282 2106 684 2168 Parisiensemdioecesim
695 2110 860 2171 constitu-

64 2204 101 2263 tis
115 2201 408 2280 lrequentesvobis
418 2203 551 2282 injuriae
560 2204 760 2277 1616666166,
775 2206 860 2269 dioe-

64 2301 190 2361 cesanis
211 2300 359 2361 locorum
381 2301 422 2362 61
437 2300 659 2364 exhibendam
673 2302 767 2364 robis
784 2306 859 2382 Jus-

63 2399 139 2459 tiam
148 2397 396 2473 negligentibus
405 2401 438 2461 et
447 2399 608 2472 remissis,
619 2401 757 2478 paterna
765 2402 860 2464 robis

65 2494 237 2571 protidere
273 2495 496 2557 sollicitudine
529 2497 758 2573 dignaremur3
797 2515 859 2560 nos

66 2593 379 2669 devotionemquam
393 2594 434 2655 ad
449 2609 510 2656 nos
519 2595 552 2656 61
565 2595 683 2659 sedem
695 2596 859 2673 Apostoli·

64 2706 131 2750 cam
146 2689 273 2751 babere
289 2690 466 2752 noscimini
490 2691 668 2769 benignius
683 2694 859 2755 attenden-

65 2790 121 2859 tes,
139 2787 235 2849 robis
253 2788 451 2850 auctoritate
469 2790 684 2866 praesentium
705 2791 859 2866 indulge·

55 2901 134 2947 ·mus
157 2887 194 2947 ut
210 2886 245 2947 in
265 2884 369 2948 laicos
386 2902 486 2964 super
508 2887 675 2964 praedictis
698 2887 856 2965 injuriam

68 2982 257 3056 inserentes,
275 2983 304 3044 si
320 2999 435 3045 eorum
454 2982 601 3061 episcopi
622 3000 679 3046 eos
698 2985 857 3047 6166111-

65 3078 202 3142 166166
214 3081 308 3143 robis
318 3080 578 3144 satisfactionem
586 3082 728 3144 debitam
739 3098 859 3158 cogere

66 3179 305 3250 recusaverint,
334 3178 423 3240 ultra
450 3194 597 3241 mensem
633 3182 805 3258 postquam
838 3197 858 3243 6

65 3274 154 3335 robis
162 3274 288 3336 luerint
297 3290 371 3336 cum
380 3274 681 3339 bumilitatedebita
692 3277 856 3354 requisiti,

66 3370 160 3434 116661
175 3372 271 3433 vobis
285 3388 461 3434 censuram
480 3373 752 3447 ecclesiasticam,
766 3391 857 3451 666-

66 3469 163 3529 61666
184 3469 367 3532 666111666
384 3468 559 3543 canonica,
578 3486 748 3533 exercere.
766 3472 859 3533 Nulli

65 3579 140 3639 ergo
153 3565 338 3638 bominum,
354 3568 416 3629 eto.

101 3664 219 3723 batum
231 3662 350 3735 Alatri,
365 3666 439 3725 XVI
454 3666 529 3726 Kal.
546 3665 677 3728 Octobr.
689 3666 859 3744 pontifica-

65 3759 114 3823 tus
125 3760 230 3821 nostri
243 3775 333 3822 anno
349 3762 506 3824 secundo.

407 3958 513 4046 XXX

120 4119 172 4178 Ad
185 4120 356 4179 decanrme
371 4119 404 4178 et
416 4119 605 4195 capitulana
621 4122 656 4182 S.
671 4124 801 4184 11116611

376 4217 554 4279 Ρ1616666.

353 4347 387 4403 la
401 4354 473 4420 6661.
490 4349 570 4406 latr.

120 4467 232 4532 [liegest.
242 4468 289 4519 lib.
300 4469 332 4529 11,
342 4484 383 4534 66.
394 4471 449 4520 aaa.
463 4473 521 4523 1166.
533 4472 569 4522 La
580 4473 653 4522 Porta
665 4473 699 4523 du
710 4474 805 4539 Theti]

67 4583 121 4639 Eos
139 4591 239 4642 monet
251 4583 287 4640 de
301 4585 406 4642 clerico
421 4588 452 4644 F.
473 4585 509 4644 ad
527 4586 710 4660 praebendam
729 4590 860 4647 canonici

371 4673 557 4732 admittendo.

104 4789 283 4861 Honorius,
297 4790 373 4863 616.,
385 4790 509 4852 166666
521 4791 706 4868 6166611616
718 4794 751 4853 S.
761 4792 860 4855 Hila-

66 4883 107 4944 rii
123 4885 293 4947 Pictaven.

103 4981 250 5044 [tilectus
265 4983 357 5045 tilius
370 4986 406 5047 P.
422 4985 591 5049 Fulcberii
606 4986 749 5049 61661666
763 5003 862 5065 expo·

68 5077 133 5140 suit
142 5079 314 5142 humiliter
325 5097 437 5143 66666
447 5082 555 5153 nobis,
567 5085 654 5162 quod
667 5100 742 5149 cum
754 5084 861 5149 1611616

67 5176 862 5257 memoriaelnnocentiuspapapraedecessorum-

66 5272 115 5330 ter
128 5271 223 5335 robis
233 5273 398 5338 direxerit
410 5293 471 5339 sua
488 5279 624 5355 6661616,
650 5279 685 5340 61
701 5280 810 5356 ipsum
827 5279 862 5341 in

67 5367 206 5430 ecclesia
219 5372 333 5433 666166
351 5372 545 5451 reciperetis
565 5376 599 5436 in
614 5377 811 5439 canonicum
830 5379 863 5440 et

67 5463 100 5522 16
114 5464 261 5528 1661666.
277 5468 403 5533 abbate
418 5475 612 5535 monasterii
620 5475 709 5547 6661,
721 5475 755 5536 61
764 5475 863 5537 66116·

68 5559 117 5635 gis
131 5563 236 5641 ipsius
251 5565 316 5627 sibi
330 5583 430 5645 super
442 5569 505 5632 hoo
524 5571 744 5635 monitoribus
758 5573 863 5651 depu-

70 5658 154 5731 tatis,
172 5659 249 5724 licet
262 5663 308 5734 tu,
327 5662 373 5728 ilii
387 5665 572 5737 dacenses
587 5671 695 5746 major
706 5672 740 5732 61
749 5671 862 5732 sanior

1645 344 1705 404 5113

910 511 987 573 6666
996 497 1132 576 66611611
1146 500 1315 577 tamquam
1325 500 1523 563 obedientiae
1537 500 1706 563 11111666-

910 594 996 656 datis
1030 595 1230 672 apostolicis
1269 614 1387 674 parere
1420 597 1568 661 66166166
1595 599 1705 677 666611

911 690 1041 754 fueritis
1061 693 1168 770 ipsum
1188 694 1347 772 recipere,
1365 695 1499 773 quidam
1512 698 1623 757 16666
1638 711 1705 756 66-

911 805 1003 851 6666
1021 791 1055 853 61
1068 792 1186 853 666116
1204 792 1389 869 pauciores,
1403 793 1481 870 quia
1496 792 1627 855 16611166
1646 794 1705 853 in-

912 887 1040 947 terdum
1059 888 1156 965 pauci
1180 888 1297 951 obesse
1319 892 1467 967 possunt,
1493 906 1591 967 quam
1611 890 1707 952 multi

911 983 1079 1060 prodesse,
1096 987 1318 1064 receptionem
1333 988 1575 1065 impediverunt
1589 988 1705 1064 ipsius,

912 1081 995 1143 nibil
1013 1082 1126 1145 16666
1144 1085 1342 1147 rationabile
1363 1086 1558 1164 objicientes
1585 1084 1704 1146 eidem.

912 1178 1708 1259 Neigituriiloruminvidiagratiamretardetis-

911 1276 989 1349 tius,
998 1276 1318 1344 discretionivestrae
1327 1281 1575 1359 parapostaiica
1584 1281 1708 1357 scripta

912 1375 1135 1454 precipiendo
1156 1379 1351 1439 mandamus
1373 1380 1535 1464 quatenus
1551 1377 1591 1440 ob
1606 1393 1707 1439 rere-

913 1471 1054 1533 rentiam
1084 1473 1290 1537 116166661
1319 1476 1467 1537 nostram
1495 1475 1707 1554 praelatum...

912 1569 1082 1646 recipiatis
1100 1571 1136 1633 in
1155 1574 1363 1645 canonicum,
1384 1574 1471 1637 6116
1493 1573 1640 1641 tratrem,
1661 1573 1708 1634 116

913 1666 999 1749 quod
1025 1682 1104 1742 ergo
1129 1684 1190 1730 nos
1216 1669 1412 1732 6161166116
1432 1687 1471 1732 66
1496 1687 1576 1746 erga
1599 1671 1710 1747 ipsum

913 1762 1058 1826 debitum
1080 1764 1261 1827 videamini
1288 1782 1406 1842 gerere
1432 1768 1582 1829 caritatis
1601 1767 1708 1828 affec-

913 1861 993 1932 tum,
1020 1864 1132 1924 61666
1153 1863 1360 1927 1666116666
1379 1865 1524 1926 6661666
1544 1866 1710 1941 66661666

914 1959 1031 2020 666116
1045 1960 1286 2023 commendare.
1301 1961 1457 2039 Alioquin
1469 1961 1590 2023 1116616
1600 1961 1707 2023 tilio...

914 2053 954 2114 de
974 2055 1167 2129 Falemund,
1191 2059 1224 2119 61
1244 2057 1285 2119 16
1304 2058 1443 2121 1661616
1467 2057 1652 2129 abbatibus,
1678 2060 1712 2120 et
1838 2050 1844 2063 “

914 2151 1017 2228 priori
1028 2152 1069 2214 16
1079 2155 1163 2216 0166
1173 2155 1342 2217 Ρ1616666.
1354 2154 1506 2217 11666616
1518 2156 1640 2217 6661616
1650 2155 1712 2215 16-

914 2264 986 2309 666
1009 2249 1130 2313 11116616
1152 2252 1187 2312 16
1212 2252 1391 2324 66616116,
1416 2252 1452 2313 61
1482 2251 1511 2313 61
1532 2252 1653 2330 majori
1676 2252 1710 2313 61

914 2346 1040 2407 6661661
1053 2349 1146 2424 66616
1157 2349 1294 2425 66611611
1307 2349 1403 2411 nobis
1414 2364 1513 2425 super
1520 2349 1710 2425 receptione

914 2443 1019 2519 ipsius
1032 2443 1167 2508 obedire
1181 2451 1297 2523 perata
1313 2447 1417 2523 aliqui
1430 2446 1572 2508 forsitan
1585 2446 1711 2507 166666

914 2542 1194 2616 contradixerint,
1221 2543 1299 2607 illos
1329 2545 1511 2606 monitione
1536 2544 1708 2620 praemissa

915 2654 973 2715 666
1000 2655 1175 2700 66666666
1201 2641 1710 2717 ecclesiasticamappellatione

914 2736 1041 2797 remota
1059 2738 1279 2812 compescant.
1297 2739 1416 2798 Datum
1431 2737 1538 2799 alatri
1551 2740 1626 2800 XIV
1640 2740 1712 2798 Ka-

914 2832 1030 2894 lendas
1046 2833 1189 2895 octobris
1205 2851 1292 2896 anno
1312 2835 1467 2896 secunda.

954 2931 990 2991 16
999 2931 1149 2992 666166
1158 2931 1290 2992 66166
1301 2932 1460 3009 66616166
1471 2933 1522 2994 661
1535 2947 1635 3009 66666
1646 2932 1709 2993 boc

914 3027 1038 3088 eisdem
1050 3028 1161 3089 serbis
1176 3030 1400 3106 competenter
1416 3029 1682 3103 mutatamque
1699 3046 1711 3089 .·

914 3125 1032 3187 666116
1058 3126 1301 3188 6666661666.
1332 3127 1493 3198 Quocirca
1517 3126 1711 3188 discretioni

914 3224 1032 3285 6661666
1052 3238 1112 3301 666
1125 3224 1314 3300 Apostolica
1339 3224 1462 3302 6661616
1486 3223 1709 3303 praecipiendo

913 3319 1121 3392 mandamus,
1139 3324 1301 3398 quatenus
1316 3321 1414 3383 116116
1428 3321 1554 3383 166666
1569 3322 1711 3399 616661-

913 3416 982 3479 tulo
1000 3416 1035 3477 iu
1053 3416 1202 3479 mandati
1221 3418 1326 3480 nostri
1341 3419 1537 3481 executione
1550 3418 1713 3479 cessanti-

913 3512 985 3585 bus,
996 3513 1093 3574 66661
1104 3515 1265 3591 majnriat
1276 3515 1713 3591 666166166616,616.,66666

914 3609 1141 3687 compescatis.
1167 3611 1258 3683 Quod
1278 3610 1389 3672 61666
1414 3626 1539 3685 omues,
1555 3610 1630 3683 616.,
1647 3610 1713 3673 166
1800 3604 1803 3609 “

913 3708 1073 3782 6661666,
1086 3708 1149 3770 616.
1166 3708 1285 3770 Datum
1298 3709 1334 3770 ut
1348 3724 1461 3786 supra.

943 4040 995 4100 Aa
1006 4036 1160 4100 abbatem
1170 4039 1212 4099 da
1226 4039 1421 4108 1166161166,
1435 4036 1686 4098 xanctonensis

1227 4138 1394 4197 diaecesis.

1208 4255 1241 4313 la
1256 4263 1329 4329 6661.
1347 4256 1426 4313 tali.

947 4370 1057 4436 [iicgast.
1069 4370 1115 4422 lib.
1131 4369 1163 4428 11,
1176 4370 1250 4437 66161.
1261 4371 1317 4421 ott.
1330 4372 1390 4422 1166.
1403 4371 1524 4422 16116616
1538 4371 1572 4422 du
1588 4370 1680 4438 ructa]

950 4489 986 4549 Ut
1000 4488 1157 4547 canonicus
1165 4488 1308 4562 regularis
1322 4488 1349 4545 S.
1366 4488 1519 4560 Augustini
1531 4487 1678 4546 beneflciis

1145 4578 1272 4651 privetur
1284 4576 1477 4637 secularibus.

954 4695 1123 4756 Honorius
1136 4694 1265 4756 dilectis
1278 4694 1393 4754 tiliis...
1412 4691 1524 4753 abbati
1539 4692 1580 4753 de
1599 4697 1710 4754 Gran-

916 4789 994 4852 dim.
1016 4791 1223 4872 xanctonen.
1243 4789 1407 4860 dioecesis,
1424 4788 1711 4867 archipresbytero

915 4887 956 4948 16
966 4887 1127 4963 Magaris,
1144 4887 1176 4949 61
1190 4886 1348 4963 magistro
1361 4884 1552 4948 scholarum
1566 4888 1713 4949 xancto-

916 4999 993 5045 nen.

955 5082 1003 5144 Ad
1030 5081 1235 5143 audientiam
1258 5082 1707 5159 6661666611661666166.

917 5179 1077 5243 canonico
1090 5178 1299 5255 significante
1312 5179 1463 5256 pervenit
1473 5180 1560 5257 quod
1571 5196 1708 5258 quum...

917 5280 1061 5341 decanus
1086 5276 1307 5354 Burdegalen.
1333 5277 1376 5338 sit
1406 5280 1586 5340 canonicus
1612 5293 1712 5354 regu-

917 5377 1009 5448 laris,
1038 5375 1138 5446 idem,
1165 5390 1265 5453 quam
1291 5374 1459 5451 protessus
1487 5376 1539 5437 est
1561 5375 1710 5451 regulam

917 5489 983 5536 non
999 5471 1194 5544 observans
1210 5473 1245 5533 16
1265 5472 1409 5535 61666166
1425 5489 1491 5534 666
1501 5471 1624 5533 6661161
1636 5489 1710 5534 666

917 5572 1092 5643 66666616,
1106 5570 1163 5632 661
1179 5569 1243 5631 buo
1253 5570 1399 5648 illucque
1411 5570 1601 5632 discurrens
1616 5570 1712 5648 plura

917 5668 1076 5731 berreticia
1098 5667 1234 5739 obtinet,
1252 5668 1285 5728 in
1306 5667 1423 5731 salutis
1437 5668 1581 5747 66666166
1603 5668 1712 5731 detri-
