<?xml version="1.0" encoding="UTF-8"?>
<!DOCTYPE html PUBLIC "-//W3C//DTD XHTML 1.0 Transitional//EN"
    "http://www.w3.org/TR/xhtml1/DTD/xhtml1-transitional.dtd">
<html xmlns="http://www.w3.org/1999/xhtml" xml:lang="en" lang="en">
 <head>
  <title>
</title>
<meta http-equiv="Content-Type" content="text/html;charset=utf-8" />
  <meta name='ocr-system' content='tesseract 3.04.00' />
  <meta name='ocr-capabilities' content='ocr_page ocr_carea ocr_par ocr_line ocrx_word'/>
</head>
<body>
  <div class='ocr_page' id='page_1' title='image "./mediiaevibiblio00bottgoog_0604.png"; bbox 0 0 3982 6196; ppageno 0'>
   <div class='ocr_carea' id='block_1_1' title="bbox 127 276 190 339">
    <p class='ocr_par' dir='ltr' id='par_1_1' title="bbox 127 276 190 339">
     <span class='ocr_line' id='line_1_1' title="bbox 127 276 190 339; baseline -0.016 0"><span class='ocrx_word' id='word_1_1' title='bbox 127 276 190 339; x_wconf 36' lang='lat' dir='ltr'><strong>‘dot</strong></span> 
     </span>
    </p>
   </div>
   <div class='ocr_carea' id='block_1_2' title="bbox 132 434 929 515">
    <p class='ocr_par' dir='ltr' id='par_1_2' title="bbox 132 434 929 515">
     <span class='ocr_line' id='line_1_2' title="bbox 132 434 929 515; baseline 0.001 -16"><span class='ocrx_word' id='word_1_2' title='bbox 132 438 256 515; x_wconf 75' lang='lat' dir='ltr'><strong>preater</strong></span> <span class='ocrx_word' id='word_1_3' title='bbox 271 447 445 499; x_wconf 88' lang='lat' dir='ltr'><strong>commune</strong></span> <span class='ocrx_word' id='word_1_4' title='bbox 458 434 604 499; x_wconf 89' lang='lat' dir='ltr'><strong>debitum</strong></span> <span class='ocrx_word' id='word_1_5' title='bbox 619 437 798 515; x_wconf 88' lang='lat' dir='ltr'><strong>pastoralis</strong></span> <span class='ocrx_word' id='word_1_6' title='bbox 817 437 929 511; x_wconf 85' lang='grc'><strong>6111611,</strong></span> 
     </span>
    </p>
   </div>
   <div class='ocr_carea' id='block_1_3' title="bbox 125 535 933 613">
    <p class='ocr_par' dir='ltr' id='par_1_3' title="bbox 125 535 933 613">
     <span class='ocr_line' id='line_1_3' title="bbox 125 535 933 613; baseline 0 -18"><span class='ocrx_word' id='word_1_7' title='bbox 125 550 196 613; x_wconf 91' lang='grc'><strong>666</strong></span> <span class='ocrx_word' id='word_1_8' title='bbox 227 551 343 596; x_wconf 88' lang='lat' dir='ltr'><strong>curam</strong></span> <span class='ocrx_word' id='word_1_9' title='bbox 367 537 400 596; x_wconf 91' lang='lat' dir='ltr'><strong>et</strong></span> <span class='ocrx_word' id='word_1_10' title='bbox 422 535 678 596; x_wconf 88' lang='lat' dir='ltr'><strong>sollicitudinem</strong></span> <span class='ocrx_word' id='word_1_11' title='bbox 703 548 820 611; x_wconf 79' lang='lat' dir='ltr'>gerere</span> <span class='ocrx_word' id='word_1_12' title='bbox 840 537 933 611; x_wconf 81' lang='lat' dir='ltr'><strong>cogi-</strong></span> 
     </span>
    </p>
   </div>
   <div class='ocr_carea' id='block_1_4' title="bbox 126 630 930 2250">
    <p class='ocr_par' dir='ltr' id='par_1_4' title="bbox 126 630 930 2250">
     <span class='ocr_line' id='line_1_4' title="bbox 128 630 929 707; baseline 0.001 -15"><span class='ocrx_word' id='word_1_13' title='bbox 128 630 929 707; x_wconf 81' lang='lat' dir='ltr'><strong>murviduarumspecialemgratiamexhibendo,</strong></span> 
     </span>
     <span class='ocr_line' id='line_1_5' title="bbox 131 724 930 806; baseline 0.001 -17"><span class='ocrx_word' id='word_1_14' title='bbox 131 743 311 805; x_wconf 82' lang='lat' dir='ltr'>personam</span> <span class='ocrx_word' id='word_1_15' title='bbox 326 729 417 789; x_wconf 89' lang='lat' dir='ltr'><strong>tuam</strong></span> <span class='ocrx_word' id='word_1_16' title='bbox 432 744 507 788; x_wconf 91' lang='lat' dir='ltr'><strong>cum</strong></span> <span class='ocrx_word' id='word_1_17' title='bbox 522 727 675 789; x_wconf 90' lang='lat' dir='ltr'><strong>omnibus</strong></span> <span class='ocrx_word' id='word_1_18' title='bbox 692 724 787 791; x_wconf 88' lang='lat' dir='ltr'><strong>bonis</strong></span> <span class='ocrx_word' id='word_1_19' title='bbox 807 730 930 806; x_wconf 85' lang='grc'><strong>666616</strong></span> 
     </span>
     <span class='ocr_line' id='line_1_6' title="bbox 128 822 929 906; baseline 0 -20"><span class='ocrx_word' id='word_1_20' title='bbox 128 825 389 906; x_wconf 76' lang='lat' dir='ltr'><strong>praesentiarum</strong></span> <span class='ocrx_word' id='word_1_21' title='bbox 401 825 646 888; x_wconf 88' lang='lat' dir='ltr'><strong>rationabiliter</strong></span> <span class='ocrx_word' id='word_1_22' title='bbox 657 822 929 903; x_wconf 87' lang='lat' dir='ltr'><strong>possides,autin</strong></span> 
     </span>
     <span class='ocr_line' id='line_1_7' title="bbox 130 921 930 1001; baseline 0 -18"><span class='ocrx_word' id='word_1_23' title='bbox 130 924 282 984; x_wconf 82' lang='lat' dir='ltr'><strong>futurum</strong></span> <span class='ocrx_word' id='word_1_24' title='bbox 288 921 930 1001; x_wconf 72' lang='grc'><strong>1661666116616661661611661666616-</strong></span> 
     </span>
     <span class='ocr_line' id='line_1_8' title="bbox 130 1020 930 1098; baseline -0.001 -17"><span class='ocrx_word' id='word_1_25' title='bbox 130 1021 179 1081; x_wconf 90' lang='lat' dir='ltr'><strong>ris</strong></span> <span class='ocrx_word' id='word_1_26' title='bbox 190 1020 345 1097; x_wconf 83' lang='lat' dir='ltr'><strong>adipisci,</strong></span> <span class='ocrx_word' id='word_1_27' title='bbox 362 1020 521 1092; x_wconf 85' lang='lat' dir='ltr'><strong>suhheati</strong></span> <span class='ocrx_word' id='word_1_28' title='bbox 531 1021 621 1083; x_wconf 91' lang='lat' dir='ltr'><strong>Petri</strong></span> <span class='ocrx_word' id='word_1_29' title='bbox 631 1021 785 1083; x_wconf 88' lang='lat' dir='ltr'><strong>etnostra</strong></span> <span class='ocrx_word' id='word_1_30' title='bbox 800 1021 930 1098; x_wconf 86' lang='lat' dir='ltr'><strong>proteo-</strong></span> 
     </span>
     <span class='ocr_line' id='line_1_9' title="bbox 130 1117 930 1195; baseline -0.004 -15"><span class='ocrx_word' id='word_1_31' title='bbox 130 1119 223 1181; x_wconf 91' lang='lat' dir='ltr'><strong>tione</strong></span> <span class='ocrx_word' id='word_1_32' title='bbox 236 1117 448 1195; x_wconf 84' lang='lat' dir='ltr'><strong>suscipimus,</strong></span> <span class='ocrx_word' id='word_1_33' title='bbox 461 1119 495 1180; x_wconf 93' lang='lat' dir='ltr'><strong>et</strong></span> <span class='ocrx_word' id='word_1_34' title='bbox 507 1119 682 1195; x_wconf 80' lang='lat' dir='ltr'><strong>praesentis</strong></span> <span class='ocrx_word' id='word_1_35' title='bbox 697 1118 810 1194; x_wconf 87' lang='lat' dir='ltr'><strong>scripti</strong></span> <span class='ocrx_word' id='word_1_36' title='bbox 822 1120 930 1194; x_wconf 81' lang='lat' dir='ltr'><strong>patro</strong></span> 
     </span>
     <span class='ocr_line' id='line_1_10' title="bbox 130 1214 928 1291; baseline -0.003 -15"><span class='ocrx_word' id='word_1_37' title='bbox 130 1215 221 1276; x_wconf 90' lang='grc'><strong>61616</strong></span> <span class='ocrx_word' id='word_1_38' title='bbox 237 1214 490 1286; x_wconf 88' lang='grc'><strong>6666661666,</strong></span> <span class='ocrx_word' id='word_1_39' title='bbox 503 1215 700 1277; x_wconf 89' lang='lat' dir='ltr'><strong>auctoritate</strong></span> <span class='ocrx_word' id='word_1_40' title='bbox 716 1214 928 1291; x_wconf 83' lang='lat' dir='ltr'><strong>praesentium</strong></span> 
     </span>
     <span class='ocr_line' id='line_1_11' title="bbox 130 1308 929 1389; baseline -0.001 -17"><span class='ocrx_word' id='word_1_41' title='bbox 130 1311 316 1374; x_wconf 87' lang='lat' dir='ltr'><strong>districtius</strong></span> <span class='ocrx_word' id='word_1_42' title='bbox 335 1311 535 1384; x_wconf 86' lang='lat' dir='ltr'><strong>inhibentes,</strong></span> <span class='ocrx_word' id='word_1_43' title='bbox 552 1308 683 1389; x_wconf 88' lang='lat' dir='ltr'><strong>nequis</strong></span> <span class='ocrx_word' id='word_1_44' title='bbox 704 1312 740 1372; x_wconf 91' lang='lat' dir='ltr'><strong>in</strong></span> <span class='ocrx_word' id='word_1_45' title='bbox 754 1312 787 1373; x_wconf 87' lang='lat' dir='ltr'><strong>te</strong></span> <span class='ocrx_word' id='word_1_46' title='bbox 802 1313 929 1373; x_wconf 86' lang='grc'><strong>66166-</strong></span> 
     </span>
     <span class='ocr_line' id='line_1_12' title="bbox 129 1408 927 1486; baseline -0.001 -16"><span class='ocrx_word' id='word_1_47' title='bbox 129 1409 255 1486; x_wconf 90' lang='lat' dir='ltr'><strong>pellam</strong></span> <span class='ocrx_word' id='word_1_48' title='bbox 269 1410 360 1471; x_wconf 88' lang='lat' dir='ltr'><strong>tuam</strong></span> <span class='ocrx_word' id='word_1_49' title='bbox 376 1408 612 1471; x_wconf 89' lang='lat' dir='ltr'><strong>sinemandato</strong></span> <span class='ocrx_word' id='word_1_50' title='bbox 625 1408 927 1485; x_wconf 75' lang='lat' dir='ltr'><strong>sedisapostolicae</strong></span> 
     </span>
     <span class='ocr_line' id='line_1_13' title="bbox 129 1504 927 1585; baseline -0.003 -18"><span class='ocrx_word' id='word_1_51' title='bbox 129 1506 271 1585; x_wconf 85' lang='lat' dir='ltr'><strong>speciali</strong></span> <span class='ocrx_word' id='word_1_52' title='bbox 291 1506 656 1579; x_wconf 82' lang='lat' dir='ltr'><strong>excommunicationis,</strong></span> <span class='ocrx_word' id='word_1_53' title='bbox 681 1506 740 1568; x_wconf 91' lang='lat' dir='ltr'><strong>aut</strong></span> <span class='ocrx_word' id='word_1_54' title='bbox 759 1504 927 1567; x_wconf 83' lang='lat' dir='ltr'><strong>interdicti</strong></span> 
     </span>
     <span class='ocr_line' id='line_1_14' title="bbox 130 1603 927 1680; baseline -0.003 -15"><span class='ocrx_word' id='word_1_55' title='bbox 130 1604 316 1666; x_wconf 87' lang='lat' dir='ltr'><strong>sententias</strong></span> <span class='ocrx_word' id='word_1_56' title='bbox 342 1603 554 1680; x_wconf 79' lang='lat' dir='ltr'><strong>promulgare</strong></span> <span class='ocrx_word' id='word_1_57' title='bbox 578 1605 767 1680; x_wconf 87' lang='lat' dir='ltr'><strong>praesumat,</strong></span> <span class='ocrx_word' id='word_1_58' title='bbox 784 1619 878 1680; x_wconf 89' lang='lat' dir='ltr'><strong>quas,</strong></span> <span class='ocrx_word' id='word_1_59' title='bbox 899 1603 927 1663; x_wconf 92' lang='lat' dir='ltr'><strong>si</strong></span> 
     </span>
     <span class='ocr_line' id='line_1_15' title="bbox 128 1697 927 1778; baseline -0.001 -16"><span class='ocrx_word' id='word_1_60' title='bbox 128 1717 227 1763; x_wconf 89' lang='lat' dir='ltr'><strong>secus</strong></span> <span class='ocrx_word' id='word_1_61' title='bbox 256 1701 443 1777; x_wconf 82' lang='lat' dir='ltr'><strong>contigerit,</strong></span> <span class='ocrx_word' id='word_1_62' title='bbox 475 1697 690 1778; x_wconf 80' lang='lat' dir='ltr'><strong>promulgari,</strong></span> <span class='ocrx_word' id='word_1_63' title='bbox 717 1701 927 1762; x_wconf 88' lang='lat' dir='ltr'><strong>decernimus</strong></span> 
     </span>
     <span class='ocr_line' id='line_1_16' title="bbox 128 1798 927 1874; baseline -0.001 -14"><span class='ocrx_word' id='word_1_64' title='bbox 128 1815 197 1860; x_wconf 94' lang='lat' dir='ltr'><strong>non</strong></span> <span class='ocrx_word' id='word_1_65' title='bbox 220 1800 347 1860; x_wconf 89' lang='lat' dir='ltr'><strong>tenere.</strong></span> <span class='ocrx_word' id='word_1_66' title='bbox 376 1799 468 1859; x_wconf 90' lang='lat' dir='ltr'><strong>Nulli</strong></span> <span class='ocrx_word' id='word_1_67' title='bbox 493 1814 572 1874; x_wconf 79' lang='lat' dir='ltr'><strong>ergo</strong></span> <span class='ocrx_word' id='word_1_68' title='bbox 595 1800 731 1860; x_wconf 91' lang='lat' dir='ltr'><strong>omnino</strong></span> <span class='ocrx_word' id='word_1_69' title='bbox 755 1798 927 1860; x_wconf 85' lang='lat' dir='ltr'><strong>hominum</strong></span> 
     </span>
     <span class='ocr_line' id='line_1_17' title="bbox 126 1895 927 1974; baseline 0 -17"><span class='ocrx_word' id='word_1_70' title='bbox 126 1897 253 1959; x_wconf 81' lang='lat' dir='ltr'><strong>nostres</strong></span> <span class='ocrx_word' id='word_1_71' title='bbox 268 1897 483 1974; x_wconf 85' lang='lat' dir='ltr'><strong>protectionis</strong></span> <span class='ocrx_word' id='word_1_72' title='bbox 512 1897 546 1959; x_wconf 86' lang='grc'><strong>61</strong></span> <span class='ocrx_word' id='word_1_73' title='bbox 568 1895 789 1968; x_wconf 83' lang='grc'><strong>111161116616,</strong></span> <span class='ocrx_word' id='word_1_74' title='bbox 807 1898 882 1971; x_wconf 85' lang='grc'><strong>616.;</strong></span> <span class='ocrx_word' id='word_1_75' title='bbox 899 1895 927 1957; x_wconf 92' lang='grc'><strong>61</strong></span> 
     </span>
     <span class='ocr_line' id='line_1_18' title="bbox 127 1993 927 2078; baseline 0.001 -24"><span class='ocrx_word' id='word_1_76' title='bbox 127 1994 205 2071; x_wconf 89' lang='grc'><strong>6616</strong></span> <span class='ocrx_word' id='word_1_77' title='bbox 234 1996 357 2066; x_wconf 86' lang='grc'><strong>66166,</strong></span> <span class='ocrx_word' id='word_1_78' title='bbox 387 1995 450 2056; x_wconf 91' lang='lat' dir='ltr'><strong>etc</strong></span> <span class='ocrx_word' id='word_1_79' title='bbox 488 1994 606 2078; x_wconf 81' lang='lat' dir='ltr'><strong>Datum</strong></span> <span class='ocrx_word' id='word_1_80' title='bbox 631 1994 786 2056; x_wconf 82' lang='lat' dir='ltr'><strong>Laterani</strong></span> <span class='ocrx_word' id='word_1_81' title='bbox 812 1993 927 2070; x_wconf 89' lang='lat' dir='ltr'><strong>quinto</strong></span> 
     </span>
     <span class='ocr_line' id='line_1_19' title="bbox 127 2071 928 2201; baseline 0 -49"><span class='ocrx_word' id='word_1_82' title='bbox 127 2092 205 2152; x_wconf 88' lang='lat' dir='ltr'><strong>idus</strong></span> <span class='ocrx_word' id='word_1_83' title='bbox 231 2091 360 2168; x_wconf 86' lang='lat' dir='ltr'><strong>aprilis,</strong></span> <span class='ocrx_word' id='word_1_84' title='bbox 382 2071 594 2169; x_wconf 83' lang='lat' dir='ltr'><strong>pontificatus</strong></span> <span class='ocrx_word' id='word_1_85' title='bbox 617 2090 724 2201; x_wconf 91' lang='lat' dir='ltr'><strong>nostri</strong></span> <span class='ocrx_word' id='word_1_86' title='bbox 752 2105 840 2153; x_wconf 90' lang='grc'><strong>6666</strong></span> <span class='ocrx_word' id='word_1_87' title='bbox 873 2106 928 2152; x_wconf 92' lang='lat' dir='ltr'><strong>se-</strong></span> 
     </span>
     <span class='ocr_line' id='line_1_20' title="bbox 129 2189 251 2250; baseline 0.009 -1"><span class='ocrx_word' id='word_1_88' title='bbox 129 2189 251 2250; x_wconf 91' lang='lat' dir='ltr'><strong>cundo.</strong></span> 
     </span>
    </p>
   </div>
   <div class='ocr_carea' id='block_1_5' title="bbox 473 2313 635 2413">
    <p class='ocr_par' dir='ltr' id='par_1_5' title="bbox 473 2313 635 2413">
     <span class='ocr_line' id='line_1_21' title="bbox 473 2313 635 2413; baseline -0.012 -12"><span class='ocrx_word' id='word_1_89' title='bbox 473 2313 589 2401; x_wconf 78' lang='lat' dir='ltr'><strong>cxci</strong></span> <span class='ocrx_word' id='word_1_90' title='bbox 632 2408 635 2413; x_wconf 52' lang='grc'><strong>,</strong></span> 
     </span>
    </p>
   </div>
   <div class='ocr_carea' id='block_1_6' title="bbox 128 2448 928 2718">
    <p class='ocr_par' dir='ltr' id='par_1_6' title="bbox 128 2448 928 2718">
     <span class='ocr_line' id='line_1_22' title="bbox 128 2448 928 2510; baseline 0.003 -3"><span class='ocrx_word' id='word_1_91' title='bbox 128 2449 180 2509; x_wconf 85' lang='lat' dir='ltr'><strong>Ad</strong></span> <span class='ocrx_word' id='word_1_92' title='bbox 197 2448 336 2509; x_wconf 79' lang='lat' dir='ltr'><strong>annates</strong></span> <span class='ocrx_word' id='word_1_93' title='bbox 357 2450 398 2508; x_wconf 84' lang='lat' dir='ltr'><strong>de</strong></span> <span class='ocrx_word' id='word_1_94' title='bbox 418 2448 578 2509; x_wconf 80' lang='lat' dir='ltr'><strong>oratorio</strong></span> <span class='ocrx_word' id='word_1_95' title='bbox 595 2449 630 2510; x_wconf 85' lang='lat' dir='ltr'><strong>et</strong></span> <span class='ocrx_word' id='word_1_96' title='bbox 650 2450 691 2508; x_wconf 85' lang='lat' dir='ltr'><strong>de</strong></span> <span class='ocrx_word' id='word_1_97' title='bbox 704 2450 928 2509; x_wconf 78' lang='lat' dir='ltr'><strong>Bellabranca</strong></span> 
     </span>
     <span class='ocr_line' id='line_1_23' title="bbox 169 2544 928 2619; baseline 0.001 -13"><span class='ocrx_word' id='word_1_98' title='bbox 169 2547 430 2619; x_wconf 79' lang='lat' dir='ltr'><strong>Andepavensis</strong></span> <span class='ocrx_word' id='word_1_99' title='bbox 443 2547 599 2606; x_wconf 77' lang='lat' dir='ltr'><strong>dioecesis</strong></span> <span class='ocrx_word' id='word_1_100' title='bbox 608 2544 643 2605; x_wconf 86' lang='lat' dir='ltr'><strong>et</strong></span> <span class='ocrx_word' id='word_1_101' title='bbox 660 2547 928 2607; x_wconf 70' lang='lat' dir='ltr'><strong>cenomannensis</strong></span> 
     </span>
     <span class='ocr_line' id='line_1_24' title="bbox 167 2640 862 2718; baseline 0 -15"><span class='ocrx_word' id='word_1_102' title='bbox 167 2643 203 2703; x_wconf 88' lang='lat' dir='ltr'><strong>et</strong></span> <span class='ocrx_word' id='word_1_103' title='bbox 217 2645 262 2703; x_wconf 85' lang='lat' dir='ltr'><strong>ad</strong></span> <span class='ocrx_word' id='word_1_104' title='bbox 276 2642 557 2703; x_wconf 78' lang='lat' dir='ltr'><strong>archidiaconum</strong></span> <span class='ocrx_word' id='word_1_105' title='bbox 570 2640 862 2718; x_wconf 77' lang='lat' dir='ltr'><strong>Annapavensem.</strong></span> 
     </span>
    </p>
   </div>
   <div class='ocr_carea' id='block_1_7' title="bbox 151 2771 902 2945">
    <p class='ocr_par' dir='ltr' id='par_1_7' title="bbox 151 2771 902 2945">
     <span class='ocr_line' id='line_1_25' title="bbox 415 2771 643 2845; baseline 0.009 -17"><span class='ocrx_word' id='word_1_106' title='bbox 415 2772 449 2829; x_wconf 92' lang='grc'><strong>10</strong></span> <span class='ocrx_word' id='word_1_107' title='bbox 467 2772 547 2845; x_wconf 84' lang='lat' dir='ltr'><strong>april.</strong></span> <span class='ocrx_word' id='word_1_108' title='bbox 564 2771 643 2830; x_wconf 78' lang='grc'><strong>1118.</strong></span> 
     </span>
     <span class='ocr_line' id='line_1_26' title="bbox 151 2878 902 2945; baseline -0.001 -16"><span class='ocrx_word' id='word_1_109' title='bbox 151 2879 273 2944; x_wconf 67' lang='lat' dir='ltr'><strong>magoni„</strong></span> <span class='ocrx_word' id='word_1_110' title='bbox 283 2878 329 2929; x_wconf 88' lang='lat' dir='ltr'><strong>lib.</strong></span> <span class='ocrx_word' id='word_1_111' title='bbox 338 2878 370 2935; x_wconf 93' lang='lat' dir='ltr'><strong>ll,</strong></span> <span class='ocrx_word' id='word_1_112' title='bbox 383 2878 457 2943; x_wconf 86' lang='lat' dir='ltr'><strong>epist.</strong></span> <span class='ocrx_word' id='word_1_113' title='bbox 473 2878 614 2929; x_wconf 80' lang='grc'><strong>166666.</strong></span> <span class='ocrx_word' id='word_1_114' title='bbox 635 2879 746 2945; x_wconf 75' lang='lat' dir='ltr'><strong>Leporis</strong></span> <span class='ocrx_word' id='word_1_115' title='bbox 757 2879 792 2929; x_wconf 93' lang='grc'><strong>16</strong></span> <span class='ocrx_word' id='word_1_116' title='bbox 809 2879 902 2945; x_wconf 72' lang='lat' dir='ltr'><strong>rhein]</strong></span> 
     </span>
    </p>
   </div>
   <div class='ocr_carea' id='block_1_8' title="bbox 128 2973 926 3212">
    <p class='ocr_par' dir='ltr' id='par_1_8' title="bbox 128 2973 926 3212">
     <span class='ocr_line' id='line_1_27' title="bbox 128 2973 926 3050; baseline -0.004 -13"><span class='ocrx_word' id='word_1_117' title='bbox 128 2976 245 3037; x_wconf 85' lang='grc'><strong>1166161</strong></span> <span class='ocrx_word' id='word_1_118' title='bbox 259 2983 291 3033; x_wconf 90' lang='lat' dir='ltr'><strong>ut</strong></span> <span class='ocrx_word' id='word_1_119' title='bbox 315 2983 428 3050; x_wconf 77' lang='lat' dir='ltr'><strong>cogant</strong></span> <span class='ocrx_word' id='word_1_120' title='bbox 457 2974 492 3033; x_wconf 89' lang='lat' dir='ltr'><strong>ad</strong></span> <span class='ocrx_word' id='word_1_121' title='bbox 516 2973 749 3034; x_wconf 85' lang='lat' dir='ltr'><strong>emendationem</strong></span> <span class='ocrx_word' id='word_1_122' title='bbox 773 2975 926 3050; x_wconf 88' lang='lat' dir='ltr'><strong>quemdam</strong></span> 
     </span>
     <span class='ocr_line' id='line_1_28' title="bbox 162 3064 926 3139; baseline 0.001 -16"><span class='ocrx_word' id='word_1_123' title='bbox 162 3064 353 3134; x_wconf 86' lang='lat' dir='ltr'><strong>monachum,</strong></span> <span class='ocrx_word' id='word_1_124' title='bbox 372 3066 418 3123; x_wconf 89' lang='lat' dir='ltr'><strong>vel</strong></span> <span class='ocrx_word' id='word_1_125' title='bbox 432 3065 461 3121; x_wconf 93' lang='lat' dir='ltr'><strong>in</strong></span> <span class='ocrx_word' id='word_1_126' title='bbox 476 3065 606 3124; x_wconf 84' lang='lat' dir='ltr'><strong>arctioris</strong></span> <span class='ocrx_word' id='word_1_127' title='bbox 618 3065 768 3139; x_wconf 79' lang='lat' dir='ltr'><strong>religionis</strong></span> <span class='ocrx_word' id='word_1_128' title='bbox 779 3074 926 3124; x_wconf 88' lang='lat' dir='ltr'><strong>monaste·</strong></span> 
     </span>
     <span class='ocr_line' id='line_1_29' title="bbox 162 3151 504 3212; baseline -0.009 0"><span class='ocrx_word' id='word_1_129' title='bbox 162 3155 238 3212; x_wconf 87' lang='lat' dir='ltr'><strong>rium</strong></span> <span class='ocrx_word' id='word_1_130' title='bbox 249 3154 328 3211; x_wconf 91' lang='lat' dir='ltr'><strong>illum</strong></span> <span class='ocrx_word' id='word_1_131' title='bbox 342 3151 504 3211; x_wconf 86' lang='lat' dir='ltr'><strong>detrudent.</strong></span> 
     </span>
    </p>
   </div>
   <div class='ocr_carea' id='block_1_9' title="bbox 167 3270 928 3344">
    <p class='ocr_par' dir='ltr' id='par_1_9' title="bbox 167 3270 928 3344">
     <span class='ocr_line' id='line_1_30' title="bbox 167 3270 928 3344; baseline 0.001 -11"><span class='ocrx_word' id='word_1_132' title='bbox 167 3272 351 3344; x_wconf 87' lang='lat' dir='ltr'><strong>Honorius,</strong></span> <span class='ocrx_word' id='word_1_133' title='bbox 365 3271 442 3342; x_wconf 83' lang='lat' dir='ltr'><strong>etc,</strong></span> <span class='ocrx_word' id='word_1_134' title='bbox 464 3270 594 3333; x_wconf 91' lang='lat' dir='ltr'><strong>dilectis</strong></span> <span class='ocrx_word' id='word_1_135' title='bbox 615 3270 732 3333; x_wconf 82' lang='lat' dir='ltr'><strong>tiliis...</strong></span> <span class='ocrx_word' id='word_1_136' title='bbox 753 3271 794 3333; x_wconf 90' lang='grc'><strong>16</strong></span> <span class='ocrx_word' id='word_1_137' title='bbox 816 3272 928 3334; x_wconf 77' lang='lat' dir='ltr'><strong>Orate</strong></span> 
     </span>
    </p>
   </div>
   <div class='ocr_carea' id='block_1_10' title="bbox 758 272 1153 340">
    <p class='ocr_par' dir='ltr' id='par_1_10' title="bbox 758 272 1153 340">
     <span class='ocr_line' id='line_1_31' title="bbox 758 272 1153 340; baseline 0 -2"><span class='ocrx_word' id='word_1_138' title='bbox 758 272 986 339; x_wconf 80' lang='lat' dir='ltr'><strong>EPISTOLAE.</strong></span> <span class='ocrx_word' id='word_1_139' title='bbox 1010 278 1088 339; x_wconf 88' lang='lat' dir='ltr'><strong>LIB.</strong></span> <span class='ocrx_word' id='word_1_140' title='bbox 1113 275 1153 340; x_wconf 86' lang='lat'><strong>11.</strong></span> 
     </span>
    </p>
   </div>
   <div class='ocr_carea' id='block_1_11' title="bbox 1619 286 1781 369">
    <p class='ocr_par' dir='ltr' id='par_1_11' title="bbox 1619 286 1781 369">
     <span class='ocr_line' id='line_1_32' title="bbox 1619 286 1781 369; baseline 0 -25"><span class='ocrx_word' id='word_1_141' title='bbox 1619 364 1622 369; x_wconf 8' lang='lat' dir='ltr'>y</span> <span class='ocrx_word' id='word_1_142' title='bbox 1722 286 1781 345; x_wconf 87' lang='grc'><strong>666</strong></span> 
     </span>
    </p>
   </div>
   <div class='ocr_carea' id='block_1_12' title="bbox 983 437 1781 1086">
    <p class='ocr_par' dir='ltr' id='par_1_12' title="bbox 983 437 1781 1086">
     <span class='ocr_line' id='line_1_33' title="bbox 986 437 1781 516; baseline 0.006 -15"><span class='ocrx_word' id='word_1_143' title='bbox 986 454 1061 501; x_wconf 89' lang='lat' dir='ltr'><strong>nem</strong></span> <span class='ocrx_word' id='word_1_144' title='bbox 1087 452 1270 516; x_wconf 76' lang='lat' dir='ltr'><strong>congruam</strong></span> <span class='ocrx_word' id='word_1_145' title='bbox 1295 437 1527 515; x_wconf 90' lang='lat' dir='ltr'><strong>impendendo,</strong></span> <span class='ocrx_word' id='word_1_146' title='bbox 1553 456 1612 503; x_wconf 84' lang='lat' dir='ltr'><strong>vos</strong></span> <span class='ocrx_word' id='word_1_147' title='bbox 1636 442 1781 506; x_wconf 83' lang='lat' dir='ltr'><strong>extunc</strong></span> 
     </span>
     <span class='ocr_line' id='line_1_34' title="bbox 986 536 1779 616; baseline 0.005 -19"><span class='ocrx_word' id='word_1_148' title='bbox 986 549 1061 597; x_wconf 89' lang='lat' dir='ltr'><strong>eum</strong></span> <span class='ocrx_word' id='word_1_149' title='bbox 1074 552 1093 597; x_wconf 92' lang='lat' dir='ltr'><strong>a</strong></span> <span class='ocrx_word' id='word_1_150' title='bbox 1105 536 1305 599; x_wconf 89' lang='lat' dir='ltr'><strong>monasterio</strong></span> <span class='ocrx_word' id='word_1_151' title='bbox 1313 538 1521 599; x_wconf 89' lang='lat' dir='ltr'><strong>removentes</strong></span> <span class='ocrx_word' id='word_1_152' title='bbox 1532 538 1658 608; x_wconf 92' lang='lat' dir='ltr'><strong>eodem,</strong></span> <span class='ocrx_word' id='word_1_153' title='bbox 1670 539 1779 616; x_wconf 91' lang='lat' dir='ltr'><strong>ipsum</strong></span> 
     </span>
     <span class='ocr_line' id='line_1_35' title="bbox 985 633 1781 713; baseline 0.005 -19"><span class='ocrx_word' id='word_1_154' title='bbox 985 634 1020 695; x_wconf 92' lang='lat' dir='ltr'><strong>in</strong></span> <span class='ocrx_word' id='word_1_155' title='bbox 1033 634 1186 696; x_wconf 88' lang='lat' dir='ltr'><strong>arctioris</strong></span> <span class='ocrx_word' id='word_1_156' title='bbox 1201 633 1373 710; x_wconf 81' lang='lat' dir='ltr'><strong>religionis</strong></span> <span class='ocrx_word' id='word_1_157' title='bbox 1386 634 1625 696; x_wconf 90' lang='lat' dir='ltr'><strong>monasterium</strong></span> <span class='ocrx_word' id='word_1_158' title='bbox 1636 636 1693 697; x_wconf 88' lang='lat' dir='ltr'><strong>ubi</strong></span> <span class='ocrx_word' id='word_1_159' title='bbox 1702 638 1781 713; x_wconf 84' lang='lat' dir='ltr'><strong>agat</strong></span> 
     </span>
     <span class='ocr_line' id='line_1_36' title="bbox 984 731 1779 808; baseline 0.005 -17"><span class='ocrx_word' id='word_1_160' title='bbox 984 731 1020 791; x_wconf 92' lang='lat' dir='ltr'><strong>in</strong></span> <span class='ocrx_word' id='word_1_161' title='bbox 1052 731 1273 795; x_wconf 85' lang='lat' dir='ltr'><strong>amaritudine</strong></span> <span class='ocrx_word' id='word_1_162' title='bbox 1288 731 1393 792; x_wconf 89' lang='lat' dir='ltr'><strong>animi</strong></span> <span class='ocrx_word' id='word_1_163' title='bbox 1414 732 1642 808; x_wconf 89' lang='lat' dir='ltr'><strong>poenitentiam</strong></span> <span class='ocrx_word' id='word_1_164' title='bbox 1665 735 1779 795; x_wconf 86' lang='lat' dir='ltr'><strong>retru-</strong></span> 
     </span>
     <span class='ocr_line' id='line_1_37' title="bbox 985 826 1778 902; baseline 0.004 -15"><span class='ocrx_word' id='word_1_165' title='bbox 985 826 1111 890; x_wconf 88' lang='lat' dir='ltr'><strong>dentes.</strong></span> <span class='ocrx_word' id='word_1_166' title='bbox 1130 828 1267 902; x_wconf 88' lang='lat' dir='ltr'><strong>Quodsi</strong></span> <span class='ocrx_word' id='word_1_167' title='bbox 1290 843 1356 889; x_wconf 90' lang='lat' dir='ltr'><strong>non</strong></span> <span class='ocrx_word' id='word_1_168' title='bbox 1372 844 1496 902; x_wconf 90' lang='lat' dir='ltr'><strong>omnes,</strong></span> <span class='ocrx_word' id='word_1_169' title='bbox 1523 830 1598 902; x_wconf 83' lang='grc'><strong>616,</strong></span> <span class='ocrx_word' id='word_1_170' title='bbox 1618 829 1683 890; x_wconf 92' lang='grc'><strong>166</strong></span> <span class='ocrx_word' id='word_1_171' title='bbox 1697 846 1778 892; x_wconf 88' lang='lat' dir='ltr'><strong>ves-</strong></span> 
     </span>
     <span class='ocr_line' id='line_1_38' title="bbox 983 925 1780 1006; baseline 0.004 -20"><span class='ocrx_word' id='word_1_172' title='bbox 983 927 1081 998; x_wconf 89' lang='lat' dir='ltr'><strong>trum,</strong></span> <span class='ocrx_word' id='word_1_173' title='bbox 1098 926 1286 988; x_wconf 80' lang='lat' dir='ltr'><strong>etaDatum</strong></span> <span class='ocrx_word' id='word_1_174' title='bbox 1297 925 1454 988; x_wconf 86' lang='lat' dir='ltr'><strong>Laterani</strong></span> <span class='ocrx_word' id='word_1_175' title='bbox 1468 928 1585 1006; x_wconf 88' lang='lat' dir='ltr'><strong>quarte</strong></span> <span class='ocrx_word' id='word_1_176' title='bbox 1599 926 1674 988; x_wconf 89' lang='lat' dir='ltr'><strong>idus</strong></span> <span class='ocrx_word' id='word_1_177' title='bbox 1688 929 1780 1006; x_wconf 89' lang='lat' dir='ltr'><strong>apri-</strong></span> 
     </span>
     <span class='ocr_line' id='line_1_39' title="bbox 983 1022 1296 1086; baseline 0.003 -3"><span class='ocrx_word' id='word_1_178' title='bbox 983 1022 1026 1084; x_wconf 88' lang='lat' dir='ltr'><strong>lis</strong></span> <span class='ocrx_word' id='word_1_179' title='bbox 1036 1038 1124 1084; x_wconf 88' lang='grc'><strong>6666</strong></span> <span class='ocrx_word' id='word_1_180' title='bbox 1140 1023 1296 1086; x_wconf 88' lang='grc'><strong>6666616.</strong></span> 
     </span>
    </p>
   </div>
   <div class='ocr_carea' id='block_1_13' title="bbox 1261 1165 1448 1252">
    <p class='ocr_par' dir='ltr' id='par_1_13' title="bbox 1261 1165 1448 1252">
     <span class='ocr_line' id='line_1_40' title="bbox 1261 1165 1448 1252; baseline -0.005 0"><span class='ocrx_word' id='word_1_181' title='bbox 1261 1208 1266 1215; x_wconf 89' lang='lat'><strong>·</strong></span> <span class='ocrx_word' id='word_1_182' title='bbox 1311 1165 1448 1252; x_wconf 79' lang='lat' dir='ltr'>CXCII</span> 
     </span>
    </p>
   </div>
   <div class='ocr_carea' id='block_1_14' title="bbox 1011 1300 1749 1681">
    <p class='ocr_par' dir='ltr' id='par_1_14' title="bbox 1011 1300 1749 1681">
     <span class='ocr_line' id='line_1_41' title="bbox 1022 1300 1739 1375; baseline 0.001 -17"><span class='ocrx_word' id='word_1_183' title='bbox 1022 1300 1075 1358; x_wconf 80' lang='lat' dir='ltr'><strong>Act</strong></span> <span class='ocrx_word' id='word_1_184' title='bbox 1088 1301 1345 1375; x_wconf 83' lang='lat' dir='ltr'><strong>Berenpnrtem</strong></span> <span class='ocrx_word' id='word_1_185' title='bbox 1361 1301 1536 1372; x_wconf 80' lang='grc'><strong>6666666</strong></span> <span class='ocrx_word' id='word_1_186' title='bbox 1549 1302 1739 1375; x_wconf 72' lang='lat' dir='ltr'><strong>Araplornrn</strong></span> 
     </span>
     <span class='ocr_line' id='line_1_42' title="bbox 1294 1398 1465 1472; baseline 0 -16"><span class='ocrx_word' id='word_1_187' title='bbox 1294 1398 1465 1472; x_wconf 78' lang='lat' dir='ltr'><strong>rapinam.</strong></span> 
     </span>
     <span class='ocr_line' id='line_1_43' title="bbox 1262 1508 1497 1582; baseline 0 -16"><span class='ocrx_word' id='word_1_188' title='bbox 1262 1509 1297 1566; x_wconf 86' lang='grc'><strong>10</strong></span> <span class='ocrx_word' id='word_1_189' title='bbox 1315 1508 1395 1582; x_wconf 85' lang='lat' dir='ltr'><strong>april.</strong></span> <span class='ocrx_word' id='word_1_190' title='bbox 1417 1509 1497 1566; x_wconf 79' lang='grc'><strong>1118.</strong></span> 
     </span>
     <span class='ocr_line' id='line_1_44' title="bbox 1011 1613 1749 1681; baseline -0.001 -16"><span class='ocrx_word' id='word_1_191' title='bbox 1011 1614 1131 1679; x_wconf 74' lang='grc'><strong>11166661,</strong></span> <span class='ocrx_word' id='word_1_192' title='bbox 1144 1613 1190 1664; x_wconf 92' lang='lat' dir='ltr'><strong>lib.</strong></span> <span class='ocrx_word' id='word_1_193' title='bbox 1203 1613 1236 1673; x_wconf 88' lang='lat'><strong>11,</strong></span> <span class='ocrx_word' id='word_1_194' title='bbox 1248 1614 1321 1678; x_wconf 85' lang='lat' dir='ltr'><strong>epist.</strong></span> <span class='ocrx_word' id='word_1_195' title='bbox 1335 1613 1405 1665; x_wconf 73' lang='grc'><strong>10111.</strong></span> <span class='ocrx_word' id='word_1_196' title='bbox 1419 1615 1475 1664; x_wconf 81' lang='lat' dir='ltr'><strong>iles.</strong></span> <span class='ocrx_word' id='word_1_197' title='bbox 1488 1613 1599 1679; x_wconf 86' lang='lat' dir='ltr'><strong>Lapcrte</strong></span> <span class='ocrx_word' id='word_1_198' title='bbox 1608 1615 1644 1665; x_wconf 93' lang='grc'><strong>16</strong></span> <span class='ocrx_word' id='word_1_199' title='bbox 1655 1614 1749 1681; x_wconf 83' lang='lat' dir='ltr'><strong>Theil.]</strong></span> 
     </span>
    </p>
   </div>
   <div class='ocr_carea' id='block_1_15' title="bbox 981 1710 1813 1963">
    <p class='ocr_par' dir='ltr' id='par_1_15' title="bbox 981 1710 1813 1963">
     <span class='ocr_line' id='line_1_45' title="bbox 981 1710 1775 1771; baseline 0 -1"><span class='ocrx_word' id='word_1_200' title='bbox 981 1713 1096 1771; x_wconf 85' lang='lat' dir='ltr'><strong>Nullam</strong></span> <span class='ocrx_word' id='word_1_201' title='bbox 1111 1710 1237 1769; x_wconf 88' lang='lat' dir='ltr'><strong>declarat</strong></span> <span class='ocrx_word' id='word_1_202' title='bbox 1257 1712 1582 1770; x_wconf 84' lang='lat' dir='ltr'><strong>excommunicationem</strong></span> <span class='ocrx_word' id='word_1_203' title='bbox 1604 1711 1775 1770; x_wconf 85' lang='grc'><strong>16166666·</strong></span> 
     </span>
     <span class='ocr_line' id='line_1_46' title="bbox 1017 1799 1813 1874; baseline 0.001 -15"><span class='ocrx_word' id='word_1_204' title='bbox 1017 1808 1060 1859; x_wconf 85' lang='lat' dir='ltr'><strong>tra</strong></span> <span class='ocrx_word' id='word_1_205' title='bbox 1075 1799 1180 1859; x_wconf 85' lang='lat' dir='ltr'><strong>laicum</strong></span> <span class='ocrx_word' id='word_1_206' title='bbox 1199 1814 1349 1874; x_wconf 88' lang='lat' dir='ltr'><strong>epersona</strong></span> <span class='ocrx_word' id='word_1_207' title='bbox 1360 1800 1639 1873; x_wconf 77' lang='lat' dir='ltr'><strong>ecclesiastioajmta</strong></span> <span class='ocrx_word' id='word_1_208' title='bbox 1654 1815 1776 1860; x_wconf 86' lang='lat' dir='ltr'><strong>eonsue-</strong></span> <span class='ocrx_word' id='word_1_209' title='bbox 1810 1836 1813 1842; x_wconf 59' lang='lat'><em>&gt;</em></span> 
     </span>
     <span class='ocr_line' id='line_1_47' title="bbox 1018 1888 1722 1963; baseline -0.003 -16"><span class='ocrx_word' id='word_1_210' title='bbox 1018 1888 1145 1948; x_wconf 85' lang='lat' dir='ltr'><strong>tudinem</strong></span> <span class='ocrx_word' id='word_1_211' title='bbox 1160 1891 1190 1948; x_wconf 91' lang='lat' dir='ltr'><strong>in</strong></span> <span class='ocrx_word' id='word_1_212' title='bbox 1202 1890 1324 1948; x_wconf 87' lang='lat' dir='ltr'><strong>eeclesia</strong></span> <span class='ocrx_word' id='word_1_213' title='bbox 1339 1888 1550 1948; x_wconf 81' lang='lat' dir='ltr'><strong>cenomanensi</strong></span> <span class='ocrx_word' id='word_1_214' title='bbox 1565 1890 1722 1963; x_wconf 83' lang='lat' dir='ltr'><strong>vigentem.</strong></span> 
     </span>
    </p>
   </div>
   <div class='ocr_carea' id='block_1_16' title="bbox 979 2004 1776 2079">
    <p class='ocr_par' dir='ltr' id='par_1_16' title="bbox 979 2004 1776 2079">
     <span class='ocr_line' id='line_1_48' title="bbox 979 2004 1776 2079; baseline -0.003 -11"><span class='ocrx_word' id='word_1_215' title='bbox 979 2034 982 2039; x_wconf 40' lang='lat'>¹</span> <span class='ocrx_word' id='word_1_216' title='bbox 1021 2007 1201 2079; x_wconf 85' lang='lat' dir='ltr'><strong>Honorius,</strong></span> <span class='ocrx_word' id='word_1_217' title='bbox 1218 2007 1294 2079; x_wconf 72' lang='lat' dir='ltr'><strong>etc„</strong></span> <span class='ocrx_word' id='word_1_218' title='bbox 1310 2004 1517 2067; x_wconf 70' lang='lat' dir='ltr'><strong>charissima</strong></span> <span class='ocrx_word' id='word_1_219' title='bbox 1531 2005 1567 2066; x_wconf 89' lang='lat' dir='ltr'><strong>in</strong></span> <span class='ocrx_word' id='word_1_220' title='bbox 1582 2005 1713 2067; x_wconf 85' lang='lat' dir='ltr'><strong>Christo</strong></span> <span class='ocrx_word' id='word_1_221' title='bbox 1730 2004 1776 2066; x_wconf 86' lang='lat' dir='ltr'><strong>n-</strong></span> 
     </span>
    </p>
   </div>
   <div class='ocr_carea' id='block_1_17' title="bbox 982 2102 1895 2181">
    <p class='ocr_par' dir='ltr' id='par_1_17' title="bbox 982 2102 1895 2181">
     <span class='ocr_line' id='line_1_49' title="bbox 982 2102 1895 2181; baseline -0.003 -16"><span class='ocrx_word' id='word_1_222' title='bbox 982 2104 1036 2165; x_wconf 90' lang='lat' dir='ltr'><strong>liae</strong></span> <span class='ocrx_word' id='word_1_223' title='bbox 1049 2105 1261 2181; x_wconf 79' lang='lat' dir='ltr'><strong>Borangariae</strong></span> <span class='ocrx_word' id='word_1_224' title='bbox 1272 2103 1438 2181; x_wconf 89' lang='lat' dir='ltr'><strong>quondam</strong></span> <span class='ocrx_word' id='word_1_225' title='bbox 1453 2103 1579 2179; x_wconf 81' lang='lat' dir='ltr'><strong>reginae</strong></span> <span class='ocrx_word' id='word_1_226' title='bbox 1593 2102 1775 2179; x_wconf 67' lang='lat' dir='ltr'><strong>anglorum</strong></span> <span class='ocrx_word' id='word_1_227' title='bbox 1891 2158 1895 2162; x_wconf 85' lang='lat'>.</span> 
     </span>
    </p>
   </div>
   <div class='ocr_carea' id='block_1_18' title="bbox 981 2200 1193 2275">
    <p class='ocr_par' dir='ltr' id='par_1_18' title="bbox 981 2200 1193 2275">
     <span class='ocr_line' id='line_1_50' title="bbox 981 2200 1193 2275; baseline 0.005 -12"><span class='ocrx_word' id='word_1_228' title='bbox 981 2200 1116 2275; x_wconf 88' lang='lat' dir='ltr'><strong>illustri,</strong></span> <span class='ocrx_word' id='word_1_229' title='bbox 1130 2204 1193 2264; x_wconf 88' lang='lat' dir='ltr'><strong>etc</strong></span> 
     </span>
    </p>
   </div>
   <div class='ocr_carea' id='block_1_19' title="bbox 982 2296 1776 2471">
    <p class='ocr_par' dir='ltr' id='par_1_19' title="bbox 982 2296 1775 2471">
     <span class='ocr_line' id='line_1_51' title="bbox 1022 2296 1775 2378; baseline -0.003 -16"><span class='ocrx_word' id='word_1_230' title='bbox 1022 2300 1072 2362; x_wconf 82' lang='lat' dir='ltr'><strong>Ex</strong></span> <span class='ocrx_word' id='word_1_231' title='bbox 1084 2300 1178 2378; x_wconf 89' lang='lat' dir='ltr'><strong>parte</strong></span> <span class='ocrx_word' id='word_1_232' title='bbox 1187 2301 1244 2363; x_wconf 91' lang='lat' dir='ltr'><strong>tua</strong></span> <span class='ocrx_word' id='word_1_233' title='bbox 1254 2298 1318 2361; x_wconf 85' lang='grc'><strong>1111</strong></span> <span class='ocrx_word' id='word_1_234' title='bbox 1326 2298 1530 2378; x_wconf 84' lang='lat' dir='ltr'><strong>propositum</strong></span> <span class='ocrx_word' id='word_1_235' title='bbox 1541 2312 1653 2360; x_wconf 88' lang='lat' dir='ltr'><strong>coram</strong></span> <span class='ocrx_word' id='word_1_236' title='bbox 1668 2296 1775 2370; x_wconf 87' lang='lat' dir='ltr'><strong>nohis,</strong></span> 
     </span>
     <span class='ocr_line' id='line_1_52' title="bbox 982 2391 1776 2471; baseline -0.001 -17"><span class='ocrx_word' id='word_1_237' title='bbox 982 2393 1154 2470; x_wconf 89' lang='lat' dir='ltr'><strong>quodcum</strong></span> <span class='ocrx_word' id='word_1_238' title='bbox 1169 2393 1355 2471; x_wconf 87' lang='lat' dir='ltr'><strong>episcopus,</strong></span> <span class='ocrx_word' id='word_1_239' title='bbox 1379 2393 1535 2464; x_wconf 80' lang='lat' dir='ltr'><strong>decenne,</strong></span> <span class='ocrx_word' id='word_1_240' title='bbox 1561 2391 1776 2453; x_wconf 89' lang='lat' dir='ltr'><strong>archidiaco-</strong></span> 
     </span>
    </p>
   </div>
   <div class='ocr_carea' id='block_1_20' title="bbox 981 2490 1779 3348">
    <p class='ocr_par' dir='ltr' id='par_1_20' title="bbox 981 2490 1779 3348">
     <span class='ocr_line' id='line_1_53' title="bbox 982 2490 1779 2567; baseline -0.005 -14"><span class='ocrx_word' id='word_1_241' title='bbox 982 2508 1056 2564; x_wconf 90' lang='grc'><strong>666,</strong></span> <span class='ocrx_word' id='word_1_242' title='bbox 1090 2491 1123 2553; x_wconf 90' lang='grc'><strong>61</strong></span> <span class='ocrx_word' id='word_1_243' title='bbox 1148 2491 1330 2567; x_wconf 87' lang='lat' dir='ltr'><strong>capitulum</strong></span> <span class='ocrx_word' id='word_1_244' title='bbox 1356 2493 1577 2551; x_wconf 83' lang='lat' dir='ltr'><strong>cenomanen.</strong></span> <span class='ocrx_word' id='word_1_245' title='bbox 1605 2490 1668 2550; x_wconf 89' lang='lat' dir='ltr'><strong>hoc</strong></span> <span class='ocrx_word' id='word_1_246' title='bbox 1703 2504 1779 2550; x_wconf 92' lang='lat' dir='ltr'><strong>esse</strong></span> 
     </span>
     <span class='ocr_line' id='line_1_54' title="bbox 981 2587 1776 2651; baseline -0.003 -1"><span class='ocrx_word' id='word_1_247' title='bbox 981 2590 1022 2650; x_wconf 95' lang='lat' dir='ltr'><strong>de</strong></span> <span class='ocrx_word' id='word_1_248' title='bbox 1055 2589 1295 2651; x_wconf 89' lang='lat' dir='ltr'><strong>consuetudine</strong></span> <span class='ocrx_word' id='word_1_249' title='bbox 1332 2588 1592 2649; x_wconf 82' lang='lat' dir='ltr'><strong>Cenomanensis</strong></span> <span class='ocrx_word' id='word_1_250' title='bbox 1624 2587 1776 2648; x_wconf 78' lang='lat' dir='ltr'><strong>ecclesiae</strong></span> 
     </span>
     <span class='ocr_line' id='line_1_55' title="bbox 981 2683 1778 2764; baseline -0.004 -17"><span class='ocrx_word' id='word_1_251' title='bbox 981 2686 1143 2758; x_wconf 88' lang='lat' dir='ltr'><strong>asserant,</strong></span> <span class='ocrx_word' id='word_1_252' title='bbox 1165 2685 1250 2764; x_wconf 93' lang='lat' dir='ltr'><strong>quod</strong></span> <span class='ocrx_word' id='word_1_253' title='bbox 1275 2685 1305 2747; x_wconf 89' lang='lat' dir='ltr'><strong>si</strong></span> <span class='ocrx_word' id='word_1_254' title='bbox 1322 2700 1464 2762; x_wconf 92' lang='lat' dir='ltr'><strong>persona</strong></span> <span class='ocrx_word' id='word_1_255' title='bbox 1477 2683 1707 2745; x_wconf 89' lang='lat' dir='ltr'><strong>ecclesiastica</strong></span> <span class='ocrx_word' id='word_1_256' title='bbox 1725 2700 1778 2744; x_wconf 91' lang='lat' dir='ltr'><strong>su·</strong></span> 
     </span>
     <span class='ocr_line' id='line_1_56' title="bbox 981 2781 1778 2860; baseline -0.008 -16"><span class='ocrx_word' id='word_1_257' title='bbox 981 2799 1042 2860; x_wconf 89' lang='lat' dir='ltr'><strong>per</strong></span> <span class='ocrx_word' id='word_1_258' title='bbox 1065 2797 1270 2860; x_wconf 89' lang='lat' dir='ltr'><strong>quacumque</strong></span> <span class='ocrx_word' id='word_1_259' title='bbox 1287 2797 1324 2844; x_wconf 92' lang='lat' dir='ltr'><strong>re</strong></span> <span class='ocrx_word' id='word_1_260' title='bbox 1343 2781 1466 2842; x_wconf 89' lang='lat' dir='ltr'><strong>laicum</strong></span> <span class='ocrx_word' id='word_1_261' title='bbox 1481 2794 1679 2857; x_wconf 87' lang='lat' dir='ltr'><strong>quemquam</strong></span> <span class='ocrx_word' id='word_1_262' title='bbox 1694 2793 1778 2839; x_wconf 91' lang='lat' dir='ltr'><strong>con·</strong></span> 
     </span>
     <span class='ocr_line' id='line_1_57' title="bbox 981 2876 1778 2956; baseline -0.008 -13"><span class='ocrx_word' id='word_1_263' title='bbox 981 2881 1104 2954; x_wconf 84' lang='lat' dir='ltr'><strong>veniat,</strong></span> <span class='ocrx_word' id='word_1_264' title='bbox 1121 2882 1154 2942; x_wconf 89' lang='lat' dir='ltr'><strong>et</strong></span> <span class='ocrx_word' id='word_1_265' title='bbox 1175 2896 1212 2941; x_wconf 93' lang='lat' dir='ltr'><strong>se</strong></span> <span class='ocrx_word' id='word_1_266' title='bbox 1229 2879 1404 2956; x_wconf 89' lang='lat' dir='ltr'><strong>spoliatam</strong></span> <span class='ocrx_word' id='word_1_267' title='bbox 1422 2878 1482 2938; x_wconf 89' lang='lat' dir='ltr'><strong>illa</strong></span> <span class='ocrx_word' id='word_1_268' title='bbox 1506 2877 1678 2956; x_wconf 89' lang='lat' dir='ltr'><strong>proponat,</strong></span> <span class='ocrx_word' id='word_1_269' title='bbox 1701 2876 1778 2938; x_wconf 86' lang='lat' dir='ltr'><strong>ante</strong></span> 
     </span>
     <span class='ocr_line' id='line_1_58' title="bbox 982 2971 1777 3055; baseline -0.01 -15"><span class='ocrx_word' id='word_1_270' title='bbox 982 2979 1050 3041; x_wconf 88' lang='lat' dir='ltr'><strong>litis</strong></span> <span class='ocrx_word' id='word_1_271' title='bbox 1064 2978 1262 3055; x_wconf 79' lang='lat' dir='ltr'><strong>ingressum,</strong></span> <span class='ocrx_word' id='word_1_272' title='bbox 1279 2976 1352 3037; x_wconf 89' lang='lat' dir='ltr'><strong>sine</strong></span> <span class='ocrx_word' id='word_1_273' title='bbox 1371 2975 1561 3052; x_wconf 84' lang='lat' dir='ltr'><strong>cognitione</strong></span> <span class='ocrx_word' id='word_1_274' title='bbox 1574 2973 1699 3050; x_wconf 91' lang='lat' dir='ltr'><strong>aliqua,</strong></span> <span class='ocrx_word' id='word_1_275' title='bbox 1716 2971 1777 3033; x_wconf 91' lang='lat' dir='ltr'><strong>de-</strong></span> 
     </span>
     <span class='ocr_line' id='line_1_59' title="bbox 981 3070 1776 3148; baseline -0.01 -11"><span class='ocrx_word' id='word_1_276' title='bbox 981 3076 1037 3138; x_wconf 90' lang='lat' dir='ltr'><strong>bet</strong></span> <span class='ocrx_word' id='word_1_277' title='bbox 1061 3075 1209 3148; x_wconf 88' lang='lat' dir='ltr'><strong>restitui,</strong></span> <span class='ocrx_word' id='word_1_278' title='bbox 1236 3075 1271 3137; x_wconf 97' lang='grc'><strong>61</strong></span> <span class='ocrx_word' id='word_1_279' title='bbox 1297 3073 1347 3135; x_wconf 89' lang='lat' dir='ltr'><strong>rei</strong></span> <span class='ocrx_word' id='word_1_280' title='bbox 1374 3072 1530 3148; x_wconf 84' lang='lat' dir='ltr'><strong>litigiosae</strong></span> <span class='ocrx_word' id='word_1_281' title='bbox 1563 3070 1776 3148; x_wconf 89' lang='lat' dir='ltr'><strong>possessione</strong></span> 
     </span>
     <span class='ocr_line' id='line_1_60' title="bbox 981 3166 1778 3250; baseline -0.01 -15"><span class='ocrx_word' id='word_1_282' title='bbox 981 3173 1139 3250; x_wconf 81' lang='lat' dir='ltr'><strong>gaudere,</strong></span> <span class='ocrx_word' id='word_1_283' title='bbox 1162 3171 1363 3248; x_wconf 81' lang='lat' dir='ltr'><strong>allegatione</strong></span> <span class='ocrx_word' id='word_1_284' title='bbox 1384 3170 1497 3246; x_wconf 89' lang='lat' dir='ltr'><strong>aliqua</strong></span> <span class='ocrx_word' id='word_1_285' title='bbox 1518 3167 1597 3230; x_wconf 89' lang='lat' dir='ltr'><strong>laici</strong></span> <span class='ocrx_word' id='word_1_286' title='bbox 1620 3166 1778 3229; x_wconf 90' lang='lat' dir='ltr'><strong>nonobs-</strong></span> 
     </span>
     <span class='ocr_line' id='line_1_61' title="bbox 981 3265 1775 3348; baseline -0.011 -15"><span class='ocrx_word' id='word_1_287' title='bbox 981 3273 1084 3340; x_wconf 86' lang='lat' dir='ltr'><strong>tante,</strong></span> <span class='ocrx_word' id='word_1_288' title='bbox 1097 3286 1138 3333; x_wconf 87' lang='lat' dir='ltr'><strong>ac</strong></span> <span class='ocrx_word' id='word_1_289' title='bbox 1154 3286 1242 3348; x_wconf 88' lang='lat' dir='ltr'><strong>saepe</strong></span> <span class='ocrx_word' id='word_1_290' title='bbox 1254 3268 1435 3344; x_wconf 81' lang='lat' dir='ltr'><strong>contingat,</strong></span> <span class='ocrx_word' id='word_1_291' title='bbox 1445 3267 1531 3344; x_wconf 92' lang='grc'><strong>6661</strong></span> <span class='ocrx_word' id='word_1_292' title='bbox 1540 3282 1615 3328; x_wconf 88' lang='grc'><strong>666</strong></span> <span class='ocrx_word' id='word_1_293' title='bbox 1624 3267 1660 3326; x_wconf 89' lang='grc'><strong>16</strong></span> <span class='ocrx_word' id='word_1_294' title='bbox 1670 3265 1775 3326; x_wconf 89' lang='lat' dir='ltr'><strong>uteris</strong></span> 
     </span>
    </p>
   </div>
   <div class='ocr_carea' id='block_1_21' title="bbox 128 3362 1777 3447">
    <p class='ocr_par' dir='ltr' id='par_1_21' title="bbox 128 3362 1777 3447">
     <span class='ocr_line' id='line_1_62' title="bbox 128 3362 1777 3447; baseline -0.002 -18"><span class='ocrx_word' id='word_1_295' title='bbox 128 3370 179 3430; x_wconf 92' lang='lat' dir='ltr'><strong>rio</strong></span> <span class='ocrx_word' id='word_1_296' title='bbox 194 3368 284 3431; x_wconf 91' lang='lat' dir='ltr'><strong>etde</strong></span> <span class='ocrx_word' id='word_1_297' title='bbox 298 3367 701 3430; x_wconf 89' lang='lat' dir='ltr'><strong>Bellabrancaahbatibus</strong></span> <span class='ocrx_word' id='word_1_298' title='bbox 714 3368 925 3445; x_wconf 81' lang='lat' dir='ltr'><strong>Andegaven.</strong></span> <span class='ocrx_word' id='word_1_299' title='bbox 979 3372 1055 3447; x_wconf 87' lang='lat' dir='ltr'><strong>jure</strong></span> <span class='ocrx_word' id='word_1_300' title='bbox 1065 3365 1266 3444; x_wconf 89' lang='lat' dir='ltr'><strong>tuo,aliqnid</strong></span> <span class='ocrx_word' id='word_1_301' title='bbox 1277 3365 1380 3442; x_wconf 88' lang='lat' dir='ltr'><strong>capis,</strong></span> <span class='ocrx_word' id='word_1_302' title='bbox 1392 3364 1446 3427; x_wconf 83' lang='lat' dir='ltr'><strong>vel</strong></span> <span class='ocrx_word' id='word_1_303' title='bbox 1456 3362 1584 3426; x_wconf 88' lang='lat' dir='ltr'><strong>detines</strong></span> <span class='ocrx_word' id='word_1_304' title='bbox 1599 3377 1701 3438; x_wconf 89' lang='lat' dir='ltr'><strong>snper</strong></span> <span class='ocrx_word' id='word_1_305' title='bbox 1712 3377 1777 3438; x_wconf 91' lang='lat' dir='ltr'><strong>quo</strong></span> 
     </span>
    </p>
   </div>
   <div class='ocr_carea' id='block_1_22' title="bbox 124 3464 930 3930">
    <p class='ocr_par' dir='ltr' id='par_1_22' title="bbox 124 3464 928 3640">
     <span class='ocr_line' id='line_1_63' title="bbox 124 3464 928 3539; baseline -0.002 -11"><span class='ocrx_word' id='word_1_306' title='bbox 124 3470 160 3529; x_wconf 90' lang='grc'><strong>61</strong></span> <span class='ocrx_word' id='word_1_307' title='bbox 174 3468 399 3528; x_wconf 82' lang='lat' dir='ltr'><strong>cenomanen.</strong></span> <span class='ocrx_word' id='word_1_308' title='bbox 416 3465 526 3539; x_wconf 80' lang='lat' dir='ltr'><strong>dimo,</strong></span> <span class='ocrx_word' id='word_1_309' title='bbox 550 3466 583 3527; x_wconf 87' lang='lat' dir='ltr'><strong>et</strong></span> <span class='ocrx_word' id='word_1_310' title='bbox 600 3464 836 3527; x_wconf 90' lang='lat' dir='ltr'><strong>archidiacono</strong></span> <span class='ocrx_word' id='word_1_311' title='bbox 854 3468 928 3527; x_wconf 82' lang='lat' dir='ltr'><strong>An-</strong></span> 
     </span>
     <span class='ocr_line' id='line_1_64' title="bbox 130 3564 324 3640; baseline -0.005 -15"><span class='ocrx_word' id='word_1_312' title='bbox 130 3564 293 3640; x_wconf 72' lang='grc'><strong>16661666.</strong></span> <span class='ocrx_word' id='word_1_313' title='bbox 321 3580 324 3585; x_wconf 96' lang='grc'><strong><em>·</em></strong></span> 
     </span>
    </p>

    <p class='ocr_par' dir='ltr' id='par_1_23' title="bbox 127 3658 930 3930">
     <span class='ocr_line' id='line_1_65' title="bbox 168 3658 926 3744; baseline -0.005 -22"><span class='ocrx_word' id='word_1_314' title='bbox 168 3662 238 3723; x_wconf 86' lang='lat' dir='ltr'><strong>Sua</strong></span> <span class='ocrx_word' id='word_1_315' title='bbox 265 3659 361 3722; x_wconf 90' lang='lat' dir='ltr'><strong>nobis</strong></span> <span class='ocrx_word' id='word_1_316' title='bbox 381 3659 573 3735; x_wconf 79' lang='lat' dir='ltr'><strong>Burgalien.</strong></span> <span class='ocrx_word' id='word_1_317' title='bbox 594 3658 696 3721; x_wconf 87' lang='lat' dir='ltr'><strong>abbas</strong></span> <span class='ocrx_word' id='word_1_318' title='bbox 714 3658 926 3744; x_wconf 71' lang='lat' dir='ltr'><strong>andegaven.</strong></span> 
     </span>
     <span class='ocr_line' id='line_1_66' title="bbox 128 3755 926 3833; baseline -0.005 -13"><span class='ocrx_word' id='word_1_319' title='bbox 128 3757 284 3820; x_wconf 86' lang='lat' dir='ltr'><strong>dioecesis</strong></span> <span class='ocrx_word' id='word_1_320' title='bbox 305 3756 532 3819; x_wconf 89' lang='lat' dir='ltr'><strong>insinuatione</strong></span> <span class='ocrx_word' id='word_1_321' title='bbox 551 3757 760 3828; x_wconf 84' lang='lat' dir='ltr'><strong>monstravit,</strong></span> <span class='ocrx_word' id='word_1_322' title='bbox 778 3755 864 3833; x_wconf 93' lang='lat' dir='ltr'><strong>quod</strong></span> <span class='ocrx_word' id='word_1_323' title='bbox 888 3759 926 3817; x_wconf 78' lang='lat' dir='ltr'><strong>G.</strong></span> 
     </span>
     <span class='ocr_line' id='line_1_67' title="bbox 127 3852 930 3930; baseline -0.004 -15"><span class='ocrx_word' id='word_1_324' title='bbox 127 3855 325 3917; x_wconf 82' lang='lat' dir='ltr'><strong>monasterii</strong></span> <span class='ocrx_word' id='word_1_325' title='bbox 336 3855 389 3915; x_wconf 89' lang='lat' dir='ltr'><strong>sui</strong></span> <span class='ocrx_word' id='word_1_326' title='bbox 398 3854 581 3916; x_wconf 89' lang='lat' dir='ltr'><strong>monachus</strong></span> <span class='ocrx_word' id='word_1_327' title='bbox 589 3869 650 3930; x_wconf 91' lang='lat' dir='ltr'><strong>per</strong></span> <span class='ocrx_word' id='word_1_328' title='bbox 663 3852 930 3930; x_wconf 86' lang='lat' dir='ltr'><strong>vitaeturpitudi-</strong></span> 
     </span>
    </p>
   </div>
   <div class='ocr_carea' id='block_1_23' title="bbox 982 3459 1778 3929">
    <p class='ocr_par' dir='ltr' id='par_1_24' title="bbox 982 3459 1778 3929">
     <span class='ocr_line' id='line_1_68' title="bbox 982 3459 1777 3539; baseline -0.01 -13"><span class='ocrx_word' id='word_1_329' title='bbox 982 3465 1042 3527; x_wconf 90' lang='lat' dir='ltr'><strong>tibi</strong></span> <span class='ocrx_word' id='word_1_330' title='bbox 1057 3464 1190 3525; x_wconf 82' lang='lat' dir='ltr'><strong>movent</strong></span> <span class='ocrx_word' id='word_1_331' title='bbox 1213 3463 1279 3539; x_wconf 92' lang='lat' dir='ltr'><strong>ipsi</strong></span> <span class='ocrx_word' id='word_1_332' title='bbox 1297 3461 1351 3522; x_wconf 83' lang='lat' dir='ltr'><strong>rel</strong></span> <span class='ocrx_word' id='word_1_333' title='bbox 1376 3460 1489 3536; x_wconf 88' lang='lat' dir='ltr'><strong>aliqua</strong></span> <span class='ocrx_word' id='word_1_334' title='bbox 1503 3474 1645 3535; x_wconf 88' lang='lat' dir='ltr'><strong>persona</strong></span> <span class='ocrx_word' id='word_1_335' title='bbox 1667 3459 1777 3519; x_wconf 88' lang='lat' dir='ltr'><strong>ecole-</strong></span> 
     </span>
     <span class='ocr_line' id='line_1_69' title="bbox 983 3554 1774 3637; baseline -0.01 -15"><span class='ocrx_word' id='word_1_336' title='bbox 983 3561 1120 3624; x_wconf 88' lang='lat' dir='ltr'><strong>siastica</strong></span> <span class='ocrx_word' id='word_1_337' title='bbox 1133 3560 1361 3637; x_wconf 69' lang='lat' dir='ltr'><strong>questionem,</strong></span> <span class='ocrx_word' id='word_1_338' title='bbox 1383 3555 1495 3626; x_wconf 89' lang='lat' dir='ltr'><strong>iidem,</strong></span> <span class='ocrx_word' id='word_1_339' title='bbox 1512 3556 1564 3616; x_wconf 87' lang='lat' dir='ltr'><strong>vel</strong></span> <span class='ocrx_word' id='word_1_340' title='bbox 1579 3569 1694 3616; x_wconf 90' lang='lat' dir='ltr'><strong>eorum</strong></span> <span class='ocrx_word' id='word_1_341' title='bbox 1706 3554 1774 3615; x_wconf 89' lang='lat' dir='ltr'><strong>ali-</strong></span> 
     </span>
     <span class='ocr_line' id='line_1_70' title="bbox 983 3650 1777 3737; baseline -0.009 -18"><span class='ocrx_word' id='word_1_342' title='bbox 983 3660 1051 3737; x_wconf 89' lang='lat' dir='ltr'><strong>qui,</strong></span> <span class='ocrx_word' id='word_1_343' title='bbox 1070 3657 1136 3719; x_wconf 91' lang='lat' dir='ltr'><strong>nisi</strong></span> <span class='ocrx_word' id='word_1_344' title='bbox 1155 3656 1253 3735; x_wconf 81' lang='lat' dir='ltr'><strong>juxta</strong></span> <span class='ocrx_word' id='word_1_345' title='bbox 1276 3654 1399 3717; x_wconf 86' lang='lat' dir='ltr'><strong>dictam</strong></span> <span class='ocrx_word' id='word_1_346' title='bbox 1417 3650 1691 3714; x_wconf 88' lang='lat' dir='ltr'><strong>consuetudinem</strong></span> <span class='ocrx_word' id='word_1_347' title='bbox 1713 3650 1777 3713; x_wconf 90' lang='lat' dir='ltr'><strong>ad-</strong></span> 
     </span>
     <span class='ocr_line' id='line_1_71' title="bbox 982 3749 1776 3833; baseline -0.013 -16"><span class='ocrx_word' id='word_1_348' title='bbox 982 3756 1133 3818; x_wconf 82' lang='lat' dir='ltr'><strong>versario</strong></span> <span class='ocrx_word' id='word_1_349' title='bbox 1152 3754 1262 3833; x_wconf 88' lang='lat' dir='ltr'><strong>petitae</strong></span> <span class='ocrx_word' id='word_1_350' title='bbox 1277 3752 1328 3813; x_wconf 93' lang='lat' dir='ltr'><strong>rei</strong></span> <span class='ocrx_word' id='word_1_351' title='bbox 1349 3750 1595 3828; x_wconf 88' lang='lat' dir='ltr'><strong>possessionem</strong></span> <span class='ocrx_word' id='word_1_352' title='bbox 1614 3749 1776 3823; x_wconf 81' lang='lat' dir='ltr'><strong>assignes,</strong></span> 
     </span>
     <span class='ocr_line' id='line_1_72' title="bbox 982 3842 1778 3929; baseline -0.015 -14"><span class='ocrx_word' id='word_1_353' title='bbox 982 3854 1061 3916; x_wconf 91' lang='lat' dir='ltr'><strong>licet</strong></span> <span class='ocrx_word' id='word_1_354' title='bbox 1082 3850 1296 3929; x_wconf 87' lang='lat' dir='ltr'><strong>conquerenti</strong></span> <span class='ocrx_word' id='word_1_355' title='bbox 1323 3851 1357 3911; x_wconf 91' lang='lat' dir='ltr'><strong>te</strong></span> <span class='ocrx_word' id='word_1_356' title='bbox 1385 3846 1518 3918; x_wconf 85' lang='lat' dir='ltr'><strong>offeras,</strong></span> <span class='ocrx_word' id='word_1_357' title='bbox 1545 3842 1603 3906; x_wconf 89' lang='lat' dir='ltr'><strong>ubi</strong></span> <span class='ocrx_word' id='word_1_358' title='bbox 1624 3843 1778 3905; x_wconf 89' lang='lat' dir='ltr'><strong>debueris</strong></span> 
     </span>
    </p>
   </div>
   <div class='ocr_carea' id='block_1_24' title="bbox 125 3941 1828 5688">
    <p class='ocr_par' dir='ltr' id='par_1_25' title="bbox 125 3941 1828 5688">
     <span class='ocr_line' id='line_1_73' title="bbox 130 3941 1777 4025; baseline -0.008 -12"><span class='ocrx_word' id='word_1_359' title='bbox 130 3952 265 4024; x_wconf 87' lang='lat' dir='ltr'><strong>nem,et</strong></span> <span class='ocrx_word' id='word_1_360' title='bbox 275 3951 498 4013; x_wconf 85' lang='lat' dir='ltr'><strong>inhonestatis</strong></span> <span class='ocrx_word' id='word_1_361' title='bbox 508 3950 647 4013; x_wconf 88' lang='lat' dir='ltr'><strong>abusum</strong></span> <span class='ocrx_word' id='word_1_362' title='bbox 662 3951 745 4013; x_wconf 90' lang='grc'><strong>6166</strong></span> <span class='ocrx_word' id='word_1_363' title='bbox 760 3949 867 4011; x_wconf 83' lang='lat' dir='ltr'><strong>lactus</strong></span> <span class='ocrx_word' id='word_1_364' title='bbox 878 3953 929 4012; x_wconf 92' lang='lat' dir='ltr'><strong>est</strong></span> <span class='ocrx_word' id='word_1_365' title='bbox 983 3950 1206 4013; x_wconf 82' lang='lat' dir='ltr'><strong>exhibituram</strong></span> <span class='ocrx_word' id='word_1_366' title='bbox 1230 3946 1372 4025; x_wconf 75' lang='lat' dir='ltr'><strong>iustitiae</strong></span> <span class='ocrx_word' id='word_1_367' title='bbox 1397 3943 1684 4019; x_wconf 88' lang='lat' dir='ltr'><strong>complementum,</strong></span> <span class='ocrx_word' id='word_1_368' title='bbox 1712 3941 1777 4001; x_wconf 87' lang='lat' dir='ltr'><strong>tuis</strong></span> 
     </span>
     <span class='ocr_line' id='line_1_74' title="bbox 128 4037 1775 4126; baseline -0.009 -15"><span class='ocrx_word' id='word_1_369' title='bbox 128 4048 392 4126; x_wconf 86' lang='lat' dir='ltr'><strong>contemptibilis</strong></span> <span class='ocrx_word' id='word_1_370' title='bbox 405 4051 438 4109; x_wconf 90' lang='lat' dir='ltr'><strong>et</strong></span> <span class='ocrx_word' id='word_1_371' title='bbox 451 4048 596 4121; x_wconf 85' lang='lat' dir='ltr'><strong>infamis,</strong></span> <span class='ocrx_word' id='word_1_372' title='bbox 607 4047 693 4125; x_wconf 90' lang='lat' dir='ltr'><strong>quod</strong></span> <span class='ocrx_word' id='word_1_373' title='bbox 704 4063 764 4124; x_wconf 91' lang='lat' dir='ltr'><strong>per</strong></span> <span class='ocrx_word' id='word_1_374' title='bbox 775 4062 850 4108; x_wconf 90' lang='lat' dir='ltr'><strong>eum</strong></span> <span class='ocrx_word' id='word_1_375' title='bbox 861 4060 928 4109; x_wconf 90' lang='lat' dir='ltr'><strong>non</strong></span> <span class='ocrx_word' id='word_1_376' title='bbox 982 4047 1167 4110; x_wconf 86' lang='lat' dir='ltr'><strong>rationibus</strong></span> <span class='ocrx_word' id='word_1_377' title='bbox 1182 4061 1249 4107; x_wconf 92' lang='lat' dir='ltr'><strong>non</strong></span> <span class='ocrx_word' id='word_1_378' title='bbox 1260 4041 1426 4113; x_wconf 87' lang='lat' dir='ltr'><strong>admissis,</strong></span> <span class='ocrx_word' id='word_1_379' title='bbox 1441 4040 1476 4101; x_wconf 93' lang='grc'><strong>16</strong></span> <span class='ocrx_word' id='word_1_380' title='bbox 1487 4040 1532 4110; x_wconf 90' lang='grc'><strong>16,</strong></span> <span class='ocrx_word' id='word_1_381' title='bbox 1543 4038 1597 4100; x_wconf 76' lang='lat' dir='ltr'><strong>vel</strong></span> <span class='ocrx_word' id='word_1_382' title='bbox 1612 4037 1775 4109; x_wconf 90' lang='lat' dir='ltr'><strong>homines,</strong></span> 
     </span>
     <span class='ocr_line' id='line_1_75' title="bbox 128 4134 1778 4222; baseline -0.01 -14"><span class='ocrx_word' id='word_1_383' title='bbox 128 4147 238 4209; x_wconf 90' lang='lat' dir='ltr'><strong>solum</strong></span> <span class='ocrx_word' id='word_1_384' title='bbox 244 4145 818 4222; x_wconf 80' lang='lat' dir='ltr'><strong>Burgalien.monasteriurn,verum</strong></span> <span class='ocrx_word' id='word_1_385' title='bbox 828 4146 927 4207; x_wconf 90' lang='lat' dir='ltr'><strong>etiam</strong></span> <span class='ocrx_word' id='word_1_386' title='bbox 982 4147 1034 4208; x_wconf 85' lang='lat' dir='ltr'><strong>vel</strong></span> <span class='ocrx_word' id='word_1_387' title='bbox 1049 4147 1173 4207; x_wconf 90' lang='lat' dir='ltr'><strong>terram</strong></span> <span class='ocrx_word' id='word_1_388' title='bbox 1187 4144 1279 4206; x_wconf 89' lang='lat' dir='ltr'><strong>tuam</strong></span> <span class='ocrx_word' id='word_1_389' title='bbox 1292 4135 1657 4204; x_wconf 83' lang='lat' dir='ltr'><strong>excommunicationis,</strong></span> <span class='ocrx_word' id='word_1_390' title='bbox 1672 4134 1705 4194; x_wconf 92' lang='lat' dir='ltr'><strong>et</strong></span> <span class='ocrx_word' id='word_1_391' title='bbox 1720 4134 1778 4194; x_wconf 91' lang='lat' dir='ltr'><strong>in-</strong></span> 
     </span>
     <span class='ocr_line' id='line_1_76' title="bbox 127 4232 1777 4315; baseline -0.01 -7"><span class='ocrx_word' id='word_1_392' title='bbox 127 4245 217 4308; x_wconf 86' lang='grc'><strong>16166</strong></span> <span class='ocrx_word' id='word_1_393' title='bbox 244 4243 325 4305; x_wconf 91' lang='lat' dir='ltr'><strong>ordo</strong></span> <span class='ocrx_word' id='word_1_394' title='bbox 346 4243 578 4315; x_wconf 88' lang='lat' dir='ltr'><strong>contemnitur,</strong></span> <span class='ocrx_word' id='word_1_395' title='bbox 602 4243 635 4305; x_wconf 91' lang='lat' dir='ltr'><strong>et</strong></span> <span class='ocrx_word' id='word_1_396' title='bbox 659 4243 759 4303; x_wconf 90' lang='lat' dir='ltr'><strong>etiam</strong></span> <span class='ocrx_word' id='word_1_397' title='bbox 784 4242 929 4313; x_wconf 85' lang='grc'><strong>161666-</strong></span> <span class='ocrx_word' id='word_1_398' title='bbox 981 4243 1113 4306; x_wconf 86' lang='lat' dir='ltr'><strong>terdicti</strong></span> <span class='ocrx_word' id='word_1_399' title='bbox 1127 4240 1310 4302; x_wconf 90' lang='lat' dir='ltr'><strong>sententias</strong></span> <span class='ocrx_word' id='word_1_400' title='bbox 1331 4236 1543 4314; x_wconf 81' lang='lat' dir='ltr'><strong>promulgare</strong></span> <span class='ocrx_word' id='word_1_401' title='bbox 1562 4232 1777 4310; x_wconf 83' lang='lat' dir='ltr'><strong>praesnmunt</strong></span> 
     </span>
     <span class='ocr_line' id='line_1_77' title="bbox 127 4328 1779 4419; baseline -0.008 -16"><span class='ocrx_word' id='word_1_402' title='bbox 127 4347 200 4417; x_wconf 69' lang='lat' dir='ltr'><strong>tur,</strong></span> <span class='ocrx_word' id='word_1_403' title='bbox 224 4342 281 4419; x_wconf 90' lang='lat' dir='ltr'><strong>qui</strong></span> <span class='ocrx_word' id='word_1_404' title='bbox 296 4340 472 4418; x_wconf 90' lang='lat' dir='ltr'><strong>multiplici</strong></span> <span class='ocrx_word' id='word_1_405' title='bbox 484 4340 827 4415; x_wconf 82' lang='lat' dir='ltr'><strong>excommunicatione</strong></span> <span class='ocrx_word' id='word_1_406' title='bbox 842 4340 929 4415; x_wconf 80' lang='lat' dir='ltr'><strong>liga·</strong></span> <span class='ocrx_word' id='word_1_407' title='bbox 982 4344 1063 4402; x_wconf 89' lang='lat' dir='ltr'><strong>Cum</strong></span> <span class='ocrx_word' id='word_1_408' title='bbox 1077 4339 1181 4416; x_wconf 83' lang='lat' dir='ltr'><strong>igitur</strong></span> <span class='ocrx_word' id='word_1_409' title='bbox 1199 4335 1390 4415; x_wconf 77' lang='lat' dir='ltr'><strong>liuJusmodi</strong></span> <span class='ocrx_word' id='word_1_410' title='bbox 1409 4329 1614 4396; x_wconf 90' lang='grc'><strong>6666661616</strong></span> <span class='ocrx_word' id='word_1_411' title='bbox 1633 4328 1699 4390; x_wconf 89' lang='grc'><strong>1161</strong></span> <span class='ocrx_word' id='word_1_412' title='bbox 1718 4328 1779 4390; x_wconf 93' lang='lat' dir='ltr'><strong>de-</strong></span> 
     </span>
     <span class='ocr_line' id='line_1_78' title="bbox 127 4425 1779 4515; baseline -0.009 -13"><span class='ocrx_word' id='word_1_413' title='bbox 127 4443 195 4513; x_wconf 84' lang='lat' dir='ltr'><strong>tus,</strong></span> <span class='ocrx_word' id='word_1_414' title='bbox 213 4437 592 4501; x_wconf 84' lang='lat' dir='ltr'><strong>excommunicationem</strong></span> <span class='ocrx_word' id='word_1_415' title='bbox 612 4441 683 4515; x_wconf 88' lang='lat' dir='ltr'><strong>jam</strong></span> <span class='ocrx_word' id='word_1_416' title='bbox 698 4437 768 4499; x_wconf 86' lang='lat' dir='ltr'><strong>lere</strong></span> <span class='ocrx_word' id='word_1_417' title='bbox 786 4439 928 4515; x_wconf 82' lang='lat' dir='ltr'><strong>perires</strong></span> <span class='ocrx_word' id='word_1_418' title='bbox 982 4438 1058 4500; x_wconf 86' lang='lat' dir='ltr'><strong>beat</strong></span> <span class='ocrx_word' id='word_1_419' title='bbox 1072 4436 1182 4515; x_wconf 91' lang='lat' dir='ltr'><strong>potius</strong></span> <span class='ocrx_word' id='word_1_420' title='bbox 1206 4433 1410 4511; x_wconf 88' lang='lat' dir='ltr'><strong>corruptela,</strong></span> <span class='ocrx_word' id='word_1_421' title='bbox 1432 4446 1472 4492; x_wconf 92' lang='lat' dir='ltr'><strong>eo</strong></span> <span class='ocrx_word' id='word_1_422' title='bbox 1496 4427 1582 4506; x_wconf 91' lang='lat' dir='ltr'><strong>quod</strong></span> <span class='ocrx_word' id='word_1_423' title='bbox 1603 4425 1779 4489; x_wconf 84' lang='lat' dir='ltr'><strong>manifeste</strong></span> 
     </span>
     <span class='ocr_line' id='line_1_79' title="bbox 125 4523 1778 4613; baseline -0.01 -15"><span class='ocrx_word' id='word_1_424' title='bbox 125 4533 927 4598; x_wconf 88' lang='lat' dir='ltr'><strong>annossustinuitcontumacitercontemnensad</strong></span> <span class='ocrx_word' id='word_1_425' title='bbox 982 4535 1174 4613; x_wconf 89' lang='lat' dir='ltr'><strong>obviatjuri</strong></span> <span class='ocrx_word' id='word_1_426' title='bbox 1196 4534 1331 4610; x_wconf 89' lang='lat' dir='ltr'><strong>scripto,</strong></span> <span class='ocrx_word' id='word_1_427' title='bbox 1354 4532 1388 4592; x_wconf 93' lang='grc'><strong>61</strong></span> <span class='ocrx_word' id='word_1_428' title='bbox 1409 4528 1538 4590; x_wconf 89' lang='lat' dir='ltr'><strong>nonsit</strong></span> <span class='ocrx_word' id='word_1_429' title='bbox 1560 4523 1778 4586; x_wconf 81' lang='grc'><strong>6611111616-</strong></span> 
     </span>
     <span class='ocr_line' id='line_1_80' title="bbox 128 4620 1772 4713; baseline -0.011 -17"><span class='ocrx_word' id='word_1_430' title='bbox 128 4634 375 4713; x_wconf 88' lang='lat' dir='ltr'><strong>eorreptionem</strong></span> <span class='ocrx_word' id='word_1_431' title='bbox 388 4632 515 4695; x_wconf 85' lang='lat' dir='ltr'><strong>inflecti</strong></span> <span class='ocrx_word' id='word_1_432' title='bbox 527 4633 561 4694; x_wconf 94' lang='lat' dir='ltr'><strong>et</strong></span> <span class='ocrx_word' id='word_1_433' title='bbox 578 4631 691 4693; x_wconf 86' lang='lat' dir='ltr'><strong>subire</strong></span> <span class='ocrx_word' id='word_1_434' title='bbox 712 4632 839 4694; x_wconf 90' lang='lat' dir='ltr'><strong>ordinis</strong></span> <span class='ocrx_word' id='word_1_435' title='bbox 855 4631 927 4692; x_wconf 91' lang='lat' dir='ltr'><strong>dis·</strong></span> <span class='ocrx_word' id='word_1_436' title='bbox 982 4629 1363 4705; x_wconf 85' lang='lat' dir='ltr'><strong>minumindulgendum,</strong></span> <span class='ocrx_word' id='word_1_437' title='bbox 1373 4626 1429 4687; x_wconf 91' lang='lat' dir='ltr'><strong>sed</strong></span> <span class='ocrx_word' id='word_1_438' title='bbox 1442 4624 1550 4702; x_wconf 90' lang='lat' dir='ltr'><strong>potius</strong></span> <span class='ocrx_word' id='word_1_439' title='bbox 1560 4620 1772 4689; x_wconf 80' lang='lat' dir='ltr'><strong>obviandum,</strong></span> 
     </span>
     <span class='ocr_line' id='line_1_81' title="bbox 129 4715 1780 4810; baseline -0.013 -15"><span class='ocrx_word' id='word_1_440' title='bbox 129 4733 305 4810; x_wconf 87' lang='lat' dir='ltr'><strong>ciplinam;</strong></span> <span class='ocrx_word' id='word_1_441' title='bbox 331 4730 435 4792; x_wconf 88' lang='lat' dir='ltr'><strong>libros</strong></span> <span class='ocrx_word' id='word_1_442' title='bbox 462 4746 592 4809; x_wconf 92' lang='grc'><strong>666666</strong></span> <span class='ocrx_word' id='word_1_443' title='bbox 610 4730 717 4807; x_wconf 91' lang='lat' dir='ltr'><strong>ipsius</strong></span> <span class='ocrx_word' id='word_1_444' title='bbox 734 4728 928 4792; x_wconf 91' lang='lat' dir='ltr'><strong>monasterii</strong></span> <span class='ocrx_word' id='word_1_445' title='bbox 983 4729 1149 4792; x_wconf 82' lang='lat' dir='ltr'><strong>devotioni</strong></span> <span class='ocrx_word' id='word_1_446' title='bbox 1160 4730 1226 4790; x_wconf 88' lang='grc'><strong>1666</strong></span> <span class='ocrx_word' id='word_1_447' title='bbox 1236 4724 1434 4787; x_wconf 88' lang='lat' dir='ltr'><strong>auctoritate</strong></span> <span class='ocrx_word' id='word_1_448' title='bbox 1445 4719 1660 4797; x_wconf 89' lang='lat' dir='ltr'><strong>praesentium</strong></span> <span class='ocrx_word' id='word_1_449' title='bbox 1671 4715 1780 4776; x_wconf 91' lang='lat' dir='ltr'><strong>indul-</strong></span> 
     </span>
     <span class='ocr_line' id='line_1_82' title="bbox 127 4812 1828 4906; baseline -0.012 -15"><span class='ocrx_word' id='word_1_450' title='bbox 127 4828 281 4891; x_wconf 85' lang='lat' dir='ltr'><strong>vendidit</strong></span> <span class='ocrx_word' id='word_1_451' title='bbox 306 4833 428 4906; x_wconf 81' lang='lat' dir='ltr'><strong>praeter</strong></span> <span class='ocrx_word' id='word_1_452' title='bbox 461 4829 514 4889; x_wconf 90' lang='lat' dir='ltr'><strong>sui</strong></span> <span class='ocrx_word' id='word_1_453' title='bbox 546 4828 683 4905; x_wconf 90' lang='lat' dir='ltr'><strong>capituli</strong></span> <span class='ocrx_word' id='word_1_454' title='bbox 711 4827 926 4898; x_wconf 86' lang='lat' dir='ltr'><strong>voluntatem,</strong></span> <span class='ocrx_word' id='word_1_455' title='bbox 982 4844 1110 4905; x_wconf 75' lang='lat' dir='ltr'><strong>gemus,</strong></span> <span class='ocrx_word' id='word_1_456' title='bbox 1124 4827 1160 4887; x_wconf 91' lang='grc'><strong>61</strong></span> <span class='ocrx_word' id='word_1_457' title='bbox 1173 4812 1776 4897; x_wconf 68' lang='grc'><strong>611616111666666666616666666661,</strong></span> <span class='ocrx_word' id='word_1_458' title='bbox 1814 4880 1828 4901; x_wconf 72' lang='lat'><strong>,</strong></span> 
     </span>
     <span class='ocr_line' id='line_1_83' title="bbox 128 4909 1778 5003; baseline -0.013 -14"><span class='ocrx_word' id='word_1_459' title='bbox 128 4928 216 4989; x_wconf 88' lang='lat' dir='ltr'><strong>alias</strong></span> <span class='ocrx_word' id='word_1_460' title='bbox 252 4927 361 5003; x_wconf 86' lang='lat' dir='ltr'><strong>ipsum</strong></span> <span class='ocrx_word' id='word_1_461' title='bbox 396 4927 636 4987; x_wconf 89' lang='lat' dir='ltr'><strong>monasterium</strong></span> <span class='ocrx_word' id='word_1_462' title='bbox 662 4925 792 4987; x_wconf 89' lang='lat' dir='ltr'><strong>damnis</strong></span> <span class='ocrx_word' id='word_1_463' title='bbox 821 4925 929 5003; x_wconf 91' lang='lat' dir='ltr'><strong>pluri·</strong></span> <span class='ocrx_word' id='word_1_464' title='bbox 983 4926 1086 4986; x_wconf 89' lang='lat' dir='ltr'><strong>libere</strong></span> <span class='ocrx_word' id='word_1_465' title='bbox 1099 4922 1159 4986; x_wconf 89' lang='lat' dir='ltr'><strong>tibi</strong></span> <span class='ocrx_word' id='word_1_466' title='bbox 1175 4921 1274 4982; x_wconf 89' lang='lat' dir='ltr'><strong>liceat</strong></span> <span class='ocrx_word' id='word_1_467' title='bbox 1290 4918 1407 4979; x_wconf 89' lang='lat' dir='ltr'><strong>Sedem</strong></span> <span class='ocrx_word' id='word_1_468' title='bbox 1420 4913 1643 4992; x_wconf 73' lang='lat' dir='ltr'><strong>apostolicam</strong></span> <span class='ocrx_word' id='word_1_469' title='bbox 1658 4909 1778 4987; x_wconf 89' lang='lat' dir='ltr'><strong>appel-</strong></span> 
     </span>
     <span class='ocr_line' id='line_1_84' title="bbox 128 5008 1775 5101; baseline -0.012 -15"><span class='ocrx_word' id='word_1_470' title='bbox 128 5026 194 5086; x_wconf 91' lang='lat' dir='ltr'><strong>mis</strong></span> <span class='ocrx_word' id='word_1_471' title='bbox 209 5023 433 5101; x_wconf 79' lang='lat' dir='ltr'><strong>aggravando.</strong></span> <span class='ocrx_word' id='word_1_472' title='bbox 458 5024 538 5084; x_wconf 87' lang='lat' dir='ltr'><strong>Cum</strong></span> <span class='ocrx_word' id='word_1_473' title='bbox 557 5022 660 5098; x_wconf 78' lang='lat' dir='ltr'><strong>igitur</strong></span> <span class='ocrx_word' id='word_1_474' title='bbox 677 5023 749 5084; x_wconf 87' lang='lat' dir='ltr'><strong>haec</strong></span> <span class='ocrx_word' id='word_1_475' title='bbox 775 5022 929 5084; x_wconf 89' lang='lat' dir='ltr'><strong>nolumus</strong></span> <span class='ocrx_word' id='word_1_476' title='bbox 982 5024 1071 5098; x_wconf 87' lang='lat' dir='ltr'><strong>lare;</strong></span> <span class='ocrx_word' id='word_1_477' title='bbox 1088 5020 1173 5098; x_wconf 93' lang='lat' dir='ltr'><strong>quod</strong></span> <span class='ocrx_word' id='word_1_478' title='bbox 1197 5019 1225 5079; x_wconf 92' lang='lat' dir='ltr'><strong>si</strong></span> <span class='ocrx_word' id='word_1_479' title='bbox 1242 5017 1417 5094; x_wconf 89' lang='lat' dir='ltr'><strong>quisquam</strong></span> <span class='ocrx_word' id='word_1_480' title='bbox 1430 5013 1504 5090; x_wconf 88' lang='lat' dir='ltr'><strong>post</strong></span> <span class='ocrx_word' id='word_1_481' title='bbox 1518 5008 1775 5088; x_wconf 89' lang='lat' dir='ltr'><strong>appellationem</strong></span> 
     </span>
     <span class='ocr_line' id='line_1_85' title="bbox 130 5106 1781 5198; baseline -0.013 -13"><span class='ocrx_word' id='word_1_482' title='bbox 130 5123 192 5185; x_wconf 88' lang='lat' dir='ltr'><strong>suh</strong></span> <span class='ocrx_word' id='word_1_483' title='bbox 207 5121 638 5189; x_wconf 88' lang='lat' dir='ltr'><strong>dissimulationetransire,</strong></span> <span class='ocrx_word' id='word_1_484' title='bbox 647 5120 839 5182; x_wconf 89' lang='lat' dir='ltr'><strong>discretioni</strong></span> <span class='ocrx_word' id='word_1_485' title='bbox 850 5135 929 5181; x_wconf 88' lang='lat' dir='ltr'><strong>ves·</strong></span> <span class='ocrx_word' id='word_1_486' title='bbox 983 5122 1039 5198; x_wconf 86' lang='lat' dir='ltr'><strong>huj</strong></span> <span class='ocrx_word' id='word_1_487' title='bbox 1044 5115 1171 5179; x_wconf 85' lang='lat' dir='ltr'><strong>asmodi</strong></span> <span class='ocrx_word' id='word_1_488' title='bbox 1186 5115 1227 5195; x_wconf 87' lang='grc'><strong>61</strong></span> <span class='ocrx_word' id='word_1_489' title='bbox 1244 5113 1362 5176; x_wconf 82' lang='lat' dir='ltr'><strong>sedem</strong></span> <span class='ocrx_word' id='word_1_490' title='bbox 1385 5108 1609 5189; x_wconf 71' lang='lat' dir='ltr'><strong>apostolicam</strong></span> <span class='ocrx_word' id='word_1_491' title='bbox 1633 5106 1781 5181; x_wconf 90' lang='lat' dir='ltr'><strong>interpo-</strong></span> 
     </span>
     <span class='ocr_line' id='line_1_86' title="bbox 131 5204 1780 5296; baseline -0.014 -13"><span class='ocrx_word' id='word_1_492' title='bbox 131 5224 192 5284; x_wconf 87' lang='lat' dir='ltr'><strong>trae</strong></span> <span class='ocrx_word' id='word_1_493' title='bbox 207 5235 268 5296; x_wconf 89' lang='lat' dir='ltr'><strong>per</strong></span> <span class='ocrx_word' id='word_1_494' title='bbox 280 5219 471 5296; x_wconf 76' lang='lat' dir='ltr'><strong>apostolica</strong></span> <span class='ocrx_word' id='word_1_495' title='bbox 491 5219 614 5295; x_wconf 89' lang='lat' dir='ltr'><strong>scripta</strong></span> <span class='ocrx_word' id='word_1_496' title='bbox 629 5217 825 5279; x_wconf 88' lang='lat' dir='ltr'><strong>mandamus</strong></span> <span class='ocrx_word' id='word_1_497' title='bbox 828 5233 930 5294; x_wconf 89' lang='lat' dir='ltr'><strong>,-qua</strong></span> <span class='ocrx_word' id='word_1_498' title='bbox 983 5220 1080 5281; x_wconf 89' lang='lat' dir='ltr'><strong>sitam</strong></span> <span class='ocrx_word' id='word_1_499' title='bbox 1095 5215 1130 5276; x_wconf 92' lang='grc'><strong>16</strong></span> <span class='ocrx_word' id='word_1_500' title='bbox 1142 5213 1240 5276; x_wconf 80' lang='lat' dir='ltr'><strong>tevel</strong></span> <span class='ocrx_word' id='word_1_501' title='bbox 1253 5214 1378 5274; x_wconf 88' lang='lat' dir='ltr'><strong>terram</strong></span> <span class='ocrx_word' id='word_1_502' title='bbox 1396 5224 1456 5269; x_wconf 89' lang='lat' dir='ltr'><strong>sen</strong></span> <span class='ocrx_word' id='word_1_503' title='bbox 1467 5205 1619 5267; x_wconf 86' lang='lat' dir='ltr'><strong>homines</strong></span> <span class='ocrx_word' id='word_1_504' title='bbox 1633 5204 1709 5264; x_wconf 90' lang='lat' dir='ltr'><strong>tuos</strong></span> <span class='ocrx_word' id='word_1_505' title='bbox 1725 5216 1780 5262; x_wconf 79' lang='lat' dir='ltr'><strong>en·</strong></span> 
     </span>
     <span class='ocr_line' id='line_1_87' title="bbox 129 5294 1776 5403; baseline -0.016 -22"><span class='ocrx_word' id='word_1_506' title='bbox 129 5319 240 5389; x_wconf 88' lang='grc'><strong>16666,</strong></span> <span class='ocrx_word' id='word_1_507' title='bbox 253 5316 283 5378; x_wconf 89' lang='grc'><strong>61</strong></span> <span class='ocrx_word' id='word_1_508' title='bbox 298 5316 419 5385; x_wconf 87' lang='grc'><strong>661116,</strong></span> <span class='ocrx_word' id='word_1_509' title='bbox 433 5316 500 5378; x_wconf 87' lang='grc'><strong>6161</strong></span> <span class='ocrx_word' id='word_1_510' title='bbox 515 5315 622 5403; x_wconf 86' lang='grc'><strong>116166</strong></span> <span class='ocrx_word' id='word_1_511' title='bbox 638 5315 821 5377; x_wconf 90' lang='lat' dir='ltr'><strong>monachus</strong></span> <span class='ocrx_word' id='word_1_512' title='bbox 840 5314 928 5376; x_wconf 83' lang='lat' dir='ltr'><strong>inira</strong></span> <span class='ocrx_word' id='word_1_513' title='bbox 984 5305 1303 5377; x_wconf 88' lang='lat' dir='ltr'><strong>communicationis,</strong></span> <span class='ocrx_word' id='word_1_514' title='bbox 1327 5302 1380 5365; x_wconf 84' lang='lat' dir='ltr'><strong>vel</strong></span> <span class='ocrx_word' id='word_1_515' title='bbox 1401 5298 1568 5363; x_wconf 90' lang='lat' dir='ltr'><strong>interdicti</strong></span> <span class='ocrx_word' id='word_1_516' title='bbox 1593 5294 1776 5357; x_wconf 89' lang='lat' dir='ltr'><strong>sententias</strong></span> 
     </span>
     <span class='ocr_line' id='line_1_88' title="bbox 129 5390 1779 5493; baseline -0.017 -12"><span class='ocrx_word' id='word_1_517' title='bbox 129 5420 261 5493; x_wconf 91' lang='lat' dir='ltr'><strong>tempus</strong></span> <span class='ocrx_word' id='word_1_518' title='bbox 276 5413 515 5477; x_wconf 89' lang='lat' dir='ltr'><strong>moderandum</strong></span> <span class='ocrx_word' id='word_1_519' title='bbox 539 5429 560 5475; x_wconf 90' lang='lat' dir='ltr'><strong>a</strong></span> <span class='ocrx_word' id='word_1_520' title='bbox 583 5412 687 5487; x_wconf 89' lang='lat' dir='ltr'><strong>vobis,</strong></span> <span class='ocrx_word' id='word_1_521' title='bbox 704 5412 930 5475; x_wconf 85' lang='lat' dir='ltr'><strong>emendaverit</strong></span> <span class='ocrx_word' id='word_1_522' title='bbox 984 5404 1232 5487; x_wconf 84' lang='lat' dir='ltr'><strong>praesumpserrt</strong></span> <span class='ocrx_word' id='word_1_523' title='bbox 1240 5400 1462 5480; x_wconf 81' lang='lat' dir='ltr'><strong>promulgare</strong></span> <span class='ocrx_word' id='word_1_524' title='bbox 1472 5390 1779 5473; x_wconf 87' lang='lat' dir='ltr'><strong>ipsasdecernimus</strong></span> 
     </span>
     <span class='ocr_line' id='line_1_89' title="bbox 129 5493 1780 5586; baseline -0.017 -10"><span class='ocrx_word' id='word_1_525' title='bbox 129 5510 952 5586; x_wconf 78' lang='grc'><strong>616666666116666666166161666666611</strong></span> <span class='ocrx_word' id='word_1_526' title='bbox 984 5523 1049 5568; x_wconf 92' lang='lat' dir='ltr'><strong>non</strong></span> <span class='ocrx_word' id='word_1_527' title='bbox 1064 5507 1188 5575; x_wconf 89' lang='lat' dir='ltr'><strong>tenere,</strong></span> <span class='ocrx_word' id='word_1_528' title='bbox 1203 5503 1250 5564; x_wconf 89' lang='lat' dir='ltr'><strong>ita</strong></span> <span class='ocrx_word' id='word_1_529' title='bbox 1265 5499 1357 5577; x_wconf 92' lang='lat' dir='ltr'><strong>quod</strong></span> <span class='ocrx_word' id='word_1_530' title='bbox 1366 5495 1480 5559; x_wconf 84' lang='lat' dir='ltr'><strong>clerrcr</strong></span> <span class='ocrx_word' id='word_1_531' title='bbox 1489 5495 1588 5555; x_wconf 88' lang='lat' dir='ltr'><strong>terrae</strong></span> <span class='ocrx_word' id='word_1_532' title='bbox 1597 5493 1664 5553; x_wconf 88' lang='grc'><strong>1666</strong></span> <span class='ocrx_word' id='word_1_533' title='bbox 1680 5504 1780 5566; x_wconf 89' lang='lat' dir='ltr'><strong>prop-</strong></span> 
     </span>
     <span class='ocr_line' id='line_1_90' title="bbox 131 5587 1780 5688; baseline -0.018 -12"><span class='ocrx_word' id='word_1_534' title='bbox 131 5612 255 5676; x_wconf 90' lang='grc'><strong>166616</strong></span> <span class='ocrx_word' id='word_1_535' title='bbox 271 5609 459 5688; x_wconf 87' lang='lat' dir='ltr'><strong>praedictos,</strong></span> <span class='ocrx_word' id='word_1_536' title='bbox 473 5613 506 5671; x_wconf 92' lang='grc'><strong>61</strong></span> <span class='ocrx_word' id='word_1_537' title='bbox 527 5610 708 5683; x_wconf 85' lang='grc'><strong>16166616</strong></span> <span class='ocrx_word' id='word_1_538' title='bbox 723 5606 928 5671; x_wconf 81' lang='lat' dir='ltr'><strong>satisfactio·</strong></span> <span class='ocrx_word' id='word_1_539' title='bbox 983 5607 1035 5667; x_wconf 93' lang='lat' dir='ltr'><strong>ter</strong></span> <span class='ocrx_word' id='word_1_540' title='bbox 983 5604 1118 5667; x_wconf 87' lang='lat' dir='ltr'><strong>tlioc</strong></span> <span class='ocrx_word' id='word_1_541' title='bbox 1138 5598 1356 5662; x_wconf 86' lang='lat' dir='ltr'><strong>nihilominus</strong></span> <span class='ocrx_word' id='word_1_542' title='bbox 1382 5593 1496 5655; x_wconf 83' lang='lat' dir='ltr'><strong>divina</strong></span> <span class='ocrx_word' id='word_1_543' title='bbox 1525 5587 1695 5651; x_wconf 86' lang='lat' dir='ltr'><strong>celebrare</strong></span> <span class='ocrx_word' id='word_1_544' title='bbox 1718 5601 1780 5647; x_wconf 81' lang='lat' dir='ltr'><strong>ra-</strong></span> 
     </span>
    </p>
   </div>
   <div class='ocr_carea' id='block_1_25' title="bbox 0 0 1999 6196">
    <p class='ocr_par' dir='ltr' id='par_1_26' title="bbox 0 0 1999 6196">
     <span class='ocr_line' id='line_1_91' title="bbox 0 0 1999 6196; baseline 0 0"><span class='ocrx_word' id='word_1_545' title='bbox 0 0 1999 6196; x_wconf 95' lang='lat' dir='ltr'><strong> </strong></span> 
     </span>
    </p>
   </div>
  </div>
 </body>
</html>
