3928 6200
108 270 172 330 429v
655 259 832 319 HONORII
859 259 986 319 PAPAE
1008 260 1053 320 ΙΙΙ
1075 261 1184 322 VITA.
1685 268 1747 328 teo

108 424 284 500 cutibusque
294 418 441 495 aLegato
451 416 668 495 suspensione
678 417 840 490 mulctati,
850 433 892 480 ne
947 435 965 479 c
986 419 1113 496 partem
1128 418 1332 482 decimarum
1342 421 1396 483 vel
1411 422 1554 484 aliarum
1569 421 1744 486 obventio-

107 520 301 596 inambigua
317 517 399 580 tanti
421 515 572 578 criminis
587 516 684 594 culpa
705 516 828 577 divinis
843 531 890 588 se,
946 533 965 575 ‹
986 533 1064 578 num
1077 518 1398 589 ecclesiasticarum,
1410 520 1445 580 in
1459 521 1579 598 quibus
1590 524 1647 599 jus
1658 521 1746 585 obti-

108 633 222 681 summo
237 616 355 678 salutis
367 615 527 693 periculo,
540 614 786 689 immiscerent3
809 630 891 692 pro·
947 632 966 675 c
990 617 1069 677 nent
1083 617 1288 693 patronatus,
1301 618 1365 678 sibi
1380 619 1572 691 retinentes
1593 636 1635 681 ex
1650 624 1745 697 pacto

106 716 235 793 lectique
250 717 390 776 Romam
405 713 492 784 sunt,
518 711 639 788 quibus
668 711 892 773 itinerationis
947 716 1227 790 crepraesentant
1252 715 1391 778 clericos
1417 717 1458 776 ad
1489 717 1642 793 easdem3
1668 719 1747 781 huic

106 829 204 876 comes
226 811 335 873 iactus
361 810 413 872 est
438 810 512 887 ipse
537 808 727 871 rudemous
755 808 891 869 sceleris
947 811 1118 872 «vulneri
1145 829 1304 875 cancroso
1331 814 1364 876 et
1389 815 1570 875 simoniaco
1595 831 1746 879 censurae

105 912 209 971 auctor
238 910 275 969 in
304 923 445 985 eamque
477 923 569 983 spem
601 923 715 968 omnes
737 907 891 967 animum
946 907 1569 987 cserrumapponimusdecernentes,
1585 914 1746 992 utexquo

107 1008 249 1070 erexerat
267 1005 428 1077 futurum,
447 1003 671 1066 ut.Pontiilois
688 1003 892 1080 benignitate
947 1023 966 1065 c
987 1007 1175 1069 constiterit
1188 1010 1363 1085 patronum
1379 1010 1571 1087 bujnsmodi
1583 1011 1746 1087 flagitium

105 1105 230 1182 quaetio
263 1119 382 1165 eorum
421 1101 534 1164 mitior
569 1101 698 1178 agenda
735 1100 821 1163 foret
859 1102 893 1161 et
947 1107 1208 1182 «perpetrasse,
1230 1107 1442 1168 anathemate
1456 1108 1606 1180 feriatur,
1627 1113 1661 1171 et
1674 1113 1747 1187 ejus

104 1205 252 1264 immunes
267 1200 420 1278 ajudicii
433 1200 539 1278 poenis
552 1199 815 1274 dimitterentur3
834 1197 892 1259 sed
947 1216 966 1261 ‹
986 1203 1076 1263 terra
1093 1206 1301 1280 supponatur
1311 1206 1544 1268 Ecclesiastico
1558 1207 1745 1281 interdicto,

104 1316 152 1376 spe
165 1299 418 1362 bustratisunt
947 1298 1093 1361 ‹donec
1118 1300 1299 1362 Ecclesiam
1325 1302 1464 1365 liberam
1492 1320 1567 1366 cum
1589 1322 1650 1367 suo
1670 1309 1748 1382 jnre

136 1398 275 1460 Aderant
291 1401 364 1474 jam
375 1398 490 1458 Romae
506 1394 754 1458 coloniensium
768 1394 892 1455 civium
947 1414 966 1455 c
988 1396 1131 1459 dimittat
1146 1398 1238 1460 salvo
1249 1402 1327 1477 jure
1338 1400 1544 1477 patronatus,
1559 1402 1645 1480 quod
1659 1403 1689 1464 ei
1705 1403 1746 1464 de

104 1496 256 1567 Ecclesiae,
279 1511 347 1572 que
369 1494 472 1557 totius
493 1494 636 1571 patroni,
658 1508 798 1570 quorum
818 1492 892 1554 stu·
947 1512 966 1553 c
987 1495 1216 1556 misericordia
1231 1512 1454 1571 reservamus,
1468 1499 1524 1577 qui
1540 1502 1747 1578 possuntper

105 1594 180 1655 dium
194 1593 403 1670 praecipuum
418 1591 500 1652 illud
518 1592 591 1654 erat
608 1591 646 1652 ut
664 1589 890 1667 parricidium,
947 1609 966 1651 c
983 1592 1071 1669 juris
1083 1594 1237 1655 excusari
1248 1595 1509 1671 ignorantiam».
1527 1597 1653 1659 Deinde
1665 1614 1745 1660 vero

104 1691 175 1769 quod
189 1691 229 1751 ad
244 1690 350 1752 Urbis
366 1705 496 1768 quoque
510 1705 580 1750 suae
595 1687 811 1764 ignominiam
828 1702 892 1764 pa·
947 1691 1055 1766 capite
1070 1690 1322 1765 decimotertio,
1339 1693 1444 1754 laicos
1459 1696 1605 1770 quicum
1620 1696 1748 1757 sancti-

103 1791 209 1851 tratum
224 1788 351 1859 iuerat,
368 1787 559 1865 Apostolica
573 1785 771 1847 auctoritate
783 1783 894 1846 vindi·
948 1788 1148 1849 monialibus
1176 1789 1246 1849 sola
1266 1789 1502 1851 sollicitatione
1523 1792 1703 1868 peccarint,
1726 1808 1747 1854 a

104 1889 229 1948 caretm.
249 1885 339 1958 Quin
354 1884 456 1945 etiam
466 1886 536 1961 jam
547 1883 588 1944 ad
600 1882 784 1945 Honorium
798 1880 894 1958 prin·
948 1885 1096 1963 corporis
1114 1885 1148 1947 et
1161 1886 1334 1962 sanguinis
1348 1886 1561 1965 perceptione
1576 1889 1745 1964 excludit3

105 1983 356 2061 cipum-aliquot
379 1982 500 2043 litterae
529 1981 647 2042 delatae
662 1980 806 2050 inerant,
836 1978 893 2056 qui
947 1998 1005 2044 eos
1025 1999 1104 2044 vero
1124 1983 1180 2061 qui
1202 1985 1301 2045 etiam
1324 1984 1451 2046 crimen
1473 1987 1746 2060 consummarint,

105 2085 248 2158 urgerent
263 2082 392 2142 tantum
408 2080 535 2141 crimen
550 2077 804 2141 conniventibus
819 2093 894 2139 ocu·
947 2079 1113 2158 ipsoiacto
1124 2083 1748 2146 excommunicationissententiainno·

107 2177 141 2239 lis
164 2194 230 2240 uon
255 2194 331 2240 esse
359 2176 689 2256 praetermittendum.
713 2179 763 2237 Re
791 2175 894 2251 igitur
948 2179 1589 2257 datosesseconstituit.Eutatspnodus
1603 2184 1647 2243 IV
1655 2185 1746 2245 Con-

106 2274 342 2338 consultissime
357 2276 490 2352 cognita
503 2275 636 2337 tandem
657 2275 694 2335 in
715 2273 806 2351 ipsos
832 2271 892 2333 bos
946 2281 1000 2339 cit.
1017 2279 1116 2338 torno.

105 2373 442 2453 episcoposjudioium
464 2373 628 2450 prolatum
655 2373 715 2443 est,
742 2372 798 2448 qui
818 2386 893 2431 cum
988 2374 1183 2451 etquidem
1216 2375 1454 2453 deplorandum
1482 2379 1533 2439 est
1553 2377 1748 2456 hujusmodi

106 2472 303 2548 purgationis
334 2471 482 2533 subsidio
507 2487 641 2532 causam
670 2485 765 2531 suam
792 2469 893 2530 tutari
948 2472 1086 2544 crimen,
1103 2472 1235 2550 quando
1250 2474 1383 2551 quidem
1403 2474 1437 2534 in
1451 2475 1629 2535 Germania
1645 2476 1744 2537 nimis

105 2572 334 2647 nequivissent,
365 2569 463 2630 ambo
498 2568 631 2630 sedibus
667 2568 736 2629 suis
774 2566 894 2644 dejecti
948 2569 1103 2646 frequens
1116 2569 1298 2632 admissum
1318 2573 1530 2642 memoratur,
1552 2572 1640 2649 quod
1656 2575 1746 2635 certe

107 2671 180 2730 sunt.
192 2668 391 2743 Fridericus
407 2667 517 2729 autem
530 2665 662 2728 tametsi
673 2664 789 2736 laicus,
807 2663 906 2742 quod.
948 2668 1033 2728 iram
1057 2668 1118 2728 Dei
1145 2670 1180 2729 ut
1206 2667 1287 2728 tides
1315 2668 1438 2730 Christi
1464 2684 1504 2730 ac
1528 2669 1649 2745 religio
1669 2670 1748 2732 inde

105 2766 220 2827 nullum
260 2765 326 2826 sibi
365 2764 557 2841 coniugium
594 2762 892 2834 animadvertisset,
949 2765 1120 2826 eliminata
1143 2765 1196 2836 sit,
1224 2764 1327 2826 illatis
1352 2764 1546 2839 haeresibus,
1578 2767 1747 2830 exarsisse

104 2864 175 2924 clam
192 2867 302 2927 Roma
316 2863 465 2936 secessit,
480 2863 680 2939 tandemque
691 2860 806 2922 Leodii
820 2876 895 2937 cap·
949 2879 1015 2924 non
1034 2862 1223 2924 dubitarim.
1244 2864 1330 2923 Nam
1358 2865 1390 2925 et
1411 2866 1557 2925 loannes
1581 2865 1746 2941 Ligranns

102 2960 893 3038 tusc-oloniamquedelatusequuleosuspensus,
949 2962 1013 3023 hoc
1046 2961 1206 3024 Pontiflce
1239 2961 1398 3034 Honorio,
1433 2977 1507 3022 cum
1542 2963 1749 3041 trequentius

22 3080 24 3089 ³
104 3075 196 3135 quarn
211 3062 330 3122 Rotam
341 3059 462 3136 vulgus
478 3060 657 3135 nuncupat,
671 3056 892 3127 excruciatus,
951 3059 1226 3120 sanctimoniales
1242 3059 1479 3121 sollicitataein
1494 3059 1679 3122 Brubantia
1696 3061 1750 3122 di·
1834 3056 1835 3059 ’

22 3208 24 3229 ,
103 3157 213 3218 aribus
226 3158 262 3218 in
277 3173 389 3219 escam
407 3156 564 3218 dimissus
584 3157 634 3217 est
653 3155 752 3235 (ibid.
776 3155 832 3215 lib.
852 3155 893 3225 ΙΙ,
950 3157 1163 3228 vexarentur,
1181 3171 1242 3216 nec
1256 3156 1369 3233 posset
1390 3156 1527 3218 alterius
1547 3158 1749 3220 anctoritate

104 3270 128 3314 c.
141 3254 207 3334 17).
237 3256 360 3316 Postea
384 3254 425 3316 ab
447 3252 663 3316 interioribus
685 3251 895 3330 pontificibus
950 3254 1000 3315 rei
1026 3269 1213 3325 occurrere,
1230 3252 1271 3314 ad
1290 3254 1514 3331 apostolicam
1542 3256 1659 3316 Sedern
1683 3256 1747 3317 sibi

105 3351 166 3427 ipse
190 3352 407 3428 Engelbertus
431 3353 519 3413 inter
533 3352 665 3412 sanctos
685 3350 735 3412 est
757 3349 893 3420 relatus,
950 3351 1206 3427 confugiendum
1220 3350 1423 3424 decreverat,
1440 3352 1498 3413 sed
1513 3353 1637 3430 optimo
1650 3369 1749 3415 cona·

105 3448 231 3528 diesque
253 3450 313 3512 illa
333 3450 437 3511 festus
451 3449 665 3526 praescriptus
679 3451 741 3519 est,
757 3447 895 3523 septima
950 3448 1000 3510 tui
1026 3464 1115 3509 mors
1138 3448 1316 3509 immatura
1341 3448 1541 3511 intercessit.
1567 3449 1748 3513 Defunctus

22 3600 24 3613 ,
105 3548 293 3609 Novembris
330 3546 569 3626 (martarocop.
606 3546 720 3620 Rom.)
753 3543 896 3605 Conradi
951 3547 1090 3607 enimin
1110 3547 1229 3607 itinere
1245 3546 1307 3607 luit
1322 3544 1381 3625 (1).

22 3646 24 3739 L
105 3650 207 3707 autem
226 3646 331 3723 legati
352 3645 497 3722 synodus
512 3644 548 3705 in
563 3644 741 3705 Germania
756 3641 897 3718 insignis
991 3647 1226 3720 Hungarorum
1250 3645 1401 3721 reginam
1430 3660 1505 3705 cum
1533 3645 1748 3707 Oradiensem
1769 3632 1771 3635 ’

22 3760 23 3797 ff
106 3744 159 3804 est.
175 3746 252 3805 Erat
266 3745 298 3804 is
311 3742 408 3804 valde
419 3742 575 3819 religioni
583 3741 746 3813 addictus,
758 3756 898 3817 corrup·
952 3741 1126 3803 ecclesiam
1142 3741 1332 3801 consecrari
1347 3740 1518 3812 audiisset,
1536 3757 1643 3819 neque
1659 3759 1751 3804 com·

22 3824 23 3855 ³
107 3842 237 3919 telaeque
248 3857 381 3903 morum
404 3840 587 3902 acerrimus
600 3839 734 3902 vindex.
755 3837 846 3911 Quod
862 3839 897 3898 in
952 3841 1100 3916 petentes
1115 3836 1242 3898 fructus
1254 3837 1497 3913 adscripsisset,
1515 3837 1601 3898 unde
1612 3838 1659 3898 ali
1675 3839 1751 3899 Cle-

22 3908 23 3971 Ῡ
108 3940 298 4001 monachatu
326 3939 428 4000 etiam
452 3938 586 4000 titulum
623 3936 830 4002 exercuisset
861 3936 898 3996 in
952 3952 1009 3998 rus
1020 3935 1233 4011 Ecclesiaque
1245 3933 1403 3994 exornari
1414 3950 1454 3994 ac
1464 3935 1749 4009 restaurari30um

109 4033 248 4098 instituto
274 4036 490 4099 Cisteroiensi
520 4035 622 4114 probe
652 4034 828 4103 servando,
863 4038 899 4095 ut
952 4050 1006 4096 res
1014 4032 1183 4110 postulare
1192 4030 1752 4108 posset;obindotatameameccle·

22 4124 23 4127 ’
111 4134 218 4194 Surius
245 4136 410 4196 memorat
432 4133 468 4195 in
492 4136 535 4195 IV
557 4136 788 4196 conciliorum
807 4133 897 4193 tomo
953 4132 1038 4193 siam
1053 4131 1162 4192 clerus
1183 4129 1225 4191 ad
1241 4130 1423 4191 Honorium
1444 4146 1514 4191 rem
1539 4129 1750 4193 deferendam

22 4256 23 4301 ff
111 4230 164 4291 sub
181 4233 328 4294 Honorio
353 4234 410 4292 lli.
429 4235 524 4292 Anno
538 4231 642 4307 igitur
660 4229 791 4291 Domini
808 4229 895 4298 1225,
953 4229 1092 4301 censuit,
1113 4230 1149 4290 ut
1173 4228 1290 4305 regina
1310 4227 1350 4288 ad
1367 4228 1571 4304 implendum
1585 4228 1619 4289 id
1641 4230 1751 4290 minus

22 4318 23 4413 J
112 4331 216 4403 quarto
238 4330 316 4391 Idus
338 4328 539 4401 Decembris,
558 4329 662 4390 multa
676 4328 717 4388 de
731 4326 897 4388 reforma·
953 4327 1154 4403 adigeretur.
1175 4325 1342 4387 Honorius
1362 4325 1448 4387 datis
1467 4325 1598 4387 adeam
1617 4327 1748 4400 litteris,

22 4492 23 4501 ἵ
112 4424 190 4486 tione
204 4426 286 4488 cleri
301 4424 482 4487 salubriter
498 4424 680 4496 constituit,
699 4439 773 4500 qnae
798 4424 832 4484 et
856 4421 898 4482 ab
953 4425 1081 4485 monuit
1090 4424 1125 4484 in
1141 4424 1213 4484 haec
1227 4422 1329 4485 verba
1346 4444 1353 4482 :
1370 4439 1388 4482 ‹<
1403 4425 1483 4483 Cum
1499 4424 1585 4485 sicut
1599 4439 1642 4484 ex
1656 4424 1750 4484 rela-

22 4508 23 4579 l
113 4523 250 4585 omnibus
262 4522 536 4600 archiepiscopis,
549 4538 588 4583 ac
602 4538 718 4583 eorum
729 4519 898 4596 suffraga·
953 4522 1042 4585 tione
1073 4520 1211 4597 capituli
1240 4519 1431 4582 oradisnsls
1466 4519 1562 4580 nobis
1594 4520 1748 4591 innotuit,

22 4636 23 4639 ¹
112 4620 190 4692 neis,
218 4619 411 4692 abbatibus,
446 4620 545 4697 atque
573 4619 650 4681 aliis
685 4617 897 4696 quibuslibet,
954 4616 1301 4696 quodeorumtecerit,
1315 4616 1752 4690 ecclesiamconsecrari3et

111 4718 171 4778 tum
181 4718 322 4789 clericis,
332 4719 404 4780 tum
416 4716 626 4794 regularibus
638 4715 802 4778 servanda
812 4730 901 4792 prae-
954 4717 1085 4777 nonsit
1107 4714 1261 4787 ecclesia,
1282 4713 1347 4773 nisi
1369 4714 1410 4773 de
1429 4712 1504 4773 dote
1528 4711 1697 4789 prouisum
1718 4714 1751 4775 ei

112 4816 198 4890 cepit,
214 4819 246 4879 et
259 4817 297 4878 in
312 4816 356 4877 iis
371 4814 464 4877 tuere
479 4815 684 4877 etadversus
697 4814 802 4876 laicos
821 4829 900 4890 pro-
954 4813 1065 4884 fuerit,
1079 4809 1316 4881 consecranda,
1334 4825 1374 4870 eo
1393 4808 1565 4869 liberalius
1577 4809 1619 4870 ad
1632 4809 1752 4872 dotan-

112 4912 255 4989 muigatae
269 4913 538 4986 constitutiones,
555 4929 694 4990 quarum
709 4912 792 4973 duas
807 4927 898 4989 prae·
955 4912 1030 4972 dam
1059 4909 1249 4988 praedictam
1274 4905 1449 4967 ecclesiam
1477 4907 1608 4983 aperire
1631 4924 1752 4971 munus

113 5008 216 5085 cipuas
228 5027 406 5074 recensere
420 5011 516 5087 libet;
529 5011 639 5088 capite
649 5011 737 5072 enirn
748 5025 836 5071 nono
852 5009 901 5070 sic
954 5006 1190 5071 munificentiae
1202 5008 1267 5068 tuae
1276 5003 1386 5076 debes,
1399 5004 1535 5082 quodad
1544 5004 1606 5067 hoc
1620 5005 1750 5077 lortius,

112 5104 222 5171 babet:
238 5109 429 5184 «Quoniam
444 5109 479 5170 in
494 5109 691 5186 quibusdam
707 5108 790 5170 locis
820 5107 900 5168 Ale·
954 5109 1121 5184 tamquam
1137 5120 1180 5165 ex
1192 5102 1301 5165 debito
1309 5102 1515 5180 jamteneris
1526 5101 1585 5182 (2).
1604 5106 1753 5180 Pragen·

114 5219 130 5260 ι
148 5208 297 5281 manniae,
313 5206 507 5269 fundatores
521 5207 745 5269 Ecclesiarum
757 5206 810 5267 uel
826 5206 900 5265 11ae-
956 5198 1058 5276 sibus,
1075 5219 1150 5265 cum
1164 5200 1344 5279 aliquando
1355 5201 1568 5262 conscientiae
1578 5200 1753 5276 scrupulus

115 5304 238 5366 «redes
271 5306 421 5383 ipsorum
456 5305 630 5382 potestate,
663 5304 699 5365 in
737 5319 801 5381 qua
843 5318 901 5363 eos
955 5304 1102 5365 animum
1116 5299 1319 5371 uerberaret,
1343 5298 1372 5359 si
1391 5314 1466 5359 cum
1487 5297 1608 5359 natalis
1630 5297 1754 5360 Christi

117 5402 292 5465 ‹Ecclesia
321 5403 493 5480 hucusque
515 5403 683 5475 sustinuit,
707 5400 899 5473 abutuntur,
956 5393 1753 5478 diesinsextamieriamincidisset,carnibustum

149 5531 185 5605 (lt
197 5535 320 5594 Damas
333 5536 427 5594 centri
450 5534 596 5593 eoensisin
611 5535 676 5592 Vita
696 5536 725 5593 S.
747 5532 902 5606 Lutpcrdis
992 5532 1033 5605 (i)
1045 5530 1086 5591 Cl.
1102 5546 1135 5588 su
1157 5545 1180 5587 r.
1198 5529 1304 5597 Quinto
1321 5529 1388 5586 Com
1409 5527 1498 5609 ilatio,
1514 5525 1563 5609 lib.
1580 5526 1631 5595 lll,
1648 5527 1690 5586 tit.
1707 5527 1753 5597 23,

122 5600 245 5677 l'irpiuis,
260 5607 310 5666 lib.
327 5609 365 5675 Il,
380 5621 406 5664 c.
422 5551 451 5674 d),
467 5606 542 5679 apud
558 5606 670 5664 Surium
681 5613 750 5663 tom.
765 5606 803 5664 3.'
957 5618 983 5661 c.
995 5604 1082 5675 unic,
1099 5546 1156 5661 cof
1166 5601 1234 5672 3173
1250 5601 1336 5672 Greg.
1353 5600 1366 5656 l
1395 5596 1462 5668 ,nb
1477 5599 1517 5654 ΙΙΙ
1528 5603 1570 5654 tlt.
1583 5597 1628 5655 to.
