3946 6196
839 197 1014 260 HONORII
1037 198 1082 258 111
1104 196 1252 260 OPERA.
1812 200 1874 263 480

219 210 280 272 tre

220 386 287 433 non
306 369 351 431 sit
363 366 502 429 malitlis
523 362 693 426 hominum
717 357 966 436 indulgendum,
984 357 1017 419 et
1072 357 1314 420 nuiscurarum
1326 357 1491 435 angustiis
1508 360 1658 422 nostrum
1669 359 1874 437 angentibus

219 469 296 531 lites
316 464 466 546 protrahi
497 479 563 524 non
588 459 730 521 debeant
753 458 810 519 sed
841 450 1013 531 restringi,
1071 457 1218 518 animum
1231 456 1419 528 anxiemur,
1431 457 1736 533 cogitamustamen
1746 458 1780 520 et
1790 456 1875 528 alie,

221 567 346 629 eisdem
372 563 520 626 districte
544 559 694 621 dedimus
716 557 751 617 in
781 550 957 625 mandatis,
982 553 1017 615 ut
1072 572 1144 632 quae
1164 555 1229 616 nisi
1246 554 1304 616 illa
1321 555 1502 631 provideat,
1524 557 1580 633 qui
1596 572 1716 633 aspera
1741 557 1778 617 in
1797 557 1874 617 rias

222 664 341 742 gratia,
363 660 450 731 odio,
474 659 507 720 et
526 658 639 718 lavore
660 652 862 732 postpositis
877 654 910 713 et
927 648 1017 712 omni
1072 653 1189 729 planas
1204 655 1237 715 et
1248 668 1351 730 prava
1364 653 1399 713 in
1415 652 1540 715 directa
1555 653 1731 722 convertit,
1752 671 1795 715 ex
1807 654 1875 715 hoc

222 757 499 839 tergiversatione
517 753 668 818 cessante
684 752 772 815 intra
792 752 860 814 tres
885 766 1016 810 menses
1072 749 1266 827 inopinabili
1279 749 1311 811 et
1323 750 1527 812 lamentabili
1543 767 1624 812 casu
1640 753 1798 813 evenient
1811 752 1876 812 de-

221 861 296 939 11081
314 853 557 934 313161110119111
578 851 812 932 praesentium,
838 842 1017 926 propositis
1071 848 1295 910 immertalis
1305 848 1367 909 hoc
1378 849 1663 911 enimGraecorum
1674 850 1814 927 perfidia
1824 852 1876 912 in-

221 957 319 1020 simul
335 956 368 1017 et
380 954 481 1016 semel
496 951 649 1014 omuibus
666 947 916 1025 exceptionibus
932 940 1018 1005 dila·
1072 947 1222 1019 solescet,
1239 944 1541 1009 consternabuntur
1551 948 1655 1008 animi
1674 949 1876 1010 Latinorum

222 1056 329 1126 toriis,
339 1054 465 1116 faciant
473 1052 565 1113 litem
573 1049 719 1126 legitime
728 1044 961 1115 contestari,et
969 1042 1017 1103 sic
1072 1044 1283 1107 existentium
1297 1045 1330 1113 in
1351 1040 1501 1121 partibus
1516 1046 1700 1118 Romania,
1725 1062 1785 1123 per
1807 1047 1878 1109 hoc

221 1155 353 1217 ratione
376 1151 502 1230 praevia
521 1149 562 1210 ad
588 1146 856 1210 terminationem
879 1141 1015 1217 negotii,
1072 1144 1107 1204 in
1132 1143 1230 1221 gravi
1248 1143 1439 1205 discrimine
1463 1141 1666 1221 positorum:
1692 1144 1877 1207 christiani

222 1252 352 1314 sublato
368 1247 544 1327 cmusttbet
558 1243 829 1328 contradictionis
849 1243 882 1303 et
902 1238 1019 1317 appel·
1073 1258 1202 1319 quoque
1230 1242 1412 1306 existentes
1439 1242 1475 1303 iu
1501 1241 1649 1320 partibus
1675 1244 1879 1305 transmari.

221 1349 355 1412 lationis
384 1346 572 1415 obstaculo,
608 1343 680 1404 sine
712 1339 885 1418 dispendio
916 1352 1017 1398 morae
1073 1339 1136 1412 nis,
1149 1336 1205 1417 qui
1221 1356 1241 1402 a
1258 1338 1623 1418 Constantinopolitano
1636 1336 1778 1418 imperio
1793 1358 1877 1419 per-

221 1446 402 1527 procedant
419 1445 516 1522 juxta
538 1442 686 1520 priorum
703 1437 941 1500 continentiam
961 1435 1019 1496 lit·
1073 1455 1230 1501 sonarum
1254 1440 1287 1500 et
1309 1453 1423 1500 rerum
1444 1433 1608 1500 auxilium
1629 1432 1873 1515 expectabant,

221 1547 379 1609 1613111111·
408 1542 569 1616 0110111011
592 1534 785 1600 discretim
808 1536 929 1596 Vesirae
959 1548 1019 1610 pet
1072 1539 1114 1599 its
1129 1536 1252 1599 auditis
1267 1537 1456 1599 rumoribus
1472 1534 1714 1614 obstupescent,
1731 1540 1765 1600 et
1779 1555 1878 1599 assu·

222 1643 404 1722 apostolica
425 1640 548 1717 scripta
570 1636 765 1699 mandamus
785 1630 1018 1710 atqueprmoi-
1073 1638 1139 1698 met
1166 1636 1340 1697 audaciam
1363 1636 1477 1699 feritas
1506 1651 1733 1713 paganorum,
1761 1638 1795 1698 et
1823 1630 1875 1698 sic

222 1743 342 1820 pimus,
360 1740 521 1818 quatenus
534 1737 564 1797 si
582 1736 689 1796 dictus
704 1731 973 1808 archiepiscopus
986 1729 1020 1789 et
1073 1734 1152 1796 dicti
1176 1750 1273 1796 castus
1296 1732 1432 1797 tristitia
1455 1735 1560 1796 totum
1586 1732 1692 1810 tangit
1713 1734 1875 1811 populum

222 1840 358 1915 collegae
375 1837 481 1914 ipsius
494 1833 581 1896 intra
597 1831 826 1909 praescriptum
839 1827 1018 1890 terminum
1074 1829 1293 1895 christianum
1309 1855 1316 1893 :
1331 1849 1404 1911 quae
1414 1849 1514 1909 quum
1527 1833 1712 1894 communis
1723 1832 1768 1894 sit
1781 1833 1873 1906 aliis,

222 1936 412 1999 11111111ῒῦ111
440 1934 590 1994 1103111111]
619 1945 686 1991 non
714 1927 839 1989 11911111
874 1922 1016 1996 executi,
1074 1931 1168 1993 nobis
1182 1948 1220 1993 ac
1231 1931 1291 1993 tibi
1306 1946 1379 1992 esse
1394 1930 1601 2006 dignoscitur
1612 1931 1784 2008 specialis,
1798 1946 1876 1992 cum

221 2022 1019 2104 105611111111110ΐῦ1131111911681161111111111111
1074 2046 1135 2093 nec
1158 2029 1355 2107 Apostolicae
1385 2028 1479 2090 Sedis
1508 2028 1647 2104 legatus,
1678 2045 1741 2090 nec
1764 2029 1876 2090 dictus

221 2133 354 2209 negotio
380 2131 463 2207 ipso,
493 2127 716 2205 appellatione
740 2122 934 2201 postposita,
958 2136 1017 2181 ra-

220 2231 312 2292 tione
328 2229 453 2306 proevia
465 2224 653 2304 procedatis
664 2222 762 2296 juxta
780 2221 928 2298 priorum
939 2235 1020 2280 con-

221 2327 396 2389 tinentiam
420 2324 607 2386 litterarum
632 2318 871 2381 nonobstante
895 2315 1020 2378 cousti-

220 2426 348 2488 tutione
363 2422 503 2485 concilii
517 2417 685 2496 generalis
698 2417 738 2478 de
751 2414 918 2492 aliquibus
932 2414 1019 2475 ultra

224 2523 307 2584 duas
330 2520 446 2582 diaetas
463 2520 559 2580 extra
579 2531 673 2578 suem
688 2514 857 2575 dioecesim
873 2512 914 2573 ad
924 2512 1019 2590 judi-

223 2622 311 2683 cium
324 2634 389 2680 non
397 2615 581 2679 trahendis.
590 2612 681 2687 Quod
691 2613 720 2674 si
730 2627 796 2673 non
807 2626 933 2681 omnes,
943 2610 1018 2677 etc„

223 2719 288 2780 duo
309 2717 473 2786 vestrum,
499 2715 562 2775 etc.
592 2712 711 2773 Datum
735 2708 904 2771 Ferentini
926 2710 1019 2769 sexto

222 2815 383 2877 kalendas
404 2811 555 2888 augusti,
580 2808 791 2888 pontificatus
812 2805 915 2868 nostri
931 2820 1020 2867 anno

224 2912 379 2976 secundo.

588 3049 665 3137 VII

321 3208 373 3266 Act
384 3206 561 3266 Arcdrecm
575 3215 693 3277 repam
707 3200 913 3274 acceperas.

520 3331 622 3403 181111.
646 3331 725 3388 1217.

302 3458 429 3524 [Thalnae
441 3458 606 3508 Monumauta
616 3453 761 3518 Hungarlu,
772 3453 793 3516 l,
803 3454 826 3511 8,
841 3467 866 3502 n.
881 3451 932 3517 11]

222 3579 296 3653 llegi
308 3576 463 3651 lluugarite
483 3570 611 3632 Pontifex
633 3572 836 3645 imperatorem
856 3569 1017 3629 Constanti·

257 3665 453 3739 nopotitanum
469 3670 497 3720 et
508 3660 682 3719 cardinalem
697 3661 726 3718 S.
743 3654 878 3717 Praxedis
891 3656 1019 3731 legatum

258 3754 413 3828 aquodam
437 3749 586 3811 Theodoro
611 3757 711 3823 captos
737 3746 824 3805 luisse
851 3746 1017 3816 annuntiat,

257 3844 412 3903 exhortans
427 3849 457 3899 ut
471 3840 507 3899 ad
519 3856 570 3898 eos
587 3837 765 3897 liberandum
781 3837 896 3894 nuntios
915 3835 1017 3893 mittat.

262 3980 430 4044 Honorius
441 3978 630 4055 episcopus,
648 3972 822 4036 carissimo
839 3972 873 4033 in
889 3971 1019 4033 Christo

223 4079 329 4139 tilio...
357 4076 482 4138 illustri
507 4074 578 4148 regi
600 4071 792 4147 Hungariae,
821 4070 961 4132 salutem
987 4070 1020 4130 et

223 4174 439 4254 apostolicam
451 4171 728 4232 benedictionem.

263 4271 393 4333 cibavit
406 4285 467 4330 nos
488 4268 646 4328 Dominus
670 4268 757 4328 Deus
773 4264 962 4342 absynthio,
987 4267 1020 4326 et

223 4368 401 4431 inebriavit
433 4364 654 4426 amaritudine
686 4365 830 4424 mentem
858 4363 1017 4435 nostram,

223 4468 301 4546 quia
320 4481 386 4527 vox
407 4461 654 4526 lamentationis
676 4462 709 4522 et
732 4459 857 4523 doloris
880 4459 1019 4522 auribus

224 4564 347 4629 nostris
375 4560 523 4623 insonuit
548 4581 555 4620 :
584 4558 801 4636 nuntiumque
821 4558 940 4619 durum
964 4574 1021 4620 re·

225 4664 372 4741 cepimus
397 4662 430 4722 et
449 4673 611 4729 amarum,
633 4656 790 4719 uidelicet
806 4656 1017 4717 carissimum

225 4762 330 4822 tilium
355 4763 392 4821 P.
416 4755 816 4833 constantinopolitanum
840 4754 1020 4831 imperato-

223 4875 294 4921 rem
317 4857 491 4927 illustrem,
514 4855 548 4916 et
566 4854 721 4915 dilectum
742 4853 847 4914 lilium
869 4856 1020 4915 nostrum

223 4959 280 5019 J...
292 4954 380 5016 tituli
393 4956 516 5015 sanctae
532 4952 693 5013 Praxedis
707 4950 935 5027 presbyterum
950 4967 1021 5012 car·

226 5051 381 5122 dinalem,
406 5049 604 5126 Apostolicae
625 5048 719 5110 Sedis
738 5049 895 5125 legatum,
917 5065 936 5109 a
955 5064 1019 5109 ne-

224 5151 324 5214 fando
345 5150 379 5211 et
405 5146 531 5225 perfido
557 5146 730 5209 Theodoro
755 5146 1021 5223 proditionaliter

225 5252 338 5327 captos
355 5261 440 5317 esse,
469 5245 582 5305 multis
609 5259 724 5305 eorum
752 5245 911 5321 quicum
938 5244 1020 5321 ipsis

224 5348 332 5416 erant,
341 5343 521 5407 crudeliter
532 5342 738 5418 interemptis
752 5342 808 5402 sin
820 5358 884 5418 quo
893 5342 958 5403 etsi
969 5358 1022 5403 oc·

225 5446 369 5505 cisorum
378 5440 623 5517 multitudinem
635 5440 819 5516 lugeamus,
834 5443 867 5500 et
877 5440 1022 5517 praedic-

224 5542 333 5601 torum
352 5538 562 5618 imperatoris
584 5535 731 5613 allegati
746 5537 898 5614 personis
914 5538 1022 5600 conti-

1075 2129 1264 2207 imperator,
1286 2127 1342 2205 qui
1363 2127 1423 2189 tibi
1451 2129 1518 2189 tam
1536 2128 1721 2204 propinquo
1737 2127 1876 2188 vinculo

1074 2230 1124 2288 est
1139 2229 1344 2305 conjunctus,
1360 2226 1432 2285 sine
1445 2226 1558 2286 nostra
1574 2226 1607 2286 et
1624 2227 1682 2286 tua
1698 2224 1826 2302 injuria
1843 2228 1878 2285 et

1074 2324 1250 2402 opprobrio
1266 2323 1398 2384 valeant
1411 2314 1562 2384 detineri.
1577 2323 1760 2383 Hortamur
1772 2322 1877 2398 igitur

1073 2425 1164 2483 tuam
1179 2420 1402 2494 serenitatem,
1426 2436 1582 2497 rogamus
1604 2422 1637 2482 et
1658 2419 1876 2481 obsecramus

1074 2520 1270 2592 inllomino,
1285 2520 1459 2597 quatenus,
1470 2519 1560 2581 omni
1571 2535 1663 2580 mora
1674 2519 1874 2595 postposita,

1074 2618 1237 2680 solemnes
1262 2617 1453 2678 nuntiusad
1473 2615 1646 2694 praelatum
1661 2616 1877 2677 Theodorum

1074 2715 1251 2777 cumomni
1269 2714 1482 2777 testinatione
1496 2714 1715 2782 transmittas,
1731 2716 1766 2775 et
1779 2714 1821 2774 ab
1837 2730 1876 2776 eo

1074 2813 1285 2890 imperatoris
1308 2814 1340 2874 et
1360 2805 1541 2874 cardinalis
1561 2828 1723 2889 personas
1740 2808 1875 2873 blandis

1074 2927 1194 2988 aspera
1204 2911 1362 2987 regaliter
1373 2903 1584 2971 admiscendo
1595 2910 1751 2987 requiras
1770 2926 1778 2965 z
1796 2906 1875 2988 quia

1075 3009 1281 3081 confidimus,
1314 3008 1400 3086 quod
1427 3024 1485 3070 eos
1513 3008 1786 3073 consideratione
1816 3011 1875 3070 tua

1074 3108 1229 3169 restituat
1251 3106 1412 3178 libertati,
1439 3106 1624 3184 praesertim
1650 3108 1805 3167 metuens
1825 3106 1875 3167 tui

1075 3205 1242 3267 exercitus
1267 3205 1474 3282 apparatum,
1495 3220 1592 3282 quem
1609 3204 1676 3281 ipsi
1696 3205 1808 3265 nuntii
1827 3204 1876 3266 tui

1074 3302 1137 3363 sibi
1148 3304 1304 3380 poterunt
1313 3301 1485 3362 insinuare
1498 3300 1678 3378 prudenter
1691 3302 1875 3373 innuendo,

1074 3402 1106 3462 te
1129 3417 1267 3461 usurum
1288 3399 1428 3471 viribus,
1451 3400 1480 3459 si
1504 3400 1666 3476 proficere
1681 3400 1877 3476 nequiveris

1074 3498 1228 3576 precibus
1238 3497 1324 3575 apud
1333 3513 1419 3558 eum.
1432 3499 1551 3559 Datum
1564 3496 1748 3568 Ferentini,
1761 3500 1790 3557 V
1806 3497 1874 3558 kal.

1073 3596 1224 3674 Augusti,
1239 3594 1451 3674 pontificatus
1466 3595 1572 3658 nostri
1587 3611 1677 3657 anno
1689 3595 1853 3657 secundo.

1178 3939 1231 3999 Ad
1256 3939 1290 3999 G.
1318 3939 1496 4000 dmentem
1514 3938 1759 4011 prepositum.

1370 4068 1406 4127 28
1416 4068 1467 4142 jnt.
1484 4067 1562 4126 121⁷.

1121 4192 1249 4255 sihctrici,
1259 4194 1423 4244 llonumenta
1434 4193 1578 4257 ilungarie,
1594 4197 1613 4243 t
1629 4194 1648 4252 l,
1660 4208 1687 4258 p.
1699 4193 1726 4251 7,
1737 4205 1766 4243 n·
1779 4194 1831 4259 ll.]

1073 4318 1262 4377 Conllrmatur
1276 4319 1338 4393 ejus
1358 4319 1459 4377 electio
1474 4318 1503 4375 in
1517 4317 1683 4392 episcopum
1705 4318 1874 4377 albensem.

1113 4462 1280 4525 Honorius
1315 4465 1500 4542 episcopus,
1541 4464 1616 4536 etc,
1647 4464 1772 4528 dilecto
1808 4466 1877 4527 tilio

1074 4563 1107 4621 C.
1117 4561 1253 4622 Albensi
1262 4562 1450 4639 praeposito,
1460 4562 1601 4625 salutem
1613 4563 1878 4640 etapostolicam

1073 4659 1348 4721 benedictionem.

1114 4758 1238 4820 Electlo
1263 4773 1323 4835 per
1345 4757 1483 4821 dilectos
1505 4759 1591 4821 tilios
1613 4757 1800 4836 capitulum
1818 4759 1879 4821 nl-

1073 4855 1185 4916 beasis
1208 4856 1370 4927 ecclesiae,
1399 4856 1564 4919 carissimi
1592 4857 1627 4918 iu
1655 4857 1792 4920 Christo
1816 4858 1879 4918 tilii

1075 4954 1180 5015 nostri
1191 4958 1243 5026 A„
1265 4953 1405 5015 illustris
1420 4955 1509 5031 regis
1526 4954 1682 5031 Ungariae
1703 4956 1879 5034 tamquam

1075 5051 1206 5129 patroni
1220 5049 1397 5113 accedente
1411 5067 1562 5120 assensu,
1579 5051 1620 5114 de
1640 5053 1699 5114 tua
1718 5069 1877 5129 persona,

1075 5147 1241 5210 celebrata
1251 5147 1347 5209 nobis
1356 5164 1415 5225 per
1425 5149 1675 5226 ipsiuscapituli
1683 5150 1717 5211 et
1727 5150 1880 5227 ejusdem

1074 5246 1163 5323 regis
1188 5245 1316 5307 litteras
1340 5248 1373 5308 et
1390 5246 1543 5308 nuntium
1567 5246 1744 5324 speciales,
1768 5248 1882 5310 extitit

1076 5344 1275 5421 praesentata
1289 5343 1499 5420 supplicatio,
1512 5347 1549 5407 ut
1562 5344 1713 5406 eamdem
1724 5361 1786 5423 per
1799 5362 1882 5408 con·

1077 5440 1274 5502 ltrmatiouis
1286 5441 1441 5517 gratiam,
1456 5441 1631 5503 admittere
1646 5441 1878 5517 dignaremur.

1075 5539 1144 5600 Nos
1173 5540 1284 5600 autem
1312 5553 1428 5601 eorum
1456 5540 1559 5617 Justts
1591 5539 1879 5618 postulationibus
