3968 6204
230 324 289 389 lle
389 262 397 283 ⁸
693 324 871 387 HONORII
892 323 938 385 111
959 322 1108 386 OPERA.
1125 353 1163 370 -
1179 326 1414 393 sandonus.
1822 330 1884 394 lae

230 487 336 568 ipsius
360 485 442 550 lacit
464 483 627 553 inuenire.
643 484 744 547 Actus
768 484 880 563 justus
900 484 974 558 erit,
1000 484 1030 546 si
1082 486 1206 550 malum
1230 489 1263 552 et
1276 488 1381 552 iacias
1402 488 1538 566 bonum,
1553 489 1683 553 dimitto
1696 492 1835 570 peccata
1846 493 1884 555 et

229 586 332 649 luerit
345 586 467 659 rectus,
492 584 692 655 fructuosus,
716 583 879 646 discretus
894 606 902 644 ε
918 583 1029 645 rectus
1082 586 1226 664 recipias
1241 588 1394 651 virtutes.
1417 590 1569 666 Exsurge
1580 605 1641 667 per
1650 590 1883 666 penitentiam

231 685 423 763 perbonam
439 682 668 752 intentionem,
683 681 1028 760 discretuspermen-
1082 684 1116 746 et
1140 685 1364 761 cognitionem
1392 687 1524 760 cordis,
1553 689 1587 749 et
1613 688 1816 753 illuminabit
1846 690 1884 751 te

231 778 345 845 suram
366 779 608 860 possibilitatis,
623 780 811 842 fructuosus
829 797 889 859 per
903 781 1031 842 utilita-
1082 782 1246 855 Christus,
1263 784 1360 857 idest,
1375 784 1577 847 condonabit
1597 780 1671 858 tibi,
1699 786 1785 848 siout
1806 787 1883 865 ipso

229 882 297 943 tem
315 880 553 958 proximorum.
571 881 696 941 Sensus
711 879 786 957 pius
806 879 881 952 erit,
899 879 928 940 si
947 878 1029 941 tides
1082 880 1168 943 dixit
1200 896 1260 959 per
1289 882 1496 945 Ezechielem
1518 905 1526 944 ε
1551 886 1769 959 οααθῖιθηᾳθθ
1793 888 1885 947 bora

232 980 346 1041 nostra
361 979 463 1041 sentit
486 994 613 1040 summe
632 980 810 1056 potentem,
832 992 959 1040 summe
974 993 1032 1039 sa·
1079 980 1243 1054 peccator
1254 981 1599 1057 concordantem...
1611 978 1743 1061 (Ezech.
1754 998 1881 1057 xxxin,

231 1077 389 1157 piantem,
410 1092 538 1138 siunme
554 1076 686 1151 bonum,
702 1078 812 1155 utpar
825 1074 1031 1154 ejuspoten-
1084 1076 1149 1157 12).
1176 1077 1270 1140 Unde
1298 1079 1404 1141 David
1417 1078 1535 1142 orabat
1559 1079 1674 1142 dicens
1695 1084 1885 1143 :illumina

230 1175 315 1237 tiam
328 1176 475 1237 nostram
493 1175 667 1237 credamus
685 1176 776 1237 vinci
790 1174 1028 1246 infirmitatem,
1081 1179 1196 1262 oculor
1217 1191 1312 1239 meos
1335 1191 1379 1241 nc
1406 1192 1561 1252 utiquam
1593 1179 1807 1240 obdormiam
1843 1181 1885 1241 tn

232 1290 294 1353 per
316 1276 390 1352 ejus
413 1274 613 1351 sapientiam
627 1274 775 1336 nostram
797 1273 922 1350 corrigi
934 1273 1032 1349 igno-
1082 1276 1197 1337 morde
1222 1273 1293 1355 (Ρε.
1319 1276 1368 1347 12,
1394 1273 1439 1355 4),
1466 1274 1564 1348 idest,
1589 1275 1741 1337 illumina
1766 1276 1884 1338 oculos

231 1372 388 1444 rentiam,
405 1376 551 1450 perejus
574 1371 757 1434 bonitatem
785 1372 933 1434 nostram
957 1388 1032 1435 cre·
1084 1372 1194 1437 cordis
1205 1373 1337 1446 moine
1347 1389 1492 1451 unquam
1500 1373 1706 1436 obdormiam
1716 1375 1751 1435 in
1761 1377 1882 1450 morte,

231 1470 349 1533 damus
377 1470 460 1532 dilui
494 1470 714 1548 iniquitatem.
744 1469 823 1531 Tria
849 1470 926 1532 sunt
957 1486 1031 1548 quae
1084 1470 1179 1545 idest,
1200 1487 1243 1533 ne
1264 1472 1391 1533 moriar
1402 1472 1438 1533 in
1451 1472 1586 1550 peccato
1606 1471 1785 1534 criminali.
1796 1474 1885 1545 Quia

232 1570 371 1631 mortem
387 1570 577 1631 sanctorum
601 1566 729 1631 iaciunt
748 1568 896 1646 pretiosa
912 1591 920 1629 ε
937 1570 1031 1647 quies
1083 1566 1172 1631 siout
1183 1570 1263 1631 dicit
1278 1568 1470 1631 Hilariuszu
1483 1571 1658 1632 Peccatum
1669 1570 1755 1649 quod
1768 1571 1803 1631 in
1817 1571 1885 1633 hac

230 1664 398 1738 alabore,
415 1667 573 1744 gaudium
594 1666 635 1729 de
663 1665 847 1739 nativitate,
869 1668 1031 1729 securitas
1083 1669 1153 1729 rita
1181 1684 1248 1730 non
1258 1668 1450 1744 corrigitur,
1462 1671 1535 1746 ejus
1544 1669 1643 1731 venia
1658 1670 1731 1746 post
1741 1670 1885 1731 mortem

231 1764 274 1827 de
286 1764 483 1826 aeternitate.
1084 1766 1209 1827 frustra
1228 1766 1460 1844 postulatur.»
1478 1768 1527 1829 De
1539 1768 1644 1829 morte
1656 1766 1808 1828 aeternali
1821 1783 1884 1829 re·

273 1862 431 1940 Sequitur
446 1884 453 1923 :
470 1863 556 1924 Nolo
575 1866 715 1925 mortem
738 1862 934 1942 peccatoris.
954 1862 1031 1925 ldeo
1084 1865 1226 1940 surgunt
1241 1865 1336 1934 nulli,
1350 1860 1429 1942 quia
1445 1879 1563 1926 omnes
1581 1880 1806 1941 resurgemus,
1822 1864 1884 1926 sed

232 1960 320 2023 Deus
346 1962 485 2023 mortem
510 1960 694 2039 peccatoris
720 1977 787 2023 non
812 1961 901 2033 vult,
931 1960 1030 2039 quia,
1085 1978 1151 2023 non
1176 1978 1291 2024 omnes
1315 1962 1566 2024 immutabimur
1588 1965 1700 2030 :onio
1723 1977 1794 2025 recu
1815 1978 1884 2025 re-

231 2058 320 2120 sicut
334 2057 415 2121 dicit
428 2059 610 2136 Sapientia,
633 2061 722 2120 Deus
744 2060 883 2121 mortem
899 2075 966 2120 non
979 2059 1032 2119 se-
1084 2062 1230 2138 eurqeut
1241 2064 1341 2136 impii
1358 2063 1546 2133 injudicio,
1562 2061 1885 2135 acquepeccutorcs

233 2156 289 2229 cit,
307 2156 364 2218 sed
388 2156 484 2234 impii
507 2155 663 2217 manibus
687 2157 720 2219 θῖ
743 2155 853 2218 verbis
879 2172 1034 2219 accerse·
1085 2162 1122 2220 tu
1135 2162 1277 2220 concilio
1289 2159 1470 2231 justorum
1480 2154 1549 2237 (Ps.
1567 2160 1597 2230 1,
1613 2155 1658 2237 5).
1672 2157 1766 2220 Unde
1778 2160 1887 2220 Joan-

232 2257 313 2317 runt
331 2254 436 2316 illam.
460 2254 538 2317 Ideo
559 2256 671 2317 autem
696 2254 838 2316 mortem
860 2271 927 2317 non
941 2256 1030 2329 fecit,
1086 2272 1144 2317 nes
1159 2256 1194 2317 in
1207 2256 1408 2334 Apocalypsi
1425 2277 1433 2317 ε
1449 2258 1492 2318 Iu
1509 2258 1628 2319 dicbus
1641 2258 1722 2328 tilte,
1748 2256 1887 2318 tdoettu

232 2352 311 2431 quia
336 2352 422 2430 quod
446 2352 646 2426 factumest,
662 2353 698 2414 in
717 2352 790 2429 ipso
810 2354 892 2426 erat,
909 2354 943 2414 et
956 2353 1031 2415 ideo
1078 2357 1227 2426 judicto,
1257 2353 1416 2429 mereat
1433 2354 1631 2429 peccatores
1658 2354 1824 2425 retortam,
1849 2352 1886 2415 et

232 2449 323 2528 quod
338 2450 461 2512 lactum
476 2452 527 2512 est
547 2451 582 2511 in
601 2450 753 2527 ipscrita
766 2451 849 2524 erat,
866 2452 945 2529 quia
960 2452 1032 2528 ipse
1084 2467 1154 2514 riou
1178 2453 1368 2521 invenient,
1389 2451 1422 2514 et
1450 2451 1693 2514 &adorabunt
1715 2453 1819 2522 mort,
1846 2450 1884 2512 et

233 2550 285 2611 est
298 2548 365 2622 via,
380 2547 505 2611 ueritas
526 2549 560 2611 et
579 2548 659 2611 rita.
686 2547 764 2610 Ideo
790 2565 921 2628 quoque
944 2551 1032 2611 Deus
1084 2564 1181 2613 urors
1210 2551 1321 2627 motet
1344 2552 1389 2612 cb
1410 2552 1463 2612 ete
1495 2547 1610 2628 (apoc.
1634 2564 1687 2622 lx,
1712 2547 1759 2628 d).
1788 2549 1885 2611 Unde

234 2648 373 2709 mortem
404 2647 589 2725 peccatoris
624 2663 691 2709 non
719 2647 809 2717 vult,
836 2647 917 2725 quia
942 2663 1032 2711 mors
1086 2647 1263 2711 Psalmista
1280 2669 1288 2707 ε
1304 2649 1395 2708 Mors
1416 2648 1628 2724 peccatorum
1649 2646 1795 2724 pessima
1817 2647 1883 2708 est.

232 2744 446 2823 pcccatorum
471 2744 616 2823 pessima
644 2746 704 2807 est.
726 2744 803 2807 ldeo
825 2747 936 2808 autem
952 2761 1031 2824 pes·
1125 2748 1216 2808 Mors
1241 2746 1453 2823 peccatorum
1474 2760 1541 2806 non
1563 2746 1693 2807 tantum
1708 2744 1806 2818 mala,
1824 2744 1885 2807 sed

235 2843 332 2917 sima,
347 2843 425 2921 quia
435 2845 564 2906 mortuo
579 2843 714 2905 homine
725 2843 838 2923 impio,
853 2843 945 2905 nulla
956 2860 1032 2921 spes
1086 2845 1230 2922 pessima
1242 2859 1317 2904 esse
1332 2842 1464 2915 dicitur,
1481 2843 1559 2920 quia
1573 2843 1781 2920 peccatorem
1793 2842 1885 2920 rapit

234 2941 300 3003 erit
312 2942 352 3002 de
367 2941 436 3003 illo.
449 2941 527 3003 Ideo
542 2941 742 3013 veronulla,
757 2942 835 3020 quia
851 2941 886 3002 in
901 2941 1032 3003 inferno
1086 2943 1127 3003 ad
1142 2941 1341 3019 gebennam.
1356 2943 1403 3002 Ila
1418 2956 1561 3018 namque
1576 2940 1682 3003 morte
1694 2940 1793 3001 simul
1805 2956 1883 3001 mo-

234 3038 326 3101 nulla
347 3041 398 3100 θεῖ
423 3039 617 3116 redemptio.
643 3038 707 3101 Sed
731 3038 767 3100 in
781 3039 851 3101 vita
875 3038 1032 3116 praesenti
1085 3041 1172 3103 ritur
1181 3038 1301 3117 corpus
1316 3041 1349 3102 et
1358 3039 1472 3101 anima
1489 3054 1557 3100 non
1572 3038 1776 3101 aeternaliter
1784 3038 1887 3100 amit-

235 3136 358 3198 accidit
376 3152 395 3197 θ
414 3137 594 3209 contrario,
610 3136 687 3214 quia
700 3137 966 3215 quantacumque
990 3137 1034 3199 sit
1085 3139 1192 3201 tentes
1212 3139 1327 3210 vitam,
1351 3136 1409 3199 sed
1430 3138 1508 3199 ritae
1522 3136 1771 3198 beatitudinem.
1788 3135 1886 3197 Unde
1915 3132 1922 3144 '

110 3254 111 3257 ¹
235 3234 351 3295 nostra
362 3234 509 3304 miseria,
521 3237 628 3312 major
643 3235 775 3313 esteJus
785 3234 1030 3310 misericordia3
1086 3237 1267 3314 Gregorius
1284 3257 1292 3298 ε
1308 3252 1327 3295 u
1343 3235 1464 3298 Anima
1484 3235 1555 3296 illic
1569 3234 1679 3312 posita
1694 3250 1761 3296 non
1776 3232 1887 3311 perdit

236 3332 501 3409 quantacumque
525 3332 569 3395 sit
591 3333 705 3395 nostra
733 3332 898 3409 impletas,
926 3335 1034 3411 major
1085 3351 1171 3407 csse,
1192 3334 1249 3398 sed
1272 3333 1381 3412 perdit
1394 3349 1470 3397 esse
1483 3333 1767 3395 beatam.»Unde
1788 3326 1888 3393 Psal-

234 3429 286 3491 est
309 3430 415 3507 pietas
437 3446 509 3492 sua.
535 3430 640 3504 Absit,
666 3431 703 3493 ut
724 3430 938 3509 desperemus
958 3447 1032 3492 cum
1085 3434 1184 3496 mista
1201 3455 1209 3494 ε
1224 3434 1320 3496 Sicut
1333 3437 1466 3496 oues'tu
1477 3434 1616 3508 inferno
1623 3432 1731 3507 positi
1741 3431 1835 3503 sunt,
1850 3430 1888 3492 ct

233 3528 317 3589 Cain
342 3528 522 3591 dicentes:
549 3532 659 3607 major
690 3531 741 3590 θεῖ
774 3529 935 3607 iniquitas
959 3543 1033 3590 mea
1085 3548 1182 3595 neore
1191 3531 1351 3607 deposcet
1362 3528 1514 3609 dlosffs.
1526 3530 1577 3603 48,
1587 3528 1632 3609 5).
1645 3528 1886 3591 Αθεὶᾶίθθεθῖι

233 3642 333 3704 quani
354 3628 390 3689 ut
410 3628 543 3689 reniam
564 3644 707 3701 merear,
724 3627 959 3706 propterquod
974 3627 1033 3688 ille
1086 3630 1174 3692 sicut
1187 3645 1266 3691 oves
1281 3644 1348 3690 non
1363 3627 1524 3690 radicitus
1536 3626 1659 3690 herbas
1672 3622 1809 3698 vellunt,
1823 3625 1887 3688 sed

233 3738 338 3800 vagus
353 3725 386 3786 θῖ
398 3723 558 3802 prologus
572 3725 656 3788 abiit
668 3740 770 3803 super
781 3728 917 3786 terram.
1086 3727 1294 3790 summitates
1306 3729 1458 3806 carpunt,
1473 3726 1511 3789 ut
1522 3740 1653 3805 semper
1666 3725 1890 3787 renascantur

273 3822 359 3884 Nolo
383 3824 523 3885 mortem
543 3823 739 3901 peccatoris.
762 3823 883 3901 Utique
908 3822 1033 3885 distin·
1086 3825 1199 3889 herbae
1221 3825 1266 3889 ad
1285 3828 1427 3904 pastum,
1449 3826 1495 3888 ita
1518 3840 1609 3887 mors
1629 3821 1804 3885 infernalis
1818 3835 1889 3883 non

235 3921 402 3997 guendum
417 3923 468 3983 θεῖ
482 3922 570 3984 inter
593 3924 732 3984 mortem
756 3922 790 3985 et
810 3921 960 3983 mortem.
978 3921 1035 3983 Est
1087 3924 1254 3988 consumit
1276 3923 1443 3993 homines,
1474 3922 1532 3983 sed
1561 3921 1700 3996 aflligit,
1724 3922 1760 3981 ut
1787 3919 1889 3981 homo

236 4018 326 4079 enim
340 4035 431 4082 mors
444 4018 642 4096 corporalis,
666 4020 851 4096 spiritualis
871 4026 905 4082 θῖ
930 4022 1033 4081 aeter·
1087 4038 1219 4101 semper
1239 4020 1330 4084 vivat
1350 4019 1391 4081 ad
1416 4019 1566 4080 mortem.
1592 4019 1686 4079 Mors
1702 4017 1888 4094 corporalis

234 4116 334 4178 nalis.
357 4117 471 4178 Prima
495 4116 658 4189 esthona,
686 4116 831 4179 secunda
859 4118 911 4180 est
933 4117 1032 4190 mala,
1087 4120 1188 4183 vitari
1213 4135 1281 4181 non
1306 4117 1426 4197 potest,
1446 4130 1508 4177 nec
1530 4113 1743 4187 estuitanda,
1768 4114 1799 4175 si
1812 4129 1890 4175 eam

235 4213 335 4276 tertia
347 4215 400 4275 est
408 4215 564 4291 pessima.
574 4217 612 4275 ln
623 4214 730 4291 prima
740 4215 915 4292 separatur
922 4216 1033 4277 anima
1087 4217 1157 4280 rita
1168 4214 1379 4294 praecesserit
1393 4214 1520 4285 sancta,
1532 4213 1703 4291 quietunc
1721 4212 1889 4277 eritmors

236 4327 421 4389 acorpore.
446 4315 484 4374 ln
510 4312 655 4374 secunda
674 4313 849 4390 separatur
872 4314 985 4375 anima
1014 4330 1034 4376 a
1086 4314 1245 4393 pretiosa.
1269 4313 1359 4374 Mors
1390 4309 1559 4373 aeternalis
1586 4310 1685 4373 uitari
1708 4310 1832 4386 potest,
1858 4309 1890 4370 si

236 4412 315 4472 Deo.
331 4413 368 4471 ln
378 4410 478 4473 tertia
494 4409 606 4472 anima
621 4427 696 4473 cum
715 4425 856 4488 corpore
873 4412 1033 4473 condem·
1087 4413 1211 4476 vitetur
1224 4409 1420 4489 spiritualis,
1433 4410 1511 4487 quia
1522 4424 1581 4487 per
1591 4407 1798 4485 spiritualem
1809 4422 1892 4484 per·

237 4500 372 4570 nabiter
385 4508 570 4587 injudicio.
595 4511 643 4571 De
662 4509 768 4571 morte
782 4509 959 4587 corporali,
974 4526 1034 4571 re·
1087 4511 1222 4574 venitur
1233 4510 1275 4572 ad
1288 4508 1491 4572 aeternalem.
1504 4509 1596 4570 Mors
1607 4508 1717 4568 autem
1728 4505 1892 4582 spiritua-

239 4608 383 4685 surgunt
394 4624 521 4682 omnes,
536 4607 615 4685 quia
630 4623 744 4670 omnes
760 4608 932 4680 morimur,
949 4608 1036 4670 sicut
1088 4611 1131 4672 lis
1145 4609 1323 4688 tripliciter
1335 4608 1386 4671 nt:
1399 4609 1518 4681 mente,
1531 4606 1657 4683 lingua,
1669 4619 1780 4665 manu.
1794 4604 1890 4666 Unde

235 4707 318 4770 dicit
341 4705 522 4793 Salomon:
543 4708 589 4769 nt
610 4721 712 4769 nemo
739 4706 791 4769 θεῖ
814 4709 874 4781 qut
897 4721 1036 4782 semper
1089 4707 1267 4771 Psalmista
1291 4729 1299 4768 :
1326 4705 1487 4782 eoiwepd
1511 4707 1663 4768 dolorem
1686 4701 1728 4773 ¹ct
1747 4703 1893 4777 peperit

235 4806 342 4879 oleat,
371 4807 405 4869 ct
428 4806 487 4881 pact
513 4809 617 4880 beuter
644 4808 698 4868 red
725 4804 847 4868 babeat
873 4806 1036 4877 fidiculam
1089 4805 1319 4881 eremitatem.
1336 4807 1466 4866 Locum
1478 4801 1618 4877 aperuit
1631 4800 1794 4876 etcffodit
1807 4814 1891 4861 erim

236 4902 352 4980 (Eccli.
366 4919 414 4976 ix,
429 4902 474 4982 4).
486 4905 525 4965 Εῖ
539 4904 644 4967 David
659 4926 667 4965 :
684 4904 764 4977 Quis
783 4903 834 4965 est
857 4903 956 4964 bomo
978 4902 1035 4981 qui
1089 4904 1161 4984 (Pe.
1183 4906 1214 4977 7,
1237 4900 1301 4982 16).
1324 4901 1483 4979 Concepit
1497 4908 1607 4961 mente
1628 4897 1787 4964 dolorem,
1802 4896 1892 4961 idest

236 5001 334 5071 vivit,
346 5002 379 5063 et
391 5017 457 5063 non
471 5001 760 5064 ridebitmortem.
781 5004 828 5064 De
840 5002 946 5063 morte
961 5001 1034 5078 spi·
1088 5001 1335 5078 cogitationem,
1349 5000 1439 5060 mala
1462 4996 1573 5058 iacere
1593 4995 1804 5058 machinatus
1826 4994 1889 5068 est,

236 5099 352 5163 rituali
365 5100 545 5174 resurgunt
558 5099 675 5177 aliqui,
690 5100 768 5178 quia
783 5099 841 5161 alii
857 5100 1036 5177 resurgunt
1089 5100 1209 5179 quibus
1224 5098 1266 5159 ad
1290 5097 1440 5158 dolorem
1459 5097 1659 5173 perpetuum.
1676 5091 1889 5170 peruenitur3

236 5199 441 5276 adpoenam,
467 5196 528 5257 alii
553 5197 721 5259 advitam
746 5197 917 5272 aeternam,
946 5198 1035 5259 unde
1088 5199 1123 5260 et
1143 5196 1272 5276 peperit
1293 5193 1523 5271 iniquitatem,
1553 5192 1659 5263 idest,
1694 5191 1892 5271 conceptam

236 5294 414 5375 spostolus
431 5295 563 5369 :Sacrae
585 5297 645 5367 qut
668 5297 811 5369 dormtr,
827 5297 861 5358 et
883 5310 1036 5372 eceterae
1087 5295 1300 5374 iniquitatem
1308 5291 1424 5369 lingua
1432 5288 1668 5352 manifestarit.
1680 5291 1803 5351 Lacum
1814 5302 1895 5364 ape-

236 5412 259 5457 α
298 5393 469 5463 retortum,
507 5390 542 5452 et
570 5393 774 5455 ddumtuobtt
810 5394 843 5456 tc
878 5395 1036 5456 curetas
1090 5394 1159 5456 ruit
1187 5394 1221 5454 θῖ
1251 5390 1368 5453 effodit
1404 5389 1514 5461 illum,
1545 5386 1650 5460 idest,
1680 5385 1895 5464 iniquitatem

236 5491 334 5571 (Epli.
359 5504 394 5560 u,
415 5487 479 5569 14).
508 5488 610 5561 Quasi
636 5489 761 5553 diceret
784 5507 829 5554 :o
855 5492 955 5554 liomo
979 5492 1036 5571 qui
1091 5507 1189 5570 quam
1225 5490 1336 5552 mente
1361 5486 1581 5565 conceperat,
1605 5488 1639 5546 θῖ
1664 5484 1779 5561 lingua
1808 5498 1893 5561 pro-

238 5588 364 5651 dormis
379 5588 413 5649 in
428 5586 543 5649 multis
563 5587 707 5652 uitiiset
727 5590 897 5653 erroribus
911 5591 944 5653 et
957 5606 1037 5668 pec·
1090 5590 1244 5660 duxerat,
1267 5586 1381 5664 operis
1405 5583 1645 5648 consuetudine
1677 5596 1895 5644 consumma-

232 5685 337 5760 catis,
366 5700 511 5765 exsurge
537 5702 558 5750 a
582 5687 745 5763 mortuis,
770 5686 878 5763 idest,
909 5688 1036 5753 dimitte
1104 5685 1146 5753 -t.
1178 5689 1265 5764 Ergo
1292 5684 1527 5748 convertamur
1555 5681 1599 5745 ad
1630 5678 1828 5751 Dominum,
1856 5680 1895 5742 ut
