3928 6200
232 316 290 378 ιιι
320 270 326 281 ’
699 312 875 375 nononn
897 314 943 373 111
964 313 1113 376 orsas.
1130 343 1168 358 -
1183 314 1415 377 seauouss.
1824 320 1888 380 ιιι

232 476 330 547 idest,
347 473 381 535 in
393 471 623 537 mansionibus
639 473 801 549 quaesunt
815 470 957 535 indomo
970 473 1031 535 Pa·
1084 474 1194 536 cordis
1226 476 1425 537 contritione
1451 475 1563 537 anima
1589 475 1742 552 lavatur3
1760 477 1797 537 in
1819 478 1888 539 oris

232 574 305 645 tris,
331 572 419 634 idest
449 573 483 632 in
512 572 637 632 aterna
664 568 890 631 tabernacula.
920 573 1030 632 Molos
1085 571 1293 634 confessione
1317 589 1416 650 poena
1435 572 1646 635 modificatur
1666 574 1698 637 et
1718 577 1890 650 tempera-

233 673 350 733 nalem
378 674 475 745 fores
494 668 677 739 labeant,
694 667 790 740 idest,
818 667 853 728 in
873 667 1028 729 tenebras
1083 670 1158 742 tur3
1174 669 1210 729 in
1231 671 1341 746 operis
1365 670 1592 732 satisfactione
1607 671 1740 748 penitus
1757 671 1890 733 relaxa·

233 767 427 836 exteriores,
442 764 538 835 idest,
555 763 589 824 in
613 763 791 826 internum.
810 765 903 827 Unde
926 767 1031 827 Joan-
1084 768 1151 826 tur.
1168 766 1201 826 ln
1215 767 1321 843 primo
1338 769 1483 830 Lazarus
1499 768 1533 828 in
1549 769 1764 830 monumento
1779 784 1890 830 resur·

232 881 292 926 nes
303 863 450 940 Baptista
467 884 474 921 :
493 867 598 937 Canas
613 864 844 925 ventilabrum
864 867 902 923 ln
923 878 1030 923 mona
1084 864 1147 937 git3
1165 863 1199 924 in
1215 865 1361 926 secundo
1373 865 1413 926 de
1431 867 1643 927 monumento
1659 866 1750 926 toras
1760 866 1887 942 prodit;

231 977 297 1024 sna
319 962 382 1031 est,
399 961 433 1021 et
452 961 696 1033 permundabit
717 975 840 1023 aream
862 975 974 1031 nmen,
997 961 1031 1021 et
1084 959 1119 1020 in
1151 961 1250 1022 tertio
1283 977 1343 1038 per
1370 960 1560 1038 apostolos,
1586 962 1739 1033 vincula,
1769 962 1891 1039 quibus

230 1058 449 1135 conprepcbit
473 1058 631 1119 triticam
658 1060 696 1119 in
718 1061 885 1120 borreum
914 1072 1028 1127 saara,
1085 1056 1208 1132 ligatus
1234 1060 1317 1129 orat,
1339 1058 1485 1135 deponit.
1504 1062 1541 1120 In
1568 1059 1675 1136 primo
1704 1060 1890 1120 ebornino

229 1156 480 1232 paleasoatera
494 1156 669 1217 comburet
683 1159 762 1232 ipae
776 1156 1031 1228 inexhaustibili
1085 1155 1209 1233 leprosi
1237 1157 1408 1218 emantur.
1429 1159 1466 1217 ln
1490 1156 1635 1219 secundo
1658 1158 1694 1218 ut
1712 1157 1891 1229 ostendant

219 1253 365 1335 ,illailla
391 1268 441 1324 ιιι,
469 1252 532 1332 12).
558 1252 787 1315 ventilabrum
814 1253 865 1314 est
889 1266 1030 1313 examen
1085 1270 1121 1315 se
1135 1252 1379 1325 sacerdotibus,
1398 1253 1650 1316 demandantur.
1672 1256 1710 1315 In
1728 1255 1890 1316 tertioad

233 1350 376 1413 districti
386 1350 517 1426 judicii,
534 1350 621 1427 quod
637 1349 734 1412 estin
755 1365 867 1421 mauu,
882 1348 979 1420 idest,
994 1349 1031 1410 in
1085 1351 1195 1412 castra
1212 1349 1254 1411 ab
1268 1350 1351 1427 ipsis
1373 1350 1600 1411 sacerdotibus
1621 1352 1835 1413 revocantur.
1854 1351 1891 1411 Si

232 1448 396 1526 potestate
418 1448 604 1530 christini
622 1446 822 1508 misereatur
839 1448 934 1522 cujus
946 1446 1028 1518 vult,
1085 1464 1165 1533 ergo
1176 1463 1237 1509 nos
1251 1464 1365 1508 sumus
1377 1448 1531 1525 palmites
1541 1448 1576 1508 in
1586 1448 1665 1519 vite,
1679 1448 1764 1509 illud
1774 1448 1891 1509 vinum

232 1548 267 1609 et
287 1546 341 1607 cui
355 1545 436 1616 vult,
461 1546 494 1607 et
514 1545 631 1622 puniat
649 1560 746 1621 quem
765 1543 847 1607 vult.
869 1547 958 1607 Area
981 1544 1032 1605 est
1085 1545 1181 1607 debet
1196 1544 1326 1609 anobis
1341 1545 1517 1621 profluere,
1542 1544 1628 1622 quod
1645 1545 1694 1606 sic
1715 1545 1890 1606 auditores

233 1644 393 1716 Ecclesia,
412 1643 490 1721 quia
503 1643 588 1704 sicut
602 1643 637 1703 in
653 1657 732 1703 area
742 1641 910 1717 ponuntur
924 1656 1031 1717 grana
1084 1642 1237 1714 inebriet,
1251 1645 1287 1703 ut
1299 1642 1429 1704 sobrios
1441 1642 1568 1715 reddat,
1585 1644 1618 1705 et
1627 1644 1661 1703 nt
1671 1643 1761 1704 calix
1774 1646 1889 1704 noster

233 1758 308 1802 cum
326 1741 443 1819 paleis,
455 1740 503 1801 1ιι
520 1741 555 1800 in
576 1739 724 1801 Ecclesia
742 1741 821 1801 sunt
836 1738 915 1800 boni
934 1738 1030 1800 mixti
1085 1756 1182 1817 quem
1197 1740 1368 1803 offerimus
1382 1741 1418 1800 in
1429 1740 1601 1813 allerisii
1613 1739 1784 1801 inebrians
1796 1743 1830 1801 et
1844 1741 1889 1802 sit

233 1856 308 1901 cum
333 1838 444 1910 malis,
472 1838 559 1899 sicut
576 1838 627 1899 est
646 1836 729 1897 illud
753 1836 842 1898 beati
863 1836 1028 1912 Gregorii.
1084 1836 1392 1914 quampraeclarus

232 1939 378 1997 «Pauca
393 1936 471 1997 sunt
489 1950 593 2011 grana
607 1950 681 2010 quae
694 1934 824 1995 horreis
841 1936 1028 2004 servantur,
1125 1935 1283 1997 Palmites
1309 1936 1387 1999 sunt
1414 1934 1539 2007 tideles,
1569 1951 1710 2012 quorum
1734 1936 1795 1996 alii
1819 1951 1888 1997 non

233 2034 312 2096 etin
325 2032 547 2095 numerabiles
562 2031 674 2092 acervi
682 2031 864 2106 palearum,
878 2032 935 2107 qui
947 2031 1031 2106 igni·
1085 2032 1210 2095 iaciunt
1238 2032 1392 2104 fructum,
1423 2032 1482 2094 alii
1514 2031 1642 2093 iaciunt
1664 2032 1808 2093 trucium
1827 2032 1899 2094 bo*

232 2129 295 2191 bus
323 2128 572 2191 comburuntur.
598 2144 617 2187 e
641 2128 744 2191 Pauci
768 2128 845 2189 sunt
871 2127 951 2189 boni
975 2128 1030 2205 qui
1085 2146 1176 2201 num,
1200 2129 1257 2191 sed
1281 2130 1431 2205 indigent
1459 2130 1667 2206 purgatione,
1697 2129 1778 2206 quia
1804 2132 1889 2192 tunc

232 2229 448 2288 assumuntur
459 2225 502 2287 ad
512 2241 662 2301 regnum,
673 2225 769 2286 multi
781 2227 857 2287 sunt
870 2226 960 2296 mali,
974 2226 1027 2303 qui
1085 2242 1267 2303 purgamus
1280 2227 1432 2304 palmites
1454 2227 1564 2288 cordis
1583 2228 1689 2288 nostrl
1705 2243 1724 2288 a
1742 2227 1837 2288 vitiis
1857 2230 1892 2290 et

232 2324 515 2386 comburenturin
536 2324 647 2399 ignem
660 2322 833 2394 aeternum,
850 2323 928 2399 quia
943 2323 1031 2384 sicut
1084 2325 1216 2386 nocivis
1237 2324 1493 2400 cogitationibus
1515 2342 1591 2386 cum
1609 2341 1801 2389 resecamus
1824 2326 1891 2385 mi-

232 2421 339 2484 bonus
363 2420 532 2483 laborator
546 2421 730 2490 uinearum,
743 2422 844 2482 mittit
860 2421 969 2496 capita
978 2421 1031 2479 vi·
1084 2438 1147 2483 nus
1163 2422 1261 2483 utiles
1276 2437 1335 2498 per
1350 2421 1562 2485 sobrietatem
1576 2421 1724 2484 ciborum
1740 2424 1774 2484 et
1787 2422 1892 2484 absti-

230 2520 313 2581 tium
327 2519 488 2580 subterra
504 2517 545 2579 ad
557 2518 726 2579 iaaendas
741 2518 882 2590 radices,
899 2518 936 2580 ut
949 2518 1031 2578 mul·
1083 2519 1231 2583 ιιιιιιιιιιι
1247 2506 1418 2583 vitiorum.
1443 2519 1536 2583 Unde
1552 2520 1656 2585 isaias
1673 2524 1890 2583 :Circumci-

231 2618 425 2694 tiplicentur
438 2617 535 2688 vites,
547 2616 594 2677 ita
607 2616 765 2678 bominus
776 2616 886 2677 firmat
898 2617 1032 2678 sanctos
1083 2619 1153 2681 dite
1167 2621 1273 2683 corda
1299 2618 1430 2690 cestra,
1453 2619 1729 2692 einoaoorporo
1751 2619 1888 2680 vestra.

232 2718 266 2776 et
282 2716 390 2792 justos
404 2715 440 2775 in
456 2713 618 2775 charitate
633 2716 666 2775 et
683 2713 887 2785 tortitudine,
901 2716 937 2775 ut
954 2731 1032 2790 pos·
1085 2715 1300 2779 Circumcisio
1321 2714 1431 2777 cordis
1450 2716 1500 2777 est
1521 2715 1652 2792 qnando
1676 2715 1777 2777 bomo
1806 2731 1893 2776 con-

234 2812 302 2874 sini
320 2812 541 2889 multiplicare
563 2811 599 2873 in
624 2827 762 2874 numero
791 2812 823 2873 ιι
838 2812 1030 2889 operatione
1084 2812 1168 2875 ιίιιιι
1182 2828 1239 2873 ιιι
1260 2829 1357 2875 suum
1380 2828 1400 2873 ι
1422 2811 1617 2873 crudelitate
1641 2816 1675 2873 et
1689 2813 1842 2873 uanitate
1857 2819 1891 2874 et

231 2909 329 2972 bona.
1085 2910 1182 2971 malis
1207 2909 1474 2986 cogitationibus.
1500 2913 1547 2971 De
1568 2909 1687 2987 quibus
1707 2909 1743 2970 in
1776 2912 1893 2970 Evan-

275 3011 314 3071 st
337 3008 423 3070 sicut
447 3007 618 3068 laborator
631 3007 805 3069 uinearum
827 3006 928 3082 plicat
946 3007 1030 3068 vites
1084 3008 1192 3083 gello:
1208 3012 1257 3069 De
1278 3011 1380 3071 corde
1396 3007 1525 3073 exeant
1535 3008 1888 3083 oopitaioaesmoloe,

234 3108 268 3168 et
281 3106 381 3167 mittit
397 3120 455 3165 eas
468 3103 528 3163 sub
542 3107 630 3164 terra
645 3103 687 3164 ad
709 3102 879 3164 iaciendas
899 3103 1030 3165 radices
1084 3107 1277 3176 nonantule,
1291 3105 1464 3167 canterio
1482 3102 1612 3183 (nanu.
1631 3121 1687 3176 xv,
1703 3103 1768 3182 19),
1785 3105 1819 3166 ιι
1834 3106 1897 3166 si-

233 3203 267 3264 ut
283 3199 482 3262 fructificent
493 3200 588 3270 vites,
605 3200 651 3261 ita
667 3215 727 3260 nos
742 3199 898 3260 debemus
913 3199 948 3260 in
962 3202 1032 3261 ter-
1085 3202 1190 3263 milia.
1208 3201 1301 3263 Unde
1320 3186 1445 3264 veritas
1460 3201 1605 3262 ibidem:
1621 3204 1660 3264 Sl
1677 3216 1806 3263 martas
1827 3203 1892 3265 luc

232 3313 305 3358 ram
320 3297 446 3373 plicare
460 3296 613 3373 palmites
634 3296 872 3371 cogitationum
897 3298 1031 3358 nostra-
1085 3306 1137 3361 nel
1143 3313 1207 3372 pes
1218 3300 1299 3360 tans
1312 3301 1523 3361 sccrldalizet
1538 3300 1582 3371 te,
1593 3302 1727 3361 αιιιιιιι
1742 3314 1835 3372 elim,
1853 3301 1895 3361 et

231 3411 318 3466 rum,
349 3393 537 3455 reducendo
569 3393 611 3455 ad
642 3393 836 3455 memoriam
862 3394 1031 3470 praeterita
1081 3400 1217 3475 projice
1231 3397 1336 3457 abste
1349 3395 1481 3475 (Mattb.
1494 3413 1592 3468 xvia,
1608 3396 1654 3475 8),
1668 3396 1765 3468 idest,
1782 3397 1813 3457 si
1824 3413 1899 3458 ιιιι-

233 3492 379 3570 peccata,
395 3491 543 3553 sicutest
558 3491 638 3551 illud
655 3491 842 3554 Salomonis
855 3508 862 3552 :
875 3494 952 3563 Fili,
969 3507 1030 3552 re·
1085 3494 1154 3554 lum
1170 3510 1252 3571 opus
1280 3494 1333 3555 vel
1359 3493 1447 3555 mala
1471 3494 1626 3556 voluntas
1645 3493 1889 3559 scandalizat..

231 3593 378 3651 cordore
390 3592 581 3650 noonsbno
601 3590 672 3659 tac,
684 3590 718 3651 et
730 3592 768 3650 in
777 3589 948 3650 oetanarn
962 3605 1031 3650 nora
1084 3594 1213 3653 Bonum
1227 3591 1277 3654 est
1289 3591 1349 3653 tibi
1360 3592 1401 3652 ad
1416 3592 1521 3654 uitam
1534 3586 1663 3667 ingredi
1679 3592 1825 3655 debilem
1838 3593 1898 3653 vel

229 3690 385 3761 peccabis
412 3685 514 3766 (Eccl.
542 3701 608 3757 vn,
632 3685 697 3765 lb).
727 3686 768 3747 Et
793 3685 882 3747 lob:
908 3689 1031 3749 Nactus
1086 3689 1251 3762 claudum,
1269 3705 1370 3766 quarn
1383 3689 1466 3751 duas
1481 3704 1599 3750 manus
1615 3691 1674 3751 aut
1688 3689 1771 3750 duos
1786 3690 1897 3766 pedes

233 3799 482 3861 eprcpsaasans
496 3787 538 3845 de
552 3785 652 3845 mero
665 3786 792 3846 nastris
806 3799 906 3856 mele,
917 3787 1031 3847 andan
1085 3786 1263 3849 babentem
1276 3788 1360 3848 mitti
1381 3787 1416 3847 in
1431 3787 1618 3862 gehennam
1633 3787 1732 3863 ignis.

159 3958 163 3965 .
230 3879 1030 3961 reuertariliactlob.1,21).li]pressasdenlero
1126 3885 1180 3945 Sic
1196 3884 1296 3946 etiam
1319 3883 1476 3945 debemus
1497 3886 1631 3946 mnsam
1649 3884 1759 3945 cordis
1779 3885 1892 3946 nostri

230 3981 264 4041 et
274 3983 453 4056 inpressas
465 3984 502 4041 tn
517 3980 699 4047 tanazitam,
711 3979 892 4043 novissima
906 3980 984 4041 sunt
998 3982 1030 4041 et
1085 3981 1250 4053 excolere,
1266 3982 1302 4043 ut
1313 3997 1524 4058 nequaquam
1538 3982 1609 4059 ipsa
1624 3981 1723 4044 vinea
1739 3997 1816 4057 quae
1831 3982 1894 4043 de-

229 4076 306 4138 ideo
332 4076 557 4137 memoranda.
587 4077 642 4137 Sic
667 4076 784 4152 plicuit
810 4078 911 4139 vitem
935 4093 1031 4137 suam
1084 4080 1140 4141 bet
1164 4095 1246 4140 uvas
1275 4078 1404 4150 lacere,
1435 4078 1606 4141 labruscas
1621 4079 1757 4141 inutiles
1775 4079 1894 4141 valeat

229 4172 408 4244 abrabam,
422 4174 554 4249 quando
568 4172 655 4234 dixit
671 4193 678 4232 :
694 4176 834 4246 Loquer
847 4176 893 4235 ad
906 4177 1027 4236 Donni»
1084 4177 1289 4251 germinare.
1309 4177 1383 4237 Non
1405 4175 1565 4237 iacientes
1580 4175 1723 4238 trucium
1738 4178 1818 4237 sunt
1835 4176 1889 4236 1111

230 4285 315 4331 ream
348 4285 480 4341 menno,
517 4285 596 4331 wne
630 4273 698 4330 sian
728 4273 843 4344 palcis
876 4271 910 4332 et
940 4275 1029 4333 clais
1085 4274 1140 4351 qui
1163 4289 1229 4334 non
1247 4272 1374 4334 iaciunt
1391 4272 1525 4350 aliquod
1545 4290 1628 4349 opus
1642 4272 1776 4334 bonum.
1793 4273 1893 4335 Unde

231 4366 328 4445 (Gen.
351 4382 452 4434 xv1u,
474 4365 540 4444 27).
559 4366 615 4427 Sic
636 4365 739 4428 Jacob
766 4367 896 4443 quando
919 4368 1027 4431 dixit:
1084 4370 1225 4445 legimus
1241 4370 1276 4430 in
1290 4370 1483 4446 Evangelio,
1499 4371 1585 4448 qnod
1596 4371 1756 4432 Dominus
1766 4371 1890 4432 videns

231 4466 350 4527 Minor
369 4479 459 4535 snm,
474 4467 629 4536 Dominae,
650 4467 807 4527 omanus
825 4467 1028 4527 miseralio—
1084 4467 1239 4528 arborem
1253 4467 1308 4531 tici
1323 4483 1420 4529 secus
1435 4468 1535 4536 viam,
1552 4468 1637 4528 nibil
1652 4468 1781 4530 invenit
1797 4470 1834 4529 in
1849 4485 1892 4531 ea

231 4564 331 4623 ilibas
356 4563 426 4623 inis
450 4558 546 4640 (Gen.
564 4577 674 4633 xxmr,
690 4560 754 4641 10).
770 4562 876 4624 David
900 4579 1029 4640 quoqne
1085 4565 1151 4627 nisi
1171 4565 1253 4626 solia
1281 4567 1420 4637 mutum,
1449 4581 1516 4626 non
1544 4566 1635 4627 enim
1661 4567 1734 4627 erat
1756 4569 1892 4643 tempus

232 4659 339 4723 dixit:
365 4649 489 4722 unam
513 4661 546 4721 et
564 4674 700 4734 ponper
718 4675 797 4721 sant
818 4674 880 4736 epo
894 4659 964 4738 (Ps.
978 4664 1027 4732 24,
1085 4664 1220 4735 tionum,
1231 4666 1264 4724 et
1278 4663 1657 4725 maledixiteamdioens
1671 4666 1893 4737 :Numquam

232 4756 296 4837 lo).
313 4758 416 4820 Beata
430 4758 538 4819 Maria
552 4757 652 4818 etiam
672 4756 789 4835 plicuit
803 4757 904 4820 vitem
921 4775 1028 4826 suam,
1085 4777 1131 4823 ea
1147 4762 1179 4823 ie
1199 4762 1335 4835 fractas
1349 4762 1515 4822 noscatur
1531 4764 1568 4821 ia
1588 4761 1843 4835 senpiternam
1860 4763 1896 4823 ei

230 4856 362 4931 quando
388 4855 473 4917 dixit
496 4872 504 4916 ε
527 4859 614 4917 Ecce
640 4861 763 4918 ancile
787 4859 938 4927 borninl,
966 4856 1028 4928 rici
1083 4860 1244 4919 coreliano
1259 4855 1657 4937 wrlitfflattbmmssbi.
1675 4858 1767 4918 Idem
1782 4858 1895 4934 signi-

205 4950 208 4956 “
235 4956 319 5015 anibi
336 4956 678 5015 secandameerbam
693 4955 792 5015 laam
813 4953 908 5032 (Luc.
925 4969 948 5026 1,
961 4952 1027 5032 38).
1085 4954 1204 5021 ilcatnr
1231 4970 1291 5030 per
1316 4954 1414 5016 ticum
1443 4955 1529 5031 quod
1557 4955 1590 5017 ιι
1617 4970 1677 5031 per
1702 4954 1892 5031 palmitem.

232 5050 271 5111 Et
284 5047 399 5112 beatus
415 5050 541 5111 Paulus
555 5051 724 5127 palmitem
739 5067 835 5113 suum
854 5051 1027 5127 plicuerat,
1085 5054 1170 5117 Nam
1190 5052 1328 5128 quilibet
1354 5051 1461 5112 tidelis
1483 5068 1542 5128 per
1565 5050 1823 5113 similitudinem
1838 5054 1891 5115 est

231 5145 363 5224 quando
388 5147 518 5209 dicebat
534 5169 541 5207 :
555 5152 635 5210 Non
654 5164 733 5209 sam
760 5152 886 5225 stipans
912 5152 1031 5211 uocari
1085 5150 1194 5215 dictus
1222 5150 1345 5225 palmes
1371 5150 1404 5213 et
1427 5148 1522 5210 fleus.
1549 5148 1612 5210 Sed
1627 5149 1657 5210 si
1673 5164 1749 5209 non
1771 5149 1893 5211 lecerit

229 5245 421 5317 Apostolus,
437 5247 519 5318 qaia
535 5246 737 5317 persecatus
748 5261 827 5307 sara
843 5250 1030 5309 Ecclesiam
1085 5245 1240 5314 fructum,
1267 5246 1363 5317 idest,
1377 5262 1460 5323 opus
1480 5246 1614 5314 bonurn,
1631 5262 1698 5307 non
1712 5247 1744 5306 ei
1769 5247 1895 5324 prode·

232 5346 297 5406 Dei
313 5342 340 5423 (1
356 5344 430 5403 Cor.
444 5357 501 5413 xv,
515 5340 561 5419 a).
1083 5343 1163 5404 runt
1190 5343 1281 5416 lolia,
1303 5344 1388 5411 idest
1413 5358 1533 5405 nomen
1556 5343 1815 5407 christianitatis
1839 5345 1894 5405 vel

273 5441 355 5501 Sunt
379 5440 490 5501 autem
511 5439 663 5517 palmites
690 5439 786 5502 bonae
810 5441 1030 5516 cogitationes
1086 5440 1163 5505 fidoi
1184 5440 1297 5511 uerba,
1314 5442 1391 5518 quia
1404 5441 1564 5502 Dominus
1580 5439 1757 5503 maledicet
1769 5442 1802 5503 ei
1818 5459 1895 5504 ma-

232 5553 307 5613 quae
323 5541 506 5603 nascuntur
520 5538 561 5600 de
584 5538 782 5599 contritione
809 5538 929 5611 cordis,
950 5554 1031 5601 con·
1086 5539 1263 5603 ledictione
1283 5540 1453 5617 perpetua,
1471 5541 1503 5601 ιι
1517 5539 1647 5603 arescet
1669 5555 1793 5616 corpus
1816 5544 1893 5618 ejus

233 5632 380 5696 sessione
413 5637 492 5708 oris,
527 5636 561 5698 et
589 5634 817 5698 satisfactione
841 5637 962 5713 operis.
992 5639 1030 5699 In
1086 5637 1120 5701 in
1134 5637 1283 5714 pulvere,
1303 5638 1415 5705 anima
1431 5653 1510 5698 uero
1525 5637 1559 5698 in
1583 5636 1661 5712 igne
1671 5637 1890 5701 cremabitur.
