3968 6204
150 288 193 347 23
609 284 788 347 HONORII
809 284 855 344 111
876 283 1073 345 OPERA.-
1087 281 1320 345 SERMONES.
1747 287 1792 346 24

145 446 310 509 ciderunt
324 447 410 508 oculi
430 445 481 507 tut
503 442 572 524 (Ps.
592 446 660 517 138,
682 443 748 524 16).
768 443 808 504 Et
826 436 954 520 nequis'
997 441 1051 505 vel
1063 443 1221 519 gemitum
1240 440 1365 504 habent
1377 440 1589 505 calamitatis.
1605 443 1675 505 Nos
1690 443 1795 521 igitur

147 544 309 621 desperet,
322 540 481 621 'adjunxit
497 563 504 602 ε
523 543 569 603 nt
586 546 623 603 ln
642 542 727 603 libro
749 542 807 604 cco
825 557 944 605 emises
998 539 1164 601 Christum
1179 539 1367 612 offerentes,
1383 540 1479 612 idest,
1496 540 1594 601 fldem
1617 543 1690 618 qus
1711 558 1793 618 per-

146 642 343 703 scribantur
370 638 438 720 (Ps.
464 638 529 717 76).
552 638 642 700 Talis
666 639 778 699 anima
801 638 944 700 abstinet
998 639 1083 700 fecte
1107 639 1278 699 servantes
1292 637 1472 698 offeramus
1491 653 1552 714 par
1573 639 1739 700 turturum
1758 640 1795 700 in

147 738 189 799 ab
208 739 362 814 ingressu
376 738 501 813 templi,
519 736 606 797 idest
617 736 658 796 ab
673 736 811 797 introitu
826 737 945 798 coeles·
999 736 1151 797 castitate
1166 736 1284 796 mentis
1297 735 1330 796 et
1340 735 1505 812 corporis,
1517 736 1600 796 duos
1613 736 1722 813 pullos
1737 753 1796 798 co-

146 835 191 900 tis
215 836 333 915 patriae
358 835 526 910 octoginta
550 833 676 894 diebus.
705 834 943 910 octogenarius
998 833 1118 894 lumbae
1133 833 1168 893 in
1183 832 1389 894 exhibitione
1409 832 1597 894 dilectionis
1617 836 1650 894 et
1671 834 1793 910 operis

146 948 305 992 numerus
335 931 435 993 habet
458 931 493 991 in
517 947 553 992 se
576 930 628 991 bis
654 931 885 1009 quadraginta,
912 931 945 991 et
998 930 1186 1006 inutroque
1205 930 1363 1005 gemitum
1379 944 1438 1006 pro
1462 930 1560 990 malis
1574 929 1795 1006 praesentibus

147 1029 223 1090 ideo
233 1028 401 1106 significat
414 1028 578 1105 duplicem
589 1029 816 1105 poenitentiam
829 1050 836 1088 :
851 1028 944 1090 illam
999 1030 1033 1091 et
1047 1027 1207 1088 dilatione
1220 1026 1445 1089 beatitudinis.
1464 1027 1498 1087 Si
1513 1028 1716 1102 ergoanima
1728 1044 1796 1088 non

146 1125 303 1189 videlicet
329 1144 401 1204 quae
426 1126 464 1189 dt
487 1127 524 1187 in
548 1127 612 1189 hoc
640 1128 763 1189 saeculo
791 1126 824 1189 et
850 1126 944 1187 illam
998 1127 1107 1203 potest
1121 1125 1243 1186 offerre
1258 1140 1380 1200 agnum
1395 1122 1482 1201 quod
1497 1124 1667 1201 peccatrix
1685 1124 1798 1197 estet

147 1240 221 1301 quae
234 1224 270 1286 iit
281 1224 317 1286 in
329 1225 407 1300 igne
422 1225 625 1301 purgatorio.
643 1224 765 1287 Mulier
777 1239 856 1301 ergo
870 1236 944 1301 quae
999 1222 1143 1302 perdidit
1160 1221 1396 1295 innocentiam,
1413 1221 1532 1283 offerat
1545 1238 1607 1299 par
1628 1222 1798 1285 turturum

148 1321 237 1398 parit
263 1321 444 1391 foeminam,
472 1322 567 1395 idest,
583 1322 677 1383 illam
704 1322 849 1383 animam
870 1337 945 1399 quae
999 1322 1058 1384 aut
1075 1322 1157 1382 duos
1178 1320 1287 1397 pullos
1304 1318 1543 1392 columbarum,
1566 1320 1662 1392 idest,
1686 1318 1798 1396 dupli-

148 1416 228 1479 facit
254 1435 336 1496 opus
367 1419 611 1497 imperfectum,
643 1420 786 1482 abstinet
815 1419 857 1481 ab
886 1420 943 1480 in·
1000 1436 1071 1483 cem
1084 1419 1279 1491 orationem,
1296 1435 1396 1479 unam
1411 1434 1471 1496 pro
1492 1418 1590 1480 maiis
1611 1435 1685 1495 quae
1704 1417 1796 1489 iecit,
1887 1439 1897 1450 ·

147 1531 266 1591 gressu
284 1516 399 1593 templi
418 1516 586 1592 octoginta
606 1517 721 1578 diebus
746 1531 944 1594 permanens
1000 1521 1033 1581 et
1045 1519 1184 1580 alteram
1200 1533 1259 1594 pro
1272 1516 1368 1578 bonis
1390 1533 1464 1594 quae
1479 1533 1545 1578 non
1559 1515 1648 1579 iecit.
1667 1519 1796 1578 Pecca-

148 1610 184 1671 in
195 1613 358 1687 sanguine
369 1614 610 1690 purificationis
620 1631 700 1688 suae,
710 1615 807 1688 idest,
818 1614 945 1676 iaciens
999 1616 1069 1679 tum
1084 1616 1134 1678 est
1147 1615 1235 1676 mala
1250 1614 1361 1675 iacere
1375 1615 1409 1676 et
1422 1614 1509 1675 bona
1523 1614 1765 1691 derelinquere.

148 1711 378 1785 poenitentiam
391 1712 425 1771 in
441 1713 504 1772 hoc
521 1712 655 1785 saeculo,
676 1715 709 1774 et
730 1712 759 1773 si
780 1713 945 1788 condigna
1041 1713 1105 1775 Sed
1120 1712 1206 1790 quod
1220 1712 1466 1789 processionem
1481 1711 1621 1772 iacimus
1636 1710 1797 1771 hodierna

149 1822 216 1868 non
231 1807 341 1882 fuerit,
356 1810 391 1869 in
406 1811 483 1885 igne
498 1810 690 1888 purgatorie
706 1809 781 1888 post
793 1809 943 1871 mortem.
1000 1811 1053 1871 die
1064 1828 1138 1872 cum
1146 1805 1798 1884 candelis,videndumestquaresitfacta

190 1908 230 1968 Et
253 1907 328 1968 ideo
352 1907 523 1968 sciendum
549 1909 599 1970 est
624 1908 703 1985 quia
726 1908 846 1970 animae
872 1922 945 1984 quae
1000 1909 1065 1970 ista
1085 1908 1265 1985 processio,
1286 1906 1412 1983 etquid
1433 1904 1607 1981 significet.
1626 1907 1728 1965 Facta
1747 1904 1801 1964 est

149 2019 216 2065 non
231 2003 356 2065 habent
374 2005 553 2081 perfectam
577 2006 805 2082 poenitentiam
826 2005 861 2064 in
883 2004 946 2064 hoc
1000 2006 1043 2067 ad
1057 2005 1181 2065 Christi
1196 2006 1229 2066 et
1241 2004 1357 2065 matris
1373 2007 1446 2079 ejus
1461 2002 1633 2074 honorem,
1651 2003 1684 2063 et
1696 2000 1798 2063 etiam

150 2101 284 2174 saeculo,
299 2102 426 2163 faciunt
440 2102 532 2162 illam
547 2104 582 2163 in
595 2102 717 2163 futuro.
733 2101 797 2162 Sed
808 2101 947 2161 minima
1002 2102 1043 2163 ad
1056 2100 1205 2163 nostram
1218 2098 1483 2161 aedificationem.
1500 2099 1563 2159 Sed
1575 2114 1677 2176 quare
1690 2099 1725 2158 in
1735 2098 1800 2158 hoc

149 2214 247 2275 poena
269 2200 357 2274 ignis
375 2199 560 2276 purgatorii
585 2200 635 2261 est
663 2201 771 2276 major
794 2196 946 2258 omnibus
1001 2199 1085 2261 festo
1105 2214 1221 2259 cereos
1242 2197 1412 2275 portamus
1435 2211 1622 2266 acccensos‚
1648 2211 1692 2256 ex
1714 2194 1799 2256 libro

149 2312 225 2372 quae
255 2296 321 2356 dici
352 2296 490 2371 possunt
517 2295 570 2355 rel
596 2294 781 2370 excogitari
813 2294 849 2355 in
883 2293 947 2354 hoc
1003 2296 1182 2373 Sapientiae
1197 2293 1304 2371 potest
1324 2293 1457 2371 conjici,
1474 2291 1530 2353 ubi
1549 2292 1704 2368 leguntur
1726 2292 1803 2353 ido-

148 2392 282 2454 mundo.
299 2392 419 2453 Mulier
438 2392 609 2468 completis
624 2391 740 2452 diebus
763 2408 832 2452 suae
847 2391 946 2468 puri·
1001 2394 1096 2456 latrae
1114 2392 1253 2454 obscure
1273 2390 1438 2453 sacrificia
1459 2390 1630 2452 facientes.
1654 2390 1800 2452 Gentiles

149 2488 314 2550 ficationis
329 2489 513 2550 adducebat
527 2488 632 2550 tilium
648 2490 688 2551 ad
705 2489 825 2551 ostium
840 2487 948 2550 taber-
1002 2491 1091 2553 enim
1119 2488 1323 2551 februarium
1350 2504 1497 2549 mensem
1520 2488 1638 2549 inseris
1664 2488 1801 2551 dedica-

151 2586 275 2658 uacuti,
290 2588 376 2663 quod
390 2603 595 2664 unaquaeque
611 2587 719 2649 ddelis
736 2588 848 2649 anima
863 2602 948 2647 com·
1002 2588 1090 2661 runt,
1119 2603 1160 2650 eo
1181 2587 1279 2664 quod,
1305 2585 1392 2648 sicut
1412 2586 1478 2662 ipsi
1502 2585 1724 2662 disputabant,
1746 2602 1802 2645 er—

153 2684 251 2762 pletis
264 2683 381 2745 diebus
404 2701 475 2746 suae
495 2684 709 2762 prenitentiae,
731 2687 767 2747 ut
785 2684 946 2756 diximus,
1001 2686 1119 2758 raudo,
1133 2685 1169 2746 in
1183 2684 1348 2761 principio
1366 2686 1438 2761 ejus
1453 2683 1578 2745 mensis
1600 2682 1800 2759 Proserpina

150 2781 265 2844 veniet
289 2783 366 2844 ante
392 2781 604 2859 conspectum
619 2783 752 2855 Christi,
776 2784 810 2845 et
832 2782 949 2845 offeret
1003 2784 1099 2860 rapta
1117 2782 1226 2844 fuerat
1245 2798 1265 2843 a
1282 2781 1442 2856 Plutone3
1466 2797 1565 2858 quam
1586 2779 1673 2857 quod
1694 2780 1801 2841 mater

152 2878 258 2941 filium
273 2895 370 2940 suum
385 2882 463 2953 Deo,
480 2880 576 2952 idest,
594 2897 675 2956 opus
687 2880 879 2958 perfectum,
895 2881 949 2943 rel
1003 2883 1076 2959 ejus
1098 2882 1198 2942 Ceres
1224 2877 1353 2940 facibus
1374 2879 1524 2940 accensis
1546 2878 1580 2955 in
1603 2878 1709 2939 Etbna
1730 2878 1799 2939 tota

152 2977 267 3049 filiam,
302 2977 397 3051 idest,
434 2993 517 3055 opus
549 2977 788 3055 imperfectum.
825 2978 950 3041 Offeret
1003 2980 1099 3040 nocte
1116 2994 1176 3055 per
1198 2976 1346 3039 Siciliam
1372 2977 1533 3053 quaesisse
1554 2975 1741 3046 credebant,
1767 2974 1803 3034 et

151 3074 252 3135 etiam
285 3090 418 3150 agnum,
450 3076 551 3147 idest,
580 3076 817 3137 innocentiam.
855 3076 949 3138 Unde
1003 3077 1068 3153 ipsi
1091 3075 1133 3137 ad
1159 3075 1508 3136 commemorationem
1539 3073 1643 3150 ipsius
1670 3071 1799 3132 lacibus

150 3172 310 3233 Dominus
332 3172 492 3250 praecepit
516 3173 552 3234 in
573 3174 673 3235 Libro
703 3173 843 3235 Numeri
866 3173 949 3236 dnos
1004 3173 1156 3237 accensis
1177 3172 1293 3234 urbem
1314 3173 1355 3234 de
1369 3173 1465 3233 nocte
1486 3170 1684 3232 lustrabant.
1707 3168 1801 3231 Unde

152 3284 256 3345 agnos
282 3270 398 3331 offerri
425 3270 490 3331 sibi
514 3271 550 3332 in
575 3271 817 3344 holocaustum,
845 3287 949 3332 unum
1004 3270 1123 3334 festum
1137 3270 1225 3332 istud
1235 3269 1418 3331 vocabatur
1430 3267 1633 3329 amburbale.
1649 3269 1729 3327 Cum
1743 3282 1804 3327 au·

151 3383 250 3429 mane
262 3369 295 3429 et
304 3368 446 3430 alterum
460 3385 609 3446 vespere.
622 3369 772 3430 Christus
787 3370 950 3445 figuratus
1003 3368 1070 3431 tem
1084 3368 1197 3429 Sancti
1212 3369 1329 3429 Patres
1341 3365 1613 3428 consuetudinem
1626 3364 1725 3424 istam
1735 3379 1802 3425 non

151 3462 214 3526 fuit
228 3466 263 3526 in
278 3468 418 3543 utroque
437 3482 535 3543 agno.
560 3469 634 3544 lpse
653 3468 716 3529 fuit
735 3483 841 3544 agnus
856 3467 951 3529 obla·
1005 3467 1140 3544 possent
1153 3465 1286 3543 penitus
1305 3464 1485 3540 extirpare,
1508 3461 1751 3524 constituerunt
1766 3462 1805 3522 ut

150 3563 205 3623 tus
226 3579 334 3636 mane,
352 3564 447 3637 idest,
464 3564 506 3625 ab
526 3564 621 3627 initio
639 3566 754 3626 mundi
772 3566 808 3626 in
829 3564 948 3641 figura,
1004 3565 1040 3625 in
1054 3565 1217 3626 honorem
1231 3564 1341 3625 Beatae
1364 3560 1523 3638 Virginis,
1548 3576 1663 3621 cereos
1684 3560 1803 3636 porta-

152 3661 284 3736 quando
293 3661 375 3723 Abel
386 3660 504 3725 obtulit
513 3678 636 3739 agnum
648 3663 684 3724 in
696 3663 803 3739 figura
814 3663 948 3735 Christi,
1005 3662 1081 3723 rent
1099 3677 1276 3734 accensos3
1300 3660 1333 3722 et
1351 3659 1400 3720 sic
1414 3659 1500 3736 quod
1520 3659 1613 3735 prius
1636 3656 1803 3718 faciebant

152 3757 186 3817 et
197 3759 278 3819 Cain
289 3757 394 3820 irater
408 3775 488 3819 suus
503 3759 622 3821 obtulit
635 3760 852 3837 manipulum.
869 3760 951 3822 Cain
1005 3759 1216 3821 inhonorem
1241 3757 1381 3829 Cereris,
1408 3755 1504 3817 modo
1523 3755 1559 3817 tlt
1577 3754 1619 3816 ad
1644 3753 1803 3817 honorem

151 3853 318 3930 significat
336 3856 492 3932 populum
515 3857 722 3932 Judaeorum3
739 3857 822 3919 Abel
844 3858 951 3935 signi-
1005 3856 1165 3934 Virginis,
1184 3858 1217 3916 et
1241 3855 1327 3932 quod
1344 3855 1437 3931 prius
1460 3853 1561 3914 debat
1578 3853 1620 3914 ad
1642 3853 1803 3914 honorem

151 3950 229 4013 dcat
252 3953 429 4014 Christum.
455 3954 536 4013 Cain
562 3970 621 4031 per
642 3955 803 4016 invidiam
828 3955 951 4017 occidit
1006 3954 1227 4031 Proserpinae,
1251 3951 1348 4012 modo
1372 3950 1409 4011 nt
1427 3949 1469 4009 ad
1490 3949 1650 4010 honorem
1674 3951 1802 4009 Mariae.

150 4049 232 4110 Abel
254 4049 390 4111 fratrem
412 4067 519 4122 suum,
542 4052 576 4112 et
596 4051 736 4128 populus
757 4051 951 4114 Judaeorum
1005 4052 1054 4114 Ad
1075 4051 1223 4113 nostram
1247 4064 1376 4126 quoque
1393 4046 1570 4108 utilitatem
1591 4047 1627 4106 in
1645 4046 1805 4123 purifica-

151 4162 211 4223 per
229 4146 390 4207 invidiam
404 4147 525 4208 occidit
547 4148 725 4221 Christum,
747 4150 804 4227 qui
829 4149 953 4212 dicitur
1005 4150 1096 4211 tione
1111 4147 1222 4209 Beatae
1234 4146 1383 4220 Virginis
1396 4160 1511 4206 cereos
1521 4160 1678 4205 accensos
1689 4147 1806 4221 porta-

150 4244 254 4305 irater
265 4247 349 4320 ejus,
363 4244 448 4321 quod
460 4261 503 4306 ex
515 4245 631 4306 eadem
644 4247 748 4323 stirpe
763 4247 860 4308 natus
875 4247 950 4309 fuit.
1006 4263 1091 4319 mus,
1106 4246 1143 4306 ut
1156 4242 1321 4322 purificati
1333 4258 1394 4319 per
1403 4242 1557 4318 gratiam,
1569 4258 1644 4303 cum
1655 4242 1806 4303 accensis

153 4340 247 4402 Unde
269 4344 416 4404 loannes
439 4343 476 4404 in
499 4343 698 4422 Apocalypsi
723 4367 730 4404 :
754 4348 953 4421 Apulasque
1007 4342 1214 4421 lampadibus
1255 4340 1352 4418 quasi
1387 4339 1558 4417 prudentis
1589 4339 1734 4415 virginis
1763 4339 1805 4400 ad

153 4442 284 4500 occisus
298 4441 350 4501 est
364 4444 406 4502 ab
420 4444 556 4518 emptae
572 4445 692 4504 munda·
706 4439 824 4521 (Apoc.
838 4460 869 4514 v,
886 4442 950 4521 12).
1007 4441 1139 4518 nuptias
1157 4439 1289 4515 ingredi
1303 4453 1502 4510 mereamur,
1528 4437 1806 4513 repraesentantes

152 4538 239 4598 Vere
252 4540 365 4613 Agnus
387 4539 516 4599 occisus
531 4539 593 4601 fuit
612 4539 653 4601 ab
671 4540 800 4615 origine
822 4540 950 4612 mundi,
1007 4539 1117 4600 lumen
1133 4535 1804 4612 adrevelationemgentiumquodpraepa-

155 4634 241 4710 quod
254 4635 367 4712 passio
382 4635 505 4697 Christi
520 4637 553 4698 et
566 4638 767 4699 resurrectio
782 4636 845 4698 fuit
859 4653 951 4714 prae·
1007 4637 1188 4698 raritbeus
1203 4636 1280 4696 ante
1294 4634 1416 4695 faciem
1431 4633 1578 4694 omnium
1589 4632 1800 4709 populorum.

153 4731 296 4807 figurata
320 4733 361 4795 ab
382 4734 479 4795 initio
503 4735 629 4795 mundi.
655 4738 730 4812 Ipse
753 4734 816 4796 luit
839 4738 952 4811 Agnus
1047 4737 1131 4796 Cera
1145 4733 1258 4795 autem
1281 4732 1447 4807 significat
1463 4730 1546 4792 tria:
1567 4730 1686 4807 primo,
1703 4729 1803 4790 Verbi

154 4827 283 4890 oblatus
302 4847 451 4908 vespere.
473 4831 568 4904 idest,
590 4832 681 4894 circa
705 4832 805 4894 tinem
825 4833 951 4904 mundi,
1008 4833 1068 4894 Dei
1089 4831 1369 4904 incarnationem
1394 4827 1552 4900 secundo,
1579 4828 1656 4888 vitae
1680 4828 1804 4889 nostrae

155 4927 241 5002 quod
255 4928 291 4988 in
306 4930 401 4990 senta
416 4929 513 4991 aetate
534 4929 597 4992 suit
613 4946 742 5007 passus,
757 4932 792 4992 et
805 4931 841 4990 in
857 4931 953 4991 sexta
1008 4929 1279 5003 aediiicationem3
1291 4928 1401 4999 terlio,
1411 4926 1689 5003 glorificationem
1703 4940 1803 5002 quam

57 5060 59 5063 ψ
154 5024 409 5097 discredimus,
424 5027 503 5088 etin
516 5028 611 5089 sexta
624 5027 707 5088 hora
723 5030 886 5089 mortuus.
1008 5026 1213 5098 habebimus,
1237 5025 1367 5087 Christo
1390 5023 1544 5093 donante,
1566 5022 1601 5084 in
1620 5022 1724 5083 coelis.
1750 5021 1810 5082 si-

195 5122 320 5184 Offeret
330 5122 430 5184 etiam
445 5125 573 5201 pullum
591 5124 752 5187 columbae
767 5126 821 5188 vel
838 5128 951 5188 turtu-
1008 5124 1144 5201 gnificat
1157 5123 1257 5186 Verbi
1273 5123 1333 5184 Dei
1354 5121 1629 5189 incarnationem,
1644 5117 1723 5195 quia
1737 5118 1803 5180 tria

153 5237 224 5283 rem
237 5237 297 5299 pro
308 5222 455 5299 peccato.
467 5224 505 5283 In
520 5224 648 5286 turture
659 5227 692 5287 et
707 5225 875 5293 columba,
888 5224 954 5286 tria
1009 5224 1087 5284 sunt
1107 5222 1142 5283 in
1168 5237 1278 5293 cere0,
1308 5219 1465 5281 videlicet
1492 5233 1580 5288 cera,
1601 5232 1747 5294 papyrus
1776 5217 1809 5278 et

155 5318 403 5394 significantur:
430 5319 465 5380 in
497 5321 627 5385 turture
655 5323 805 5394 castitas,
835 5323 871 5383 in
897 5337 955 5383 co-
1010 5321 1108 5396 ignis.
1134 5323 1199 5380 Per
1213 5334 1323 5380 ceram
1342 5332 1441 5394 quam
1456 5314 1613 5391 operatur
1632 5315 1716 5391 apis,
1731 5314 1808 5374 sinc

156 5513 319 5576 anxietas,
347 5519 471 5578 Turlur
494 5519 596 5589 enim,
618 5521 741 5581 sanctae
768 5518 952 5593 castitatis;
1010 5532 1083 5592 quae
1100 5530 1220 5575 nones
1234 5510 1452 5589 sanguinibus
1465 5509 1810 5587 nequeexroluntate

159 5609 323 5687 cpiumba,
339 5628 428 5673 verae
444 5613 685 5691 simplicitatis3
702 5613 807 5676 ambae
822 5614 955 5695 cantum
1010 5613 1076 5675 viri
1095 5612 1207 5674 creata
1229 5612 1291 5683 est,
1313 5609 1371 5670 sed
1392 5624 1491 5685 opere
1518 5605 1661 5683 Spiritus
1684 5605 1809 5668 Sancti.
