3900 6202
272 242 339 306 aar
888 239 1066 303 nononu
1087 239 1133 303 111
1154 240 1302 305 orans.
1837 261 1882 326 m

272 400 400 466 uentiis
420 400 503 474 sula,
519 399 679 467 ecclesias
697 395 738 463 de
759 396 889 478 Rlopal,
903 398 944 463 de
957 400 1071 463 Exue
1125 399 1214 464 ldem
1239 398 1464 480 predecessor
1501 405 1623 481 noser,
1656 410 1691 475 ut
1714 410 1883 483 dertosam

270 502 414 573 tiexore,
437 499 478 562 de
501 498 617 560 Castro
636 497 862 569 Dominarum,
884 497 926 560 de
949 498 1067 571 Bilcill,
1124 497 1275 575 predicti
1289 498 1435 562 ministri
1446 500 1618 567 fundatum
1633 505 1667 568 in
1680 506 1799 573 clarino
1811 531 1882 591 pro.

270 599 316 661 de
335 603 480 670 munos,
501 596 542 659 de
563 596 693 669 Tolosa,
707 596 748 657 de
762 595 935 668 nlarchos,
949 597 990 658 de
1007 598 1071 658 Ga-
1123 596 1283 674 torquem
1298 597 1456 675 peninon
1473 600 1578 677 potest
1591 602 1706 667 stabile
1719 605 1883 674 tundamen-

272 713 387 770 ⁴racue,
404 696 445 758 de
465 694 643 767 Benevent,
664 694 705 756 de
732 695 894 770 zugueca,
911 694 952 756 de
971 694 1069 756 Petra
1123 692 1204 765 tum,
1227 693 1359 771 plenius
1377 698 1542 771 comeret,
1569 699 1611 761 ad
1633 698 1725 765 bonae
1745 709 1882 771 memoria

270 798 404 867 sancta,
429 794 470 856 de
492 794 659 870 Metagon,
680 793 721 854 de
742 792 973 855 Guadallierua
994 809 1069 855 cum
1125 789 1326 868 episcopum,
1349 792 1385 854 et
1405 792 1561 857 dilectum
1579 796 1684 875 illium
1706 799 1882 866 abbatom&

269 891 428 956 omnibus
455 891 606 954 terminis
632 891 718 964 suis,
751 890 896 953 decimas
922 890 1069 953 omnium
1124 887 1268 950 Victoris
1283 890 1484 953 parisiensis
1499 909 1574 955 cum
1586 895 1656 956 suis
1668 913 1740 959 eum
1750 898 1833 963 duxit
1842 902 1884 965 lit·

269 991 463 1054 reddituum
491 989 654 1066 regalium
683 989 948 1067 supradictorum
978 989 1071 1051 loco-
1124 986 1205 1048 teris
1227 987 1472 1059 remittendum,
1495 991 1531 1052 ut
1553 1007 1614 1069 per
1639 1008 1705 1065 eos,
1728 995 1826 1072 utpote
1841 1001 1883 1076 qul

270 1105 360 1161 rum,
381 1088 540 1151 ecclesias
561 1087 603 1149 de
622 1087 787 1164 Avezaget
809 1089 843 1150 et
865 1087 906 1148 de
927 1086 1070 1149 &banis
1124 1083 1326 1146 desiderium
1340 1088 1414 1163 ejus
1438 1087 1616 1166 perfectius
1631 1094 1883 1156 uorerautdein·

274 1203 348 1266 que
372 1186 521 1264 tempore
545 1184 605 1247 tuo
630 1199 651 1246 a
675 1187 918 1247 Saracenorum
946 1185 1069 1263 ereptae
1123 1181 1271 1245 tentione
1284 1198 1356 1256 sua,
1372 1183 1614 1248 etmtentionis
1635 1187 1884 1254 fructuaclntcn·

273 1283 564 1358 manibus,divina
577 1283 1069 1361 gratiaimpiranteadmanus
1123 1279 1214 1342 tione
1240 1280 1377 1355 ordinis,
1404 1283 1439 1345 et
1464 1284 1600 1346 vivendi
1620 1285 1716 1349 modo
1734 1287 1883 1352 imbuetur

271 1386 349 1447 tuas
361 1382 536 1445 devenisse
550 1382 743 1454 noscuntur,
759 1398 858 1460 quam
879 1382 980 1444 etiam
997 1398 1070 1443 om·
1120 1391 1298 1440 assensum
1310 1395 1407 1441 suum
1428 1380 1494 1442 sibi
1515 1382 1629 1460 posset
1646 1383 1884 1448 securiuseteld·

271 1497 334 1543 nes
354 1481 432 1543 illas
452 1479 611 1543 ecclesias
624 1495 698 1558 quae
711 1481 794 1543 sunt
807 1481 897 1542 circa
911 1480 1069 1542 montana
1124 1476 1236 1540 cactus
1261 1476 1438 1556 impertiri.
1464 1479 1547 1551 Quia
1574 1480 1679 1557 igitur
1702 1481 1780 1545 sicut
1800 1482 1882 1546 dictus

269 1578 314 1642 de
342 1595 425 1656 rupe
450 1578 557 1641 sancti
586 1578 676 1640 Petri
697 1579 729 1640 at
752 1576 793 1639 de
816 1577 951 1655 Riopal,
974 1577 1069 1639 etde
1123 1574 1350 1653 praedecessor
1374 1576 1486 1641 noster
1509 1592 1553 1639 ex
1574 1592 1691 1640 eorum
1714 1578 1819 1641 litteris
1832 1580 1882 1642 eri·

270 1676 410 1749 Secura,
426 1678 460 1739 et
474 1675 515 1736 de
528 1676 637 1747 Turri,
654 1675 687 1737 et
705 1673 746 1736 de
762 1674 884 1753 Askep,
898 1675 932 1737 et
945 1676 1067 1748 Peren,
1123 1671 1240 1734 deuter
1262 1674 1428 1749 cognovit,
1460 1675 1585 1738 Christi
1611 1676 1736 1738 lucrum
1760 1679 1881 1757 appetere

268 1774 314 1836 de
334 1775 499 1846 Muranal,
524 1773 558 1834 et
579 1771 790 1835 Borialameu
811 1774 844 1834 et
864 1772 1014 1851 Andujar
1036 1777 1069 1836 et
1123 1770 1282 1834 ndemtni
1299 1771 1486 1851 plusquam
1500 1774 1662 1844 restrum,
1684 1790 1742 1837 nos
1754 1776 1879 1849 volentes

271 1872 364 1935 circa
382 1870 500 1933 Chiton
529 1872 563 1933 et
589 1871 740 1947 Migueza
766 1870 800 1933 et
826 1871 1009 1948 Magazetla
1036 1871 1070 1933 et
1123 1869 1160 1929 at
1182 1868 1400 1946 apostolicum
1423 1870 1518 1934 vobis
1545 1872 1636 1935 adsit
1664 1873 1834 1950 presidium
1851 1874 1880 1936 ad

270 1969 412 2032 Xedelin
433 1970 467 2031 et
486 1968 678 2045 Turgalium
692 1970 725 2031 et
740 1969 872 2031 sanam
888 1969 987 2047 juxta
1003 1968 1070 2032 du-
1123 1967 1296 2045 exemplar
1305 1968 1458 2045 ejusdem
1470 1969 1725 2047 predecessoris
1737 1971 1827 2034 nostri
1841 1986 1882 2032 re

269 2083 347 2129 men
360 2067 446 2145 quod
461 2066 797 2130 diciturTietarcum
810 2067 879 2130 toto
896 2083 1012 2146 campo
1027 2068 1069 2129 de
1122 2064 1247 2140 gulam,
1262 2067 1361 2143 Juxta
1384 2082 1483 2144 quam
1506 2066 1624 2130 vivere
1648 2067 1794 2141 debeata,
1810 2070 1880 2145 cnjus

269 2164 453 2228 Aranuello
491 2179 610 2227 versus
648 2164 798 2227 Toletum
838 2166 1068 2229 construendas
1123 2165 1272 2225 tenorem
1287 2162 1367 2227 dicti
1377 2164 1564 2243 episcopus,
1575 2166 1613 2228 et
1621 2165 1721 2228 abbas
1730 2166 1793 2227 suis
1801 2165 1880 2226 cidon

269 2263 344 2336 tibi,
367 2279 408 2325 ac
423 2279 482 2341 per
500 2264 533 2326 te
552 2263 703 2326 ecclesiae
723 2263 904 2337 Toletanae,
920 2281 1068 2342 praesen-
1121 2260 1363 2338 praedecessori
1376 2263 1490 2325 nostro
1499 2263 1668 2325 inclusum
1677 2264 1786 2327 litteris
1798 2265 1881 2326 bans
1922 2266 1923 2291 l

269 2361 354 2423 tium
378 2359 575 2421 auctoritate
601 2360 813 2422 concedimus
836 2361 870 2422 et
892 2364 1066 2439 praesentis
1122 2358 1284 2421 miserunt
1294 2359 1421 2421 eumilo
1435 2376 1511 2438 quse
1521 2360 1563 2423 de
1575 2360 1877 2439 dispositioneipsius,

268 2456 386 2535 scripti
403 2456 588 2535 patrocinio
603 2458 856 2519 communimus.
872 2458 965 2520 Nulli
986 2476 1067 2536 ergo
1120 2458 1155 2519 et
1167 2457 1326 2535 petitione
1349 2456 1496 2520 ministri
1518 2459 1655 2537 praelati
1677 2460 1823 2537 disposuit
1837 2457 1880 2518 ad-
1922 2450 1923 2481 ³

268 2553 504 2627 etc...,nostrae
522 2553 901 2626 concessionis,etc...Si
915 2556 990 2635 quis
1004 2572 1068 2618 au·
1116 2554 1288 2634 jungenda
1303 2555 1519 2632 praesentium
1538 2556 1648 2631 robis,
1665 2559 1697 2619 et
1711 2553 1879 2619 successori·
1922 2598 1923 2613 2

268 2651 346 2723 tem,
354 2651 442 2713 etc...
452 2651 570 2713 Datum
578 2651 746 2721 Laterani,
754 2654 797 2714 lv
807 2651 881 2714 idus
891 2652 1064 2727 februarii,
1120 2653 1182 2715 bus
1195 2652 1316 2715 restris
1338 2654 1537 2716 auctoritate
1559 2656 1775 2725 concedimus,
1795 2651 1881 2716 atilli·

268 2747 832 2828 pontificatusnostriaunoprimo.
1118 2751 1199 2815 bata
1211 2752 1368 2829 perpetuo
1380 2767 1577 2829 permanere
1600 2755 1880 2830 sancimusquorun
1922 2740 1923 2807 J

1120 2851 1280 2923 tenorem,
1294 2849 1331 2911 ut
1344 2849 1534 2913 evidentius
1543 2853 1758 2931 exprimatur,
1770 2848 1881 2912 inicum

610 2947 730 3036 CCVI
1115 2947 1278 3026 iussimus
1289 2948 1456 3010 annotari.

1158 3046 1180 3124 s
1201 3047 1230 3108 l.
1253 3046 1443 3108 innomine
1462 3046 1587 3110 sanctae
1601 3048 1643 3111 et
1656 3042 1884 3111 individualii·
1922 3054 1923 3059 ’

267 3175 320 3235 Ad
330 3175 500 3235 loannem
512 3173 726 3245 ministrnm,
740 3172 919 3248 attratrcs
932 3176 1065 3239 ordinis
1118 3143 1245 3255 ΠΜ*
1261 3144 1396 3254 mm
1409 3144 1526 3255 dm
1536 3147 1667 3209 ”m
1678 3138 1882 3258 Tfifffflfiffmh

484 3270 622 3332 gamm,
640 3270 831 3333 mmm·
1119 3239 1310 3304 obedientia
1323 3242 1454 3319 praelats
1467 3242 1585 3305 domus
1602 3260 1689 3317 sue,
1700 3238 1883 3322 ommnuter

1118 3338 1301 3411 vocabitur,
1329 3338 1365 3402 in
1390 3339 1543 3402 castitate
1564 3341 1599 3403 et
1630 3341 1701 3403 sine
1719 3334 1883 3420 propriori·

561 3415 579 3474 ⁹
598 3414 669 3474 f0b‘·
689 3417 769 3475 ¹²¹⁷·
1118 3439 1209 3498 rant.
1221 3438 1343 3499 Omnes
1355 3452 1421 3509 ras,
1436 3437 1660 3517 undecunque
1671 3432 1880 3502 licitereuiaut

292 3536 446 3599 [Βυιιιήιιιιι
457 3540 613 3602 nummum,
624 3541 665 3593 ed.
679 3542 765 3602 Tiar..
776 3545 796 3592 t.
806 3541 850 3604 nl,
860 3556 887 3607 p.
899 3539 954 3601 tlt,
967 3539 1040 3606 ne]
1118 3535 1154 3596 in
1169 3536 1236 3597 tres
1250 3536 1362 3612 partes
1374 3534 1524 3597 dividant
1538 3538 1697 3614 aequales,
1713 3537 1744 3598 et
1755 3535 1785 3596 in
1797 3545 1882 3611 qum·

1118 3633 1187 3694 tum
1200 3632 1274 3694 duae
1288 3632 1400 3709 partes
1422 3631 1599 3706 sufficient,
1629 3632 1833 3713 exsequantur
1849 3641 1881 3688 ex

1117 3730 1188 3792 illis
1201 3745 1304 3809 opera
1325 3729 1574 3804 misericordiae,
1599 3732 1745 3795 cumani
1764 3731 1880 3809 ipsorum

1118 3829 1152 3892 et
1178 3829 1227 3891 eis
1260 3827 1452 3890 necessario
1483 3827 1718 3895 tamulantium
1745 3823 1881 3892 moderata

303 3927 980 4008 Honoriusepiscopus,servusserrorum
991 3929 1061 4004 Dei,
1118 3926 1368 3999 sustentatione,
1398 3926 1498 3988 tertia
1519 3941 1602 3989 vero
1623 3944 1701 4006 pars
1726 3920 1880 3989 reservetur

262 4022 394 4086 dilectis
413 4025 632 4089 liliiseloanni
653 4027 818 4100 ministro,
845 4030 878 4091 et
900 4027 1061 4091 tratribus
1117 4024 1160 4086 ad
1183 4024 1444 4101 redemptionem
1468 4025 1689 4101 captivorum,
1702 4025 1755 4103 qui
1768 4018 1882 4084 suntin·

261 4121 389 4182 ordinis
403 4125 436 4184 S.
449 4124 633 4197 Trinitatis,
647 4124 788 4186 salutem
802 4126 836 4187 et
847 4127 1063 4203 apostolicam
1117 4121 1281 4185 carcerati
1307 4136 1368 4198 pro
1393 4120 1458 4183 lide
1484 4121 1608 4207 Christi
1634 4138 1656 4185 a
1682 4111 1881 4202 paganismi
1922 4140 1923 4143 ¹

261 4214 538 4281 benedictionem.
611 4227 616 4235 '
1117 4218 1194 4281 dato
1208 4219 1315 4296 pretio
1329 4217 1524 4281 rationabili
1541 4235 1603 4297 pro
1624 4220 1833 4298 redemptione
1842 4212 1884 4289 ip·

301 4316 468 4392 operante
482 4316 603 4379 divinae
625 4317 853 4396 dispositionis
873 4320 1059 4398 clementia,
1116 4333 1240 4389 sorum,
1276 4316 1329 4378 vel
1360 4331 1420 4394 pro
1455 4317 1682 4395 redemptione
1708 4322 1882 4397 paganorum

261 4410 298 4473 in
313 4412 409 4474 Sedis
421 4414 620 4492 spostolicae
639 4417 774 4493 specula
798 4419 980 4493 constituti,
996 4422 1061 4500 piis
1116 4414 1334 4493 cardVOrdffl‚
1352 4416 1389 4476 ut
1400 4414 1515 4492 1³0⁸tea
1530 4416 1721 4478 rationabili
1736 4410 1884 4477 mmmm·

260 4509 419 4572 debemus
431 4511 605 4575 affectibus
618 4514 809 4592 suffragari,
825 4516 859 4580 et
868 4534 936 4591 eos,
954 4535 1061 4582 cuma
1115 4511 1217 4583 tione,
1238 4511 1272 4573 rt
1298 4510 1385 4572 bora
1408 4510 1473 4572 fide
1500 4511 1684 4575 redimatur
1711 4507 1883 4573 christianus

261 4609 410 4672 caritatis
433 4610 547 4673 radice
581 4612 773 4689 procedunt,
801 4615 982 4692 perducere
1019 4618 1060 4679 ad
1115 4625 1175 4688 pro
1190 4624 1320 4687 pagano
1331 4609 1511 4670 secundum
1520 4609 1696 4683 merituri
1706 4609 1816 4672 summ
1828 4613 1884 4681 per

260 4705 414 4769 effectum
429 4708 626 4785 praesertim,
643 4709 699 4772 ubi
710 4712 796 4789 quod
809 4713 971 4790 quaeritur
982 4717 1061 4777 Jesu
1116 4722 1284 4770 sonarum.
1301 4708 1381 4768 Curn
1395 4722 1475 4768 vero
1488 4708 1629 4785 pecunia
1642 4707 1717 4770 data
1731 4702 1830 4772 luerit,
1841 4694 1883 4758 rel

260 4803 383 4868 Christi
411 4806 473 4878 est,
503 4808 537 4870 et
561 4807 700 4885 privatas
727 4812 910 4874 communis
932 4813 1061 4875 utilitas
1115 4804 1241 4882 aliquid
1255 4804 1356 4876 aliud,
1369 4805 1649 4882 liddtsslrddidlster
1663 4792 1885 4882 etlrr⁰l>1d0d⁰'

259 4901 454 4965 antefertur.
472 4907 559 4967 Sane
572 4922 646 4968 cum
660 4906 756 4969 bonae
780 4910 950 4972 memoriae
958 4910 1062 4973 nater
1113 4904 1170 4966 tur
1184 4903 1226 4965 ad
1251 4902 1389 4980 aliquid»
1408 4916 1540 4981 temper
1557 4903 1598 4965 de
1618 4916 1779 4965 consensu
1799 4895 1881 4961 illius,

258 4998 428 5061 lohannes
442 5003 595 5066 minister
606 5007 716 5067 vester
728 5003 769 5066 ad
785 5005 1059 5070 lelicisrecorda-
1115 5001 1172 5079 qui
1187 5001 1326 5073 dederit,
1342 5000 1441 5063 tertia
1465 5016 1544 5079 pars
1563 5002 1744 5079 separetur,
1764 4999 1794 5060 et
1805 4992 1883 5055 aliter

258 5096 361 5159 tionis
380 5100 565 5163 innocentii
580 5117 674 5180 papae
685 5103 941 5182 praedecessoris
953 5109 1060 5179 nostri
1114 5115 1182 5162 non
1204 5098 1397 5176 recipiatur,
1416 5100 1564 5176 exceptis
1586 5099 1696 5171 terris,
1717 5094 1822 5176 pratis,
1839 5085 1883 5149 ri·

259 5194 339 5257 olim
353 5198 565 5273 praesentiam
580 5201 789 5276 accessisset,
805 5204 838 5265 et
855 5205 1059 5281 propositum
1114 5199 1199 5270 nais,
1220 5195 1422 5269 nemoribus,
1456 5196 1618 5271 aedldriiss
1651 5192 1826 5259 lrdffltdrib
1857 5182 1883 5244 d

259 5310 366 5367 suum,
383 5294 469 5373 quod
482 5310 526 5357 ex
539 5296 759 5375 inspiratione
778 5301 892 5363 divina
912 5303 1061 5365 creditur
1114 5295 1318 5374 hujusmodi.
1345 5296 1487 5356 Fructus
1510 5296 1600 5358 enim
1630 5293 1708 5355 inde
1735 5284 1881 5353 exeunte,

259 5391 570 5467 processisse,dicto
582 5394 821 5471 praedecessori
830 5399 943 5460 nostro
954 5399 1060 5461 humi·
1114 5393 1263 5456 deductis
1277 5393 1444 5471 expensis,
1458 5393 1586 5457 scilicet
1595 5390 1766 5455 medietate
1778 5378 1883 5449 renota

258 5484 336 5547 liter
349 5487 540 5564 significare
564 5492 715 5553 curasset
727 5493 945 5556 intentionem
964 5511 1059 5558 suam
1114 5506 1174 5571 pro
1184 5490 1341 5569 expensis
1352 5491 1389 5552 in
1398 5491 1466 5555 tres
1476 5493 1589 5569 partes
1599 5489 1781 5553 dividentur
1789 5490 1883 5558 arur

259 5581 642 5686 postulavitApostolico
655 5587 838 5653 munimine
853 5590 1057 5655 confirmari.
1113 5591 1178 5664 les3
1206 5590 1265 5654 sed
1292 5599 1367 5668 qum
1392 5602 1518 5669 paucas
1537 5591 1590 5656 rel
1612 5587 1721 5654 nullas
1743 5571 1882 5658 recipirrt

305 3690 481 3766 approbatio
496 3694 604 3769 regula
618 3694 738 3767 ordinis!
749 3695 860 3754 Sancte
874 3693 1020 3753 Trinitatis

459 3781 664 3858 redemptionis
677 3786 866 3859 captivorum.
