<?xml version="1.0" encoding="UTF-8"?>
<!DOCTYPE html PUBLIC "-//W3C//DTD XHTML 1.0 Transitional//EN"
    "http://www.w3.org/TR/xhtml1/DTD/xhtml1-transitional.dtd">
<html xmlns="http://www.w3.org/1999/xhtml" xml:lang="en" lang="en">
 <head>
  <title>
</title>
<meta http-equiv="Content-Type" content="text/html;charset=utf-8" />
  <meta name='ocr-system' content='tesseract 3.04.00' />
  <meta name='ocr-capabilities' content='ocr_page ocr_carea ocr_par ocr_line ocrx_word'/>
</head>
<body>
  <div class='ocr_page' id='page_1' title='image "./mediiaevibiblio00bottgoog_0114.png"; bbox 0 0 3958 6204; ppageno 0'>
   <div class='ocr_carea' id='block_1_1' title="bbox 126 244 1783 349">
    <p class='ocr_par' dir='ltr' id='par_1_1' title="bbox 126 244 1783 349">
     <span class='ocr_line' id='line_1_1' title="bbox 126 244 1783 349; baseline 0.009 -31"><span class='ocrx_word' id='word_1_1' title='bbox 126 252 186 318; x_wconf 74' lang='lat' dir='ltr'>iss</span> <span class='ocrx_word' id='word_1_2' title='bbox 425 257 512 319; x_wconf 80' lang='lat' dir='ltr'>xvi.</span> <span class='ocrx_word' id='word_1_3' title='bbox 527 286 568 302; x_wconf 92' lang='lat'><em>-</em></span> <span class='ocrx_word' id='word_1_4' title='bbox 581 256 627 320; x_wconf 92' lang='lat' dir='ltr'>IN</span> <span class='ocrx_word' id='word_1_5' title='bbox 649 256 778 320; x_wconf 77' lang='lat' dir='ltr'>FESTO</span> <span class='ocrx_word' id='word_1_6' title='bbox 801 244 1055 349; x_wconf 72' lang='lat' dir='ltr'>sANcroaUn</span> <span class='ocrx_word' id='word_1_7' title='bbox 1075 260 1253 325; x_wconf 79' lang='lat' dir='ltr'><strong>JOANNIS</strong></span> <span class='ocrx_word' id='word_1_8' title='bbox 1274 263 1326 325; x_wconf 82' lang='grc' dir='ltr'>ΕΤ</span> <span class='ocrx_word' id='word_1_9' title='bbox 1347 264 1486 328; x_wconf 76' lang='lat' dir='ltr'><strong>PAULI.</strong></span> <span class='ocrx_word' id='word_1_10' title='bbox 1720 270 1783 333; x_wconf 80' lang='lat'>186</span> 
     </span>
    </p>
   </div>
   <div class='ocr_carea' id='block_1_2' title="bbox 125 415 1786 986">
    <p class='ocr_par' dir='ltr' id='par_1_2' title="bbox 125 415 1786 986">
     <span class='ocr_line' id='line_1_2' title="bbox 125 415 1785 505; baseline 0.007 -25"><span class='ocrx_word' id='word_1_11' title='bbox 125 416 245 480; x_wconf 88' lang='lat' dir='ltr'>lesiem</span> <span class='ocrx_word' id='word_1_12' title='bbox 272 415 463 493; x_wconf 81' lang='lat' dir='ltr'>ciuitatem,</span> <span class='ocrx_word' id='word_1_13' title='bbox 479 435 553 497; x_wconf 84' lang='lat' dir='ltr'>quse</span> <span class='ocrx_word' id='word_1_14' title='bbox 572 419 663 482; x_wconf 84' lang='lat' dir='ltr'>videt</span> <span class='ocrx_word' id='word_1_15' title='bbox 685 435 799 482; x_wconf 79' lang='lat' dir='ltr'>veram</span> <span class='ocrx_word' id='word_1_16' title='bbox 820 436 934 498; x_wconf 88' lang='lat' dir='ltr'>pacem</span> <span class='ocrx_word' id='word_1_17' title='bbox 988 423 1040 484; x_wconf 89' lang='lat' dir='ltr'>ter</span> <span class='ocrx_word' id='word_1_18' title='bbox 1066 421 1200 486; x_wconf 86' lang='lat' dir='ltr'>luerunt</span> <span class='ocrx_word' id='word_1_19' title='bbox 1225 423 1344 501; x_wconf 83' lang='lat' dir='ltr'>vigiles</span> <span class='ocrx_word' id='word_1_20' title='bbox 1372 424 1426 486; x_wconf 88' lang='lat' dir='ltr'>die</span> <span class='ocrx_word' id='word_1_21' title='bbox 1450 427 1620 505; x_wconf 86' lang='lat' dir='ltr'>noctuque</span> <span class='ocrx_word' id='word_1_22' title='bbox 1639 443 1699 505; x_wconf 89' lang='lat' dir='ltr'>pro</span> <span class='ocrx_word' id='word_1_23' title='bbox 1720 428 1785 492; x_wconf 83' lang='lat' dir='ltr'>ilde</span> 
     </span>
     <span class='ocr_line' id='line_1_3' title="bbox 125 516 1783 602; baseline 0.008 -27"><span class='ocrx_word' id='word_1_24' title='bbox 125 531 205 592; x_wconf 80' lang='lat' dir='ltr'>quae</span> <span class='ocrx_word' id='word_1_25' title='bbox 222 517 314 576; x_wconf 88' lang='lat' dir='ltr'>Deus</span> <span class='ocrx_word' id='word_1_26' title='bbox 327 517 393 588; x_wconf 91' lang='lat' dir='ltr'>est,</span> <span class='ocrx_word' id='word_1_27' title='bbox 411 517 447 577; x_wconf 92' lang='lat' dir='ltr'>in</span> <span class='ocrx_word' id='word_1_28' title='bbox 463 533 527 595; x_wconf 89' lang='lat' dir='ltr'>qua</span> <span class='ocrx_word' id='word_1_29' title='bbox 544 516 601 594; x_wconf 93' lang='lat' dir='ltr'>qui</span> <span class='ocrx_word' id='word_1_30' title='bbox 617 516 755 589; x_wconf 90' lang='lat' dir='ltr'>habitat,</span> <span class='ocrx_word' id='word_1_31' title='bbox 778 517 813 578; x_wconf 89' lang='lat' dir='ltr'>iu</span> <span class='ocrx_word' id='word_1_32' title='bbox 832 518 933 580; x_wconf 88' lang='lat' dir='ltr'>aeter·</span> <span class='ocrx_word' id='word_1_33' title='bbox 989 520 1238 592; x_wconf 66' lang='lat' dir='ltr'>Christianam</span> <span class='ocrx_word' id='word_1_34' title='bbox 1256 523 1426 585; x_wconf 68' lang='lat' dir='ltr'>,Iulianum</span> <span class='ocrx_word' id='word_1_35' title='bbox 1442 524 1600 586; x_wconf 75' lang='lat' dir='ltr'>Ecclesiae</span> <span class='ocrx_word' id='word_1_36' title='bbox 1621 525 1681 586; x_wconf 89' lang='lat' dir='ltr'>Dei</span> <span class='ocrx_word' id='word_1_37' title='bbox 1702 540 1783 602; x_wconf 86' lang='lat' dir='ltr'>per·</span> 
     </span>
     <span class='ocr_line' id='line_1_4' title="bbox 125 613 1784 698; baseline 0.007 -25"><span class='ocrx_word' id='word_1_38' title='bbox 125 629 209 673; x_wconf 89' lang='lat' dir='ltr'>num</span> <span class='ocrx_word' id='word_1_39' title='bbox 238 629 308 674; x_wconf 89' lang='lat' dir='ltr'>nou</span> <span class='ocrx_word' id='word_1_40' title='bbox 336 613 603 676; x_wconf 81' lang='lat' dir='ltr'>commovebitur</span> <span class='ocrx_word' id='word_1_41' title='bbox 625 630 686 693; x_wconf 87' lang='lat' dir='ltr'>per</span> <span class='ocrx_word' id='word_1_42' title='bbox 702 615 835 693; x_wconf 89' lang='lat' dir='ltr'>aliquod</span> <span class='ocrx_word' id='word_1_43' title='bbox 857 631 933 676; x_wconf 88' lang='lat' dir='ltr'>ma·</span> <span class='ocrx_word' id='word_1_44' title='bbox 989 618 1172 679; x_wconf 87' lang='lat' dir='ltr'>secutorem</span> <span class='ocrx_word' id='word_1_45' title='bbox 1188 618 1368 694; x_wconf 88' lang='lat' dir='ltr'>vigilando,</span> <span class='ocrx_word' id='word_1_46' title='bbox 1386 621 1442 697; x_wconf 91' lang='lat' dir='ltr'>qui</span> <span class='ocrx_word' id='word_1_47' title='bbox 1457 621 1579 685; x_wconf 84' lang='lat' dir='ltr'>multas</span> <span class='ocrx_word' id='word_1_48' title='bbox 1600 622 1784 698; x_wconf 85' lang='lat' dir='ltr'>etmagnas</span> 
     </span>
     <span class='ocr_line' id='line_1_5' title="bbox 125 709 1785 792; baseline 0.007 -23"><span class='ocrx_word' id='word_1_49' title='bbox 125 709 265 769; x_wconf 83' lang='lat' dir='ltr'>lumin</span> <span class='ocrx_word' id='word_1_50' title='bbox 286 710 350 770; x_wconf 92' lang='lat' dir='ltr'>Dei</span> <span class='ocrx_word' id='word_1_51' title='bbox 365 712 568 786; x_wconf 77' lang='lat' dir='ltr'>cognitione,</span> <span class='ocrx_word' id='word_1_52' title='bbox 583 712 662 790; x_wconf 87' lang='lat' dir='ltr'>quia</span> <span class='ocrx_word' id='word_1_53' title='bbox 681 713 717 773; x_wconf 93' lang='lat' dir='ltr'>in</span> <span class='ocrx_word' id='word_1_54' title='bbox 740 712 863 773; x_wconf 88' lang='lat' dir='ltr'>sanctis</span> <span class='ocrx_word' id='word_1_55' title='bbox 884 713 935 774; x_wconf 87' lang='lat' dir='ltr'>est</span> <span class='ocrx_word' id='word_1_56' title='bbox 987 714 1219 777; x_wconf 77' lang='lat' dir='ltr'>tribulationes</span> <span class='ocrx_word' id='word_1_57' title='bbox 1244 732 1304 792; x_wconf 92' lang='lat' dir='ltr'>pro</span> <span class='ocrx_word' id='word_1_58' title='bbox 1335 716 1400 778; x_wconf 88' lang='lat' dir='ltr'>tide</span> <span class='ocrx_word' id='word_1_59' title='bbox 1427 721 1460 779; x_wconf 91' lang='lat' dir='ltr'>et</span> <span class='ocrx_word' id='word_1_60' title='bbox 1490 719 1679 781; x_wconf 89' lang='lat' dir='ltr'>testimonio</span> <span class='ocrx_word' id='word_1_61' title='bbox 1703 722 1785 783; x_wconf 80' lang='lat' dir='ltr'>iesu</span> 
     </span>
     <span class='ocr_line' id='line_1_6' title="bbox 127 806 1786 894; baseline 0.007 -27"><span class='ocrx_word' id='word_1_62' title='bbox 127 806 411 883; x_wconf 86' lang='lat' dir='ltr'>comprehensiva</span> <span class='ocrx_word' id='word_1_63' title='bbox 424 809 580 885; x_wconf 81' lang='lat' dir='ltr'>cognitio,</span> <span class='ocrx_word' id='word_1_64' title='bbox 597 825 657 886; x_wconf 90' lang='lat' dir='ltr'>per</span> <span class='ocrx_word' id='word_1_65' title='bbox 674 825 772 887; x_wconf 89' lang='lat' dir='ltr'>quam</span> <span class='ocrx_word' id='word_1_66' title='bbox 793 813 935 885; x_wconf 89' lang='lat' dir='ltr'>cogn&#39;os-</span> <span class='ocrx_word' id='word_1_67' title='bbox 988 811 1110 874; x_wconf 84' lang='lat' dir='ltr'>Christi</span> <span class='ocrx_word' id='word_1_68' title='bbox 1126 813 1160 872; x_wconf 92' lang='lat' dir='ltr'>in</span> <span class='ocrx_word' id='word_1_69' title='bbox 1174 812 1237 874; x_wconf 91' lang='lat' dir='ltr'>hoc</span> <span class='ocrx_word' id='word_1_70' title='bbox 1248 814 1369 875; x_wconf 89' lang='lat' dir='ltr'>mundo</span> <span class='ocrx_word' id='word_1_71' title='bbox 1380 814 1547 877; x_wconf 89' lang='lat' dir='ltr'>abeodem</span> <span class='ocrx_word' id='word_1_72' title='bbox 1558 817 1693 879; x_wconf 75' lang='lat' dir='ltr'>,iuliano</span> <span class='ocrx_word' id='word_1_73' title='bbox 1707 832 1786 894; x_wconf 90' lang='lat' dir='ltr'>per-</span> 
     </span>
     <span class='ocr_line' id='line_1_7' title="bbox 127 905 1785 986; baseline 0.007 -21"><span class='ocrx_word' id='word_1_74' title='bbox 127 905 312 966; x_wconf 89' lang='lat' dir='ltr'>cuntsicut</span> <span class='ocrx_word' id='word_1_75' title='bbox 326 906 360 967; x_wconf 91' lang='lat' dir='ltr'>et</span> <span class='ocrx_word' id='word_1_76' title='bbox 372 906 497 981; x_wconf 79' lang='lat' dir='ltr'>cogniti</span> <span class='ocrx_word' id='word_1_77' title='bbox 518 908 606 978; x_wconf 91' lang='lat' dir='ltr'>sunt,</span> <span class='ocrx_word' id='word_1_78' title='bbox 619 907 770 968; x_wconf 82' lang='lat' dir='ltr'>ridentes</span> <span class='ocrx_word' id='word_1_79' title='bbox 791 908 858 968; x_wconf 90' lang='lat' dir='ltr'>non</span> <span class='ocrx_word' id='word_1_80' title='bbox 875 922 934 984; x_wconf 87' lang='lat' dir='ltr'>per</span> <span class='ocrx_word' id='word_1_81' title='bbox 988 909 1076 986; x_wconf 90' lang='lat' dir='ltr'>pessi</span> <span class='ocrx_word' id='word_1_82' title='bbox 1098 912 1185 971; x_wconf 89' lang='lat' dir='ltr'>sunt.</span> <span class='ocrx_word' id='word_1_83' title='bbox 1212 911 1306 972; x_wconf 90' lang='lat' dir='ltr'>Unde</span> <span class='ocrx_word' id='word_1_84' title='bbox 1325 912 1415 973; x_wconf 88' lang='lat' dir='ltr'>cauit</span> <span class='ocrx_word' id='word_1_85' title='bbox 1430 912 1578 975; x_wconf 82' lang='lat' dir='ltr'>Ecclesia</span> <span class='ocrx_word' id='word_1_86' title='bbox 1603 935 1611 972; x_wconf 75' lang='grc' dir='ltr'>ι</span> <span class='ocrx_word' id='word_1_87' title='bbox 1632 914 1785 976; x_wconf 76' lang='lat' dir='ltr'>«Multae</span> 
     </span>
    </p>
   </div>
   <div class='ocr_carea' id='block_1_3' title="bbox 128 1001 1917 1085">
    <p class='ocr_par' dir='ltr' id='par_1_3' title="bbox 128 1001 1917 1085">
     <span class='ocr_line' id='line_1_8' title="bbox 128 1001 1917 1085; baseline 0.005 -24"><span class='ocrx_word' id='word_1_88' title='bbox 128 1001 347 1080; x_wconf 87' lang='lat' dir='ltr'>speculumin</span> <span class='ocrx_word' id='word_1_89' title='bbox 362 1004 550 1078; x_wconf 85' lang='lat' dir='ltr'>aenigmate,</span> <span class='ocrx_word' id='word_1_90' title='bbox 568 1004 627 1065; x_wconf 89' lang='lat' dir='ltr'>sed</span> <span class='ocrx_word' id='word_1_91' title='bbox 642 1003 727 1066; x_wconf 90' lang='lat' dir='ltr'>iacie</span> <span class='ocrx_word' id='word_1_92' title='bbox 743 1004 784 1066; x_wconf 89' lang='lat' dir='ltr'>ad</span> <span class='ocrx_word' id='word_1_93' title='bbox 801 1004 931 1077; x_wconf 82' lang='lat' dir='ltr'>faciem,</span> <span class='ocrx_word' id='word_1_94' title='bbox 988 1006 1219 1069; x_wconf 82' lang='lat' dir='ltr'>tribulationes</span> <span class='ocrx_word' id='word_1_95' title='bbox 1236 1009 1414 1085; x_wconf 88' lang='lat' dir='ltr'>justorum,</span> <span class='ocrx_word' id='word_1_96' title='bbox 1438 1010 1471 1070; x_wconf 94' lang='lat' dir='ltr'>et</span> <span class='ocrx_word' id='word_1_97' title='bbox 1494 1010 1536 1071; x_wconf 89' lang='lat' dir='ltr'>de</span> <span class='ocrx_word' id='word_1_98' title='bbox 1557 1009 1610 1071; x_wconf 89' lang='lat' dir='ltr'>his</span> <span class='ocrx_word' id='word_1_99' title='bbox 1630 1010 1784 1073; x_wconf 86' lang='lat' dir='ltr'>omnibus</span> <span class='ocrx_word' id='word_1_100' title='bbox 1915 1067 1917 1070; x_wconf 84' lang='lat'>.</span> 
     </span>
    </p>
   </div>
   <div class='ocr_carea' id='block_1_4' title="bbox 130 1098 1787 4587">
    <p class='ocr_par' dir='ltr' id='par_1_4' title="bbox 130 1098 1787 4587">
     <span class='ocr_line' id='line_1_9' title="bbox 130 1098 1785 1183; baseline 0.007 -24"><span class='ocrx_word' id='word_1_101' title='bbox 130 1098 331 1161; x_wconf 81' lang='lat' dir='ltr'>Trinitatem</span> <span class='ocrx_word' id='word_1_102' title='bbox 346 1101 382 1161; x_wconf 91' lang='lat' dir='ltr'>in</span> <span class='ocrx_word' id='word_1_103' title='bbox 397 1102 542 1174; x_wconf 88' lang='lat' dir='ltr'>Unitnte,</span> <span class='ocrx_word' id='word_1_104' title='bbox 560 1104 594 1163; x_wconf 90' lang='lat' dir='ltr'>et</span> <span class='ocrx_word' id='word_1_105' title='bbox 604 1102 769 1164; x_wconf 88' lang='lat' dir='ltr'>Unitatem</span> <span class='ocrx_word' id='word_1_106' title='bbox 782 1102 818 1163; x_wconf 91' lang='lat' dir='ltr'>in</span> <span class='ocrx_word' id='word_1_107' title='bbox 827 1102 934 1163; x_wconf 86' lang='lat' dir='ltr'>Triui-</span> <span class='ocrx_word' id='word_1_108' title='bbox 988 1103 1144 1166; x_wconf 89' lang='lat' dir='ltr'>liberabit</span> <span class='ocrx_word' id='word_1_109' title='bbox 1157 1120 1214 1167; x_wconf 89' lang='lat' dir='ltr'>eos</span> <span class='ocrx_word' id='word_1_110' title='bbox 1228 1107 1431 1169; x_wconf 78' lang='lat' dir='ltr'>Dominus.»</span> <span class='ocrx_word' id='word_1_111' title='bbox 1445 1108 1623 1183; x_wconf 85' lang='lat' dir='ltr'>Sanejusti</span> <span class='ocrx_word' id='word_1_112' title='bbox 1635 1107 1785 1173; x_wconf 87' lang='lat' dir='ltr'>tribulati</span> 
     </span>
     <span class='ocr_line' id='line_1_10' title="bbox 130 1195 1785 1280; baseline 0.006 -23"><span class='ocrx_word' id='word_1_113' title='bbox 130 1195 211 1267; x_wconf 87' lang='lat' dir='ltr'>tate,</span> <span class='ocrx_word' id='word_1_114' title='bbox 227 1196 379 1272; x_wconf 85' lang='lat' dir='ltr'>legentes</span> <span class='ocrx_word' id='word_1_115' title='bbox 394 1197 431 1258; x_wconf 91' lang='lat' dir='ltr'>iu</span> <span class='ocrx_word' id='word_1_116' title='bbox 445 1196 531 1260; x_wconf 90' lang='lat' dir='ltr'>libro</span> <span class='ocrx_word' id='word_1_117' title='bbox 549 1199 647 1271; x_wconf 86' lang='lat' dir='ltr'>ritae,</span> <span class='ocrx_word' id='word_1_118' title='bbox 672 1200 706 1260; x_wconf 92' lang='lat' dir='ltr'>in</span> <span class='ocrx_word' id='word_1_119' title='bbox 733 1215 797 1277; x_wconf 93' lang='lat' dir='ltr'>quo</span> <span class='ocrx_word' id='word_1_120' title='bbox 820 1215 933 1261; x_wconf 91' lang='lat' dir='ltr'>omues</span> <span class='ocrx_word' id='word_1_121' title='bbox 989 1203 1067 1263; x_wconf 90' lang='lat' dir='ltr'>sunt</span> <span class='ocrx_word' id='word_1_122' title='bbox 1078 1202 1177 1264; x_wconf 88' lang='lat' dir='ltr'>corde</span> <span class='ocrx_word' id='word_1_123' title='bbox 1190 1219 1251 1280; x_wconf 85' lang='lat' dir='ltr'>per</span> <span class='ocrx_word' id='word_1_124' title='bbox 1263 1203 1418 1266; x_wconf 86' lang='lat' dir='ltr'>tristitias</span> <span class='ocrx_word' id='word_1_125' title='bbox 1427 1206 1461 1266; x_wconf 88' lang='lat' dir='ltr'>et</span> <span class='ocrx_word' id='word_1_126' title='bbox 1470 1203 1619 1278; x_wconf 78' lang='lat' dir='ltr'>dolores3</span> <span class='ocrx_word' id='word_1_127' title='bbox 1634 1204 1785 1267; x_wconf 84' lang='lat' dir='ltr'>tribulati</span> 
     </span>
     <span class='ocr_line' id='line_1_11' title="bbox 130 1292 1785 1378; baseline 0.006 -25"><span class='ocrx_word' id='word_1_128' title='bbox 130 1292 285 1354; x_wconf 82' lang='lat' dir='ltr'>thesauri</span> <span class='ocrx_word' id='word_1_129' title='bbox 301 1293 475 1372; x_wconf 87' lang='lat' dir='ltr'>sapientiae</span> <span class='ocrx_word' id='word_1_130' title='bbox 490 1298 524 1358; x_wconf 90' lang='lat' dir='ltr'>et</span> <span class='ocrx_word' id='word_1_131' title='bbox 536 1296 686 1358; x_wconf 87' lang='lat' dir='ltr'>scientiae</span> <span class='ocrx_word' id='word_1_132' title='bbox 702 1298 780 1359; x_wconf 91' lang='lat' dir='ltr'>sunt</span> <span class='ocrx_word' id='word_1_133' title='bbox 791 1297 935 1359; x_wconf 91' lang='lat' dir='ltr'>abscon·</span> <span class='ocrx_word' id='word_1_134' title='bbox 988 1300 1065 1361; x_wconf 90' lang='lat' dir='ltr'>sunt</span> <span class='ocrx_word' id='word_1_135' title='bbox 1079 1316 1137 1361; x_wconf 91' lang='lat' dir='ltr'>ore</span> <span class='ocrx_word' id='word_1_136' title='bbox 1151 1316 1211 1378; x_wconf 85' lang='lat' dir='ltr'>per</span> <span class='ocrx_word' id='word_1_137' title='bbox 1225 1302 1443 1364; x_wconf 85' lang='lat' dir='ltr'>contumelias</span> <span class='ocrx_word' id='word_1_138' title='bbox 1454 1301 1487 1364; x_wconf 91' lang='lat' dir='ltr'>et</span> <span class='ocrx_word' id='word_1_139' title='bbox 1500 1303 1646 1363; x_wconf 88' lang='lat' dir='ltr'>terrores</span> <span class='ocrx_word' id='word_1_140' title='bbox 1659 1324 1668 1376; x_wconf 82' lang='lat'>3</span> <span class='ocrx_word' id='word_1_141' title='bbox 1681 1302 1785 1363; x_wconf 91' lang='lat' dir='ltr'>tribu·</span> 
     </span>
     <span class='ocr_line' id='line_1_12' title="bbox 132 1391 1785 1476; baseline 0.005 -25"><span class='ocrx_word' id='word_1_142' title='bbox 132 1391 206 1452; x_wconf 90' lang='lat' dir='ltr'>diti.</span> <span class='ocrx_word' id='word_1_143' title='bbox 218 1393 268 1452; x_wconf 91' lang='lat' dir='ltr'>De</span> <span class='ocrx_word' id='word_1_144' title='bbox 282 1408 349 1469; x_wconf 90' lang='lat' dir='ltr'>qua</span> <span class='ocrx_word' id='word_1_145' title='bbox 364 1393 553 1468; x_wconf 88' lang='lat' dir='ltr'>cognitione</span> <span class='ocrx_word' id='word_1_146' title='bbox 561 1394 685 1456; x_wconf 87' lang='lat' dir='ltr'>veritas</span> <span class='ocrx_word' id='word_1_147' title='bbox 700 1394 748 1456; x_wconf 91' lang='lat' dir='ltr'>ait</span> <span class='ocrx_word' id='word_1_148' title='bbox 763 1416 771 1455; x_wconf 74' lang='grc' dir='ltr'>ι</span> <span class='ocrx_word' id='word_1_149' title='bbox 787 1399 871 1456; x_wconf 82' lang='lat' dir='ltr'>Haec</span> <span class='ocrx_word' id='word_1_150' title='bbox 882 1396 933 1457; x_wconf 86' lang='lat' dir='ltr'>est</span> <span class='ocrx_word' id='word_1_151' title='bbox 987 1396 1047 1458; x_wconf 92' lang='lat' dir='ltr'>lati</span> <span class='ocrx_word' id='word_1_152' title='bbox 1058 1396 1135 1458; x_wconf 90' lang='lat' dir='ltr'>sunt</span> <span class='ocrx_word' id='word_1_153' title='bbox 1147 1413 1246 1474; x_wconf 91' lang='lat' dir='ltr'>opere</span> <span class='ocrx_word' id='word_1_154' title='bbox 1261 1414 1321 1475; x_wconf 87' lang='lat' dir='ltr'>per</span> <span class='ocrx_word' id='word_1_155' title='bbox 1333 1398 1505 1474; x_wconf 78' lang='lat' dir='ltr'>angustias</span> <span class='ocrx_word' id='word_1_156' title='bbox 1519 1400 1553 1460; x_wconf 89' lang='lat' dir='ltr'>et</span> <span class='ocrx_word' id='word_1_157' title='bbox 1565 1399 1711 1473; x_wconf 64' lang='lat' dir='ltr'>laborem</span> <span class='ocrx_word' id='word_1_158' title='bbox 1725 1414 1785 1476; x_wconf 88' lang='lat' dir='ltr'>per</span> 
     </span>
     <span class='ocr_line' id='line_1_13' title="bbox 131 1488 1786 1572; baseline 0.004 -24"><span class='ocrx_word' id='word_1_159' title='bbox 131 1488 205 1549; x_wconf 82' lang='lat' dir='ltr'>viia</span> <span class='ocrx_word' id='word_1_160' title='bbox 220 1490 360 1549; x_wconf 73' lang='lat' dir='ltr'>retemta</span> <span class='ocrx_word' id='word_1_161' title='bbox 372 1491 413 1551; x_wconf 84' lang='lat' dir='ltr'>ut</span> <span class='ocrx_word' id='word_1_162' title='bbox 426 1492 631 1565; x_wconf 78' lang='lat' dir='ltr'>copnoscant</span> <span class='ocrx_word' id='word_1_163' title='bbox 646 1492 678 1553; x_wconf 85' lang='lat' dir='ltr'>le</span> <span class='ocrx_word' id='word_1_164' title='bbox 690 1497 800 1554; x_wconf 84' lang='lat' dir='ltr'>scium</span> <span class='ocrx_word' id='word_1_165' title='bbox 810 1507 933 1554; x_wconf 83' lang='lat' dir='ltr'>aarum</span> <span class='ocrx_word' id='word_1_166' title='bbox 988 1492 1118 1554; x_wconf 88' lang='lat' dir='ltr'>dolores</span> <span class='ocrx_word' id='word_1_167' title='bbox 1134 1495 1342 1557; x_wconf 86' lang='lat' dir='ltr'>contritionis</span> <span class='ocrx_word' id='word_1_168' title='bbox 1357 1497 1391 1556; x_wconf 87' lang='lat' dir='ltr'>et</span> <span class='ocrx_word' id='word_1_169' title='bbox 1404 1495 1561 1557; x_wconf 88' lang='lat' dir='ltr'>tristitias</span> <span class='ocrx_word' id='word_1_170' title='bbox 1579 1497 1786 1572; x_wconf 90' lang='lat' dir='ltr'>compassio-</span> 
     </span>
     <span class='ocr_line' id='line_1_14' title="bbox 132 1586 1783 1667; baseline 0.007 -21"><span class='ocrx_word' id='word_1_171' title='bbox 132 1588 257 1657; x_wconf 82' lang='lat' dir='ltr'>Dcum,</span> <span class='ocrx_word' id='word_1_172' title='bbox 280 1586 317 1647; x_wconf 88' lang='lat' dir='ltr'>ei</span> <span class='ocrx_word' id='word_1_173' title='bbox 344 1602 445 1661; x_wconf 83' lang='lat' dir='ltr'>quem</span> <span class='ocrx_word' id='word_1_174' title='bbox 465 1589 593 1649; x_wconf 81' lang='lat' dir='ltr'>misisti</span> <span class='ocrx_word' id='word_1_175' title='bbox 615 1592 735 1650; x_wconf 72' lang='lat' dir='ltr'>lasum</span> <span class='ocrx_word' id='word_1_176' title='bbox 758 1590 933 1651; x_wconf 73' lang='lat' dir='ltr'>Christum</span> <span class='ocrx_word' id='word_1_177' title='bbox 987 1589 1056 1664; x_wconf 73' lang='lat' dir='ltr'>nis,</span> <span class='ocrx_word' id='word_1_178' title='bbox 1077 1606 1137 1667; x_wconf 90' lang='lat' dir='ltr'>per</span> <span class='ocrx_word' id='word_1_179' title='bbox 1159 1592 1304 1653; x_wconf 88' lang='lat' dir='ltr'>terrores</span> <span class='ocrx_word' id='word_1_180' title='bbox 1325 1593 1595 1655; x_wconf 87' lang='lat' dir='ltr'>comminationis</span> <span class='ocrx_word' id='word_1_181' title='bbox 1608 1594 1642 1655; x_wconf 87' lang='lat' dir='ltr'>et</span> <span class='ocrx_word' id='word_1_182' title='bbox 1662 1593 1783 1657; x_wconf 66' lang='lat' dir='ltr'>contu,-</span> 
     </span>
     <span class='ocr_line' id='line_1_15' title="bbox 131 1679 1782 1765; baseline 0.005 -23"><span class='ocrx_word' id='word_1_183' title='bbox 131 1679 245 1759; x_wconf 85' lang='lat' dir='ltr'>(Joan.</span> <span class='ocrx_word' id='word_1_184' title='bbox 278 1699 370 1755; x_wconf 81' lang='lat' dir='ltr'>xvir,</span> <span class='ocrx_word' id='word_1_185' title='bbox 407 1683 453 1763; x_wconf 88' lang='grc'>3).</span> <span class='ocrx_word' id='word_1_186' title='bbox 488 1688 538 1747; x_wconf 82' lang='lat' dir='ltr'>iix</span> <span class='ocrx_word' id='word_1_187' title='bbox 569 1686 633 1747; x_wconf 91' lang='lat' dir='ltr'>hac</span> <span class='ocrx_word' id='word_1_188' title='bbox 658 1685 933 1763; x_wconf 79' lang='lat' dir='ltr'>comprehensiva</span> <span class='ocrx_word' id='word_1_189' title='bbox 988 1688 1105 1749; x_wconf 89' lang='lat' dir='ltr'>melias</span> <span class='ocrx_word' id='word_1_190' title='bbox 1129 1688 1316 1763; x_wconf 80' lang='lat' dir='ltr'>irrisionis3</span> <span class='ocrx_word' id='word_1_191' title='bbox 1339 1704 1401 1765; x_wconf 89' lang='lat' dir='ltr'>per</span> <span class='ocrx_word' id='word_1_192' title='bbox 1421 1690 1571 1751; x_wconf 87' lang='lat' dir='ltr'>laborem</span> <span class='ocrx_word' id='word_1_193' title='bbox 1593 1689 1782 1752; x_wconf 81' lang='lat' dir='ltr'>afflictionis</span> 
     </span>
     <span class='ocr_line' id='line_1_16' title="bbox 133 1779 1785 1863; baseline 0.004 -23"><span class='ocrx_word' id='word_1_194' title='bbox 133 1779 328 1855; x_wconf 72' lang='lat' dir='ltr'>cognitione</span> <span class='ocrx_word' id='word_1_195' title='bbox 335 1781 485 1857; x_wconf 89' lang='lat' dir='ltr'>procedit</span> <span class='ocrx_word' id='word_1_196' title='bbox 493 1799 620 1844; x_wconf 89' lang='lat' dir='ltr'>summa</span> <span class='ocrx_word' id='word_1_197' title='bbox 629 1782 762 1845; x_wconf 89' lang='lat' dir='ltr'>dilectio</span> <span class='ocrx_word' id='word_1_198' title='bbox 770 1799 932 1862; x_wconf 83' lang='lat' dir='ltr'>perquam</span> <span class='ocrx_word' id='word_1_199' title='bbox 987 1786 1021 1845; x_wconf 93' lang='lat' dir='ltr'>et</span> <span class='ocrx_word' id='word_1_200' title='bbox 1039 1785 1210 1861; x_wconf 86' lang='lat' dir='ltr'>angustias</span> <span class='ocrx_word' id='word_1_201' title='bbox 1222 1784 1401 1863; x_wconf 90' lang='lat' dir='ltr'>passionis.</span> <span class='ocrx_word' id='word_1_202' title='bbox 1418 1788 1482 1847; x_wconf 88' lang='lat' dir='ltr'>Per</span> <span class='ocrx_word' id='word_1_203' title='bbox 1496 1786 1568 1847; x_wconf 84' lang='lat' dir='ltr'>haec</span> <span class='ocrx_word' id='word_1_204' title='bbox 1580 1785 1695 1862; x_wconf 90' lang='lat' dir='ltr'>peccat</span> <span class='ocrx_word' id='word_1_205' title='bbox 1709 1786 1785 1862; x_wconf 90' lang='lat' dir='ltr'>quis</span> 
     </span>
     <span class='ocr_line' id='line_1_17' title="bbox 133 1877 1787 1961; baseline 0.004 -24"><span class='ocrx_word' id='word_1_206' title='bbox 133 1878 246 1938; x_wconf 84' lang='lat' dir='ltr'>sancti</span> <span class='ocrx_word' id='word_1_207' title='bbox 264 1877 409 1954; x_wconf 90' lang='lat' dir='ltr'>diligunt</span> <span class='ocrx_word' id='word_1_208' title='bbox 423 1880 537 1940; x_wconf 92' lang='lat' dir='ltr'>Deum.</span> <span class='ocrx_word' id='word_1_209' title='bbox 553 1878 647 1941; x_wconf 90' lang='lat' dir='ltr'>Unde</span> <span class='ocrx_word' id='word_1_210' title='bbox 662 1881 767 1961; x_wconf 86' lang='lat' dir='ltr'>isaias</span> <span class='ocrx_word' id='word_1_211' title='bbox 786 1881 827 1942; x_wconf 89' lang='lat' dir='ltr'>de</span> <span class='ocrx_word' id='word_1_212' title='bbox 846 1880 932 1943; x_wconf 92' lang='lat' dir='ltr'>bono</span> <span class='ocrx_word' id='word_1_213' title='bbox 988 1897 1048 1958; x_wconf 87' lang='lat' dir='ltr'>per</span> <span class='ocrx_word' id='word_1_214' title='bbox 1058 1881 1129 1945; x_wconf 83' lang='lat' dir='ltr'>haec</span> <span class='ocrx_word' id='word_1_215' title='bbox 1144 1885 1178 1944; x_wconf 90' lang='lat' dir='ltr'>ei</span> <span class='ocrx_word' id='word_1_216' title='bbox 1188 1884 1377 1960; x_wconf 83' lang='lat' dir='ltr'>torquetur3</span> <span class='ocrx_word' id='word_1_217' title='bbox 1394 1898 1570 1960; x_wconf 87' lang='lat' dir='ltr'>peccamus</span> <span class='ocrx_word' id='word_1_218' title='bbox 1584 1897 1644 1960; x_wconf 91' lang='lat' dir='ltr'>per</span> <span class='ocrx_word' id='word_1_219' title='bbox 1656 1882 1737 1945; x_wconf 85' lang='lat' dir='ltr'>vitia</span> <span class='ocrx_word' id='word_1_220' title='bbox 1753 1885 1787 1944; x_wconf 89' lang='lat' dir='ltr'>et</span> 
     </span>
     <span class='ocr_line' id='line_1_18' title="bbox 131 1974 1785 2055; baseline 0.004 -22"><span class='ocrx_word' id='word_1_221' title='bbox 131 1974 205 2035; x_wconf 80' lang='lat' dir='ltr'>viro</span> <span class='ocrx_word' id='word_1_222' title='bbox 223 1996 232 2033; x_wconf 75' lang='grc' dir='ltr'>ι</span> <span class='ocrx_word' id='word_1_223' title='bbox 252 1979 383 2053; x_wconf 75' lang='lat' dir='ltr'>Regem</span> <span class='ocrx_word' id='word_1_224' title='bbox 396 1980 435 2037; x_wconf 85' lang='lat' dir='ltr'>in</span> <span class='ocrx_word' id='word_1_225' title='bbox 449 1980 570 2039; x_wconf 64' lang='lat' dir='ltr'>maore</span> <span class='ocrx_word' id='word_1_226' title='bbox 583 1992 647 2040; x_wconf 84' lang='lat' dir='ltr'>suo</span> <span class='ocrx_word' id='word_1_227' title='bbox 665 1979 826 2040; x_wconf 82' lang='lat' dir='ltr'>videbunt</span> <span class='ocrx_word' id='word_1_228' title='bbox 847 1983 934 2041; x_wconf 77' lang='lat' dir='ltr'>cmii·</span> <span class='ocrx_word' id='word_1_229' title='bbox 988 1978 1181 2054; x_wconf 86' lang='lat' dir='ltr'>torquemur</span> <span class='ocrx_word' id='word_1_230' title='bbox 1190 1993 1251 2055; x_wconf 88' lang='lat' dir='ltr'>per</span> <span class='ocrx_word' id='word_1_231' title='bbox 1262 1979 1334 2039; x_wconf 89' lang='lat' dir='ltr'>illa.</span> <span class='ocrx_word' id='word_1_232' title='bbox 1348 1980 1434 2039; x_wconf 90' lang='lat' dir='ltr'>Nam</span> <span class='ocrx_word' id='word_1_233' title='bbox 1447 1979 1602 2055; x_wconf 90' lang='lat' dir='ltr'>superbia</span> <span class='ocrx_word' id='word_1_234' title='bbox 1612 1978 1719 2049; x_wconf 86' lang='lat' dir='ltr'>indat,</span> <span class='ocrx_word' id='word_1_235' title='bbox 1732 1979 1785 2040; x_wconf 84' lang='lat' dir='ltr'>ire</span> 
     </span>
     <span class='ocr_line' id='line_1_19' title="bbox 130 2068 1783 2153; baseline 0.004 -21"><span class='ocrx_word' id='word_1_236' title='bbox 130 2073 208 2143; x_wconf 78' lang='lat' dir='ltr'>ejus</span> <span class='ocrx_word' id='word_1_237' title='bbox 239 2068 302 2150; x_wconf 86' lang='lat' dir='ltr'>(Js.</span> <span class='ocrx_word' id='word_1_238' title='bbox 332 2088 454 2145; x_wconf 81' lang='lat' dir='ltr'>xxxin,</span> <span class='ocrx_word' id='word_1_239' title='bbox 494 2074 556 2146; x_wconf 88' lang='grc'><strong>17).</strong></span> <span class='ocrx_word' id='word_1_240' title='bbox 593 2076 716 2150; x_wconf 81' lang='lat' dir='ltr'>Regem</span> <span class='ocrx_word' id='word_1_241' title='bbox 749 2075 934 2137; x_wconf 82' lang='lat' dir='ltr'>nominavit</span> <span class='ocrx_word' id='word_1_242' title='bbox 985 2075 1138 2148; x_wconf 92' lang='lat' dir='ltr'>dilaniat,</span> <span class='ocrx_word' id='word_1_243' title='bbox 1150 2076 1285 2137; x_wconf 77' lang='lat' dir='ltr'>luxuria</span> <span class='ocrx_word' id='word_1_244' title='bbox 1295 2077 1459 2153; x_wconf 89' lang='lat' dir='ltr'>inquinat,</span> <span class='ocrx_word' id='word_1_245' title='bbox 1469 2076 1611 2138; x_wconf 84' lang='lat' dir='ltr'>avaritia</span> <span class='ocrx_word' id='word_1_246' title='bbox 1622 2074 1783 2148; x_wconf 89' lang='lat' dir='ltr'>stimulat,</span> 
     </span>
     <span class='ocr_line' id='line_1_20' title="bbox 131 2167 1785 2250; baseline 0.004 -23"><span class='ocrx_word' id='word_1_247' title='bbox 131 2167 303 2230; x_wconf 77' lang='lat' dir='ltr'>Christum</span> <span class='ocrx_word' id='word_1_248' title='bbox 333 2185 431 2250; x_wconf 91' lang='lat' dir='ltr'>quem</span> <span class='ocrx_word' id='word_1_249' title='bbox 458 2170 547 2231; x_wconf 90' lang='lat' dir='ltr'>oculi</span> <span class='ocrx_word' id='word_1_250' title='bbox 574 2172 682 2232; x_wconf 89' lang='lat' dir='ltr'>nostri</span> <span class='ocrx_word' id='word_1_251' title='bbox 713 2171 872 2234; x_wconf 84' lang='lat' dir='ltr'>ridebunt</span> <span class='ocrx_word' id='word_1_252' title='bbox 898 2173 932 2232; x_wconf 93' lang='lat' dir='ltr'>in</span> <span class='ocrx_word' id='word_1_253' title='bbox 987 2172 1114 2234; x_wconf 81' lang='lat' dir='ltr'>invidia</span> <span class='ocrx_word' id='word_1_254' title='bbox 1137 2173 1274 2234; x_wconf 86' lang='lat' dir='ltr'>cruciat</span> <span class='ocrx_word' id='word_1_255' title='bbox 1304 2176 1351 2234; x_wconf 90' lang='lat' dir='ltr'>De</span> <span class='ocrx_word' id='word_1_256' title='bbox 1377 2172 1646 2235; x_wconf 88' lang='lat' dir='ltr'>tribulationibus</span> <span class='ocrx_word' id='word_1_257' title='bbox 1675 2173 1785 2235; x_wconf 88' lang='lat' dir='ltr'>cordis</span> 
     </span>
     <span class='ocr_line' id='line_1_21' title="bbox 133 2265 1784 2348; baseline 0.005 -23"><span class='ocrx_word' id='word_1_258' title='bbox 133 2265 256 2326; x_wconf 89' lang='lat' dir='ltr'>decore</span> <span class='ocrx_word' id='word_1_259' title='bbox 285 2282 364 2338; x_wconf 90' lang='lat' dir='ltr'>suo,</span> <span class='ocrx_word' id='word_1_260' title='bbox 389 2267 486 2339; x_wconf 90' lang='lat' dir='ltr'>idest,</span> <span class='ocrx_word' id='word_1_261' title='bbox 509 2268 545 2328; x_wconf 93' lang='lat' dir='ltr'>in</span> <span class='ocrx_word' id='word_1_262' title='bbox 573 2267 725 2332; x_wconf 90' lang='lat' dir='ltr'>claritate</span> <span class='ocrx_word' id='word_1_263' title='bbox 748 2269 932 2332; x_wconf 87' lang='lat' dir='ltr'>divinitatis</span> <span class='ocrx_word' id='word_1_264' title='bbox 988 2269 1069 2331; x_wconf 90' lang='lat' dir='ltr'>dicit</span> <span class='ocrx_word' id='word_1_265' title='bbox 1091 2270 1262 2348; x_wconf 88' lang='lat' dir='ltr'>Scriptura</span> <span class='ocrx_word' id='word_1_266' title='bbox 1282 2273 1524 2343; x_wconf 57' lang='lat' dir='ltr'>:amancium</span> <span class='ocrx_word' id='word_1_267' title='bbox 1545 2274 1617 2332; x_wconf 84' lang='lat' dir='ltr'>Deo</span> <span class='ocrx_word' id='word_1_268' title='bbox 1636 2272 1784 2344; x_wconf 80' lang='lat' dir='ltr'>spiritus</span> 
     </span>
     <span class='ocr_line' id='line_1_22' title="bbox 134 2362 1784 2440; baseline 0.004 -17"><span class='ocrx_word' id='word_1_269' title='bbox 134 2379 217 2424; x_wconf 89' lang='lat' dir='ltr'>suae.</span> <span class='ocrx_word' id='word_1_270' title='bbox 234 2365 274 2425; x_wconf 81' lang='lat' dir='ltr'>at</span> <span class='ocrx_word' id='word_1_271' title='bbox 296 2362 358 2425; x_wconf 86' lang='lat' dir='ltr'>iob</span> <span class='ocrx_word' id='word_1_272' title='bbox 378 2386 386 2424; x_wconf 76' lang='grc' dir='ltr'>ε</span> <span class='ocrx_word' id='word_1_273' title='bbox 407 2368 450 2426; x_wconf 82' lang='lat' dir='ltr'>in</span> <span class='ocrx_word' id='word_1_274' title='bbox 464 2380 570 2427; x_wconf 81' lang='lat' dir='ltr'>corne</span> <span class='ocrx_word' id='word_1_275' title='bbox 588 2381 667 2428; x_wconf 85' lang='lat' dir='ltr'>mea</span> <span class='ocrx_word' id='word_1_276' title='bbox 685 2370 803 2429; x_wconf 82' lang='lat' dir='ltr'>uidebo</span> <span class='ocrx_word' id='word_1_277' title='bbox 822 2372 932 2429; x_wconf 84' lang='lat' dir='ltr'>Deum</span> <span class='ocrx_word' id='word_1_278' title='bbox 987 2367 1245 2440; x_wconf 81' lang='lat' dir='ltr'>contribulatus,</span> <span class='ocrx_word' id='word_1_279' title='bbox 1254 2382 1315 2428; x_wconf 84' lang='lat' dir='ltr'>cor</span> <span class='ocrx_word' id='word_1_280' title='bbox 1323 2367 1512 2429; x_wconf 81' lang='lat' dir='ltr'>contritum</span> <span class='ocrx_word' id='word_1_281' title='bbox 1522 2370 1556 2429; x_wconf 85' lang='lat' dir='ltr'>et</span> <span class='ocrx_word' id='word_1_282' title='bbox 1564 2368 1784 2429; x_wconf 77' lang='lat' dir='ltr'>humiliatum</span> 
     </span>
     <span class='ocr_line' id='line_1_23' title="bbox 134 2461 1781 2544; baseline 0.001 -21"><span class='ocrx_word' id='word_1_283' title='bbox 134 2461 353 2523; x_wconf 69' lang='lat' dir='ltr'>savatorem</span> <span class='ocrx_word' id='word_1_284' title='bbox 365 2477 519 2523; x_wconf 75' lang='lat' dir='ltr'>uicum...</span> <span class='ocrx_word' id='word_1_285' title='bbox 533 2461 618 2542; x_wconf 86' lang='lat' dir='ltr'>(iob.</span> <span class='ocrx_word' id='word_1_286' title='bbox 634 2480 706 2537; x_wconf 81' lang='lat' dir='ltr'>xix,</span> <span class='ocrx_word' id='word_1_287' title='bbox 721 2463 787 2544; x_wconf 78' lang='grc'><strong>26).</strong></span> <span class='ocrx_word' id='word_1_288' title='bbox 987 2467 1081 2526; x_wconf 82' lang='lat' dir='ltr'>Deus</span> <span class='ocrx_word' id='word_1_289' title='bbox 1091 2478 1158 2526; x_wconf 83' lang='lat' dir='ltr'>non</span> <span class='ocrx_word' id='word_1_290' title='bbox 1174 2466 1309 2539; x_wconf 78' lang='lat' dir='ltr'>speruit</span> <span class='ocrx_word' id='word_1_291' title='bbox 1327 2462 1587 2543; x_wconf 85' lang='lat' dir='ltr'>(Ps.50,18).Ei</span> <span class='ocrx_word' id='word_1_292' title='bbox 1602 2464 1781 2541; x_wconf 86' lang='lat' dir='ltr'>Apostolus</span> 
     </span>
     <span class='ocr_line' id='line_1_24' title="bbox 173 2558 1783 2638; baseline 0.002 -20"><span class='ocrx_word' id='word_1_293' title='bbox 173 2560 256 2619; x_wconf 88' lang='lat' dir='ltr'>Item</span> <span class='ocrx_word' id='word_1_294' title='bbox 274 2580 283 2617; x_wconf 75' lang='lat' dir='ltr'>i</span> <span class='ocrx_word' id='word_1_295' title='bbox 301 2560 367 2620; x_wconf 85' lang='lat' dir='ltr'>isit</span> <span class='ocrx_word' id='word_1_296' title='bbox 378 2560 462 2620; x_wconf 82' lang='lat' dir='ltr'>sunt</span> <span class='ocrx_word' id='word_1_297' title='bbox 480 2563 550 2621; x_wconf 82' lang='lat' dir='ltr'>oiri</span> <span class='ocrx_word' id='word_1_298' title='bbox 566 2564 827 2636; x_wconf 76' lang='lat' dir='ltr'>misericordiae,</span> <span class='ocrx_word' id='word_1_299' title='bbox 848 2579 933 2638; x_wconf 85' lang='lat' dir='ltr'>quo-</span> <span class='ocrx_word' id='word_1_300' title='bbox 987 2561 1035 2623; x_wconf 91' lang='lat' dir='ltr'>ait</span> <span class='ocrx_word' id='word_1_301' title='bbox 1051 2583 1059 2621; x_wconf 90' lang='lat'>:</span> <span class='ocrx_word' id='word_1_302' title='bbox 1076 2558 1158 2628; x_wconf 83' lang='lat' dir='ltr'>Quis</span> <span class='ocrx_word' id='word_1_303' title='bbox 1168 2563 1382 2634; x_wconf 66' lang='lat' dir='ltr'>infirmetur,</span> <span class='ocrx_word' id='word_1_304' title='bbox 1399 2562 1434 2623; x_wconf 85' lang='lat' dir='ltr'>et</span> <span class='ocrx_word' id='word_1_305' title='bbox 1448 2575 1511 2637; x_wconf 77' lang='lat' dir='ltr'>eqo</span> <span class='ocrx_word' id='word_1_306' title='bbox 1525 2563 1783 2635; x_wconf 76' lang='lat' dir='ltr'>noniniirmori</span> 
     </span>
     <span class='ocr_line' id='line_1_25' title="bbox 132 2657 1784 2734; baseline 0.001 -17"><span class='ocrx_word' id='word_1_307' title='bbox 132 2671 214 2717; x_wconf 81' lang='lat' dir='ltr'>rum</span> <span class='ocrx_word' id='word_1_308' title='bbox 229 2657 383 2728; x_wconf 70' lang='lat' dir='ltr'>nature</span> <span class='ocrx_word' id='word_1_309' title='bbox 404 2660 607 2720; x_wconf 83' lang='lat' dir='ltr'>oblivionem</span> <span class='ocrx_word' id='word_1_310' title='bbox 631 2673 701 2720; x_wconf 83' lang='lat' dir='ltr'>non</span> <span class='ocrx_word' id='word_1_311' title='bbox 725 2662 934 2734; x_wconf 79' lang='lat' dir='ltr'>acceperunt</span> <span class='ocrx_word' id='word_1_312' title='bbox 988 2660 1071 2724; x_wconf 84' lang='lat' dir='ltr'>Quis</span> <span class='ocrx_word' id='word_1_313' title='bbox 1103 2659 1361 2720; x_wconf 77' lang='lat' dir='ltr'>scandalizatur</span> <span class='ocrx_word' id='word_1_314' title='bbox 1395 2659 1431 2719; x_wconf 87' lang='lat' dir='ltr'>ct</span> <span class='ocrx_word' id='word_1_315' title='bbox 1465 2671 1526 2733; x_wconf 76' lang='lat' dir='ltr'>ego</span> <span class='ocrx_word' id='word_1_316' title='bbox 1560 2672 1629 2719; x_wconf 83' lang='lat' dir='ltr'>non</span> <span class='ocrx_word' id='word_1_317' title='bbox 1668 2661 1784 2720; x_wconf 77' lang='lat' dir='ltr'>uror?</span> 
     </span>
     <span class='ocr_line' id='line_1_26' title="bbox 137 2750 1264 2835; baseline 0 -20"><span class='ocrx_word' id='word_1_318' title='bbox 137 2750 251 2831; x_wconf 83' lang='lat' dir='ltr'>(Eccli.</span> <span class='ocrx_word' id='word_1_319' title='bbox 280 2769 375 2825; x_wconf 77' lang='lat' dir='ltr'>xnrv,</span> <span class='ocrx_word' id='word_1_320' title='bbox 402 2751 465 2827; x_wconf 93' lang='grc'><strong>10).</strong></span> <span class='ocrx_word' id='word_1_321' title='bbox 488 2754 607 2815; x_wconf 86' lang='lat' dir='ltr'>Tribus</span> <span class='ocrx_word' id='word_1_322' title='bbox 635 2756 742 2816; x_wconf 90' lang='lat' dir='ltr'>modis</span> <span class='ocrx_word' id='word_1_323' title='bbox 765 2756 934 2835; x_wconf 89' lang='lat' dir='ltr'>accipiunt</span> <span class='ocrx_word' id='word_1_324' title='bbox 989 2752 1035 2834; x_wconf 83' lang='lat' dir='ltr'>(ii</span> <span class='ocrx_word' id='word_1_325' title='bbox 1048 2757 1121 2816; x_wconf 86' lang='lat' dir='ltr'>Gor.</span> <span class='ocrx_word' id='word_1_326' title='bbox 1138 2770 1185 2828; x_wconf 83' lang='lat' dir='ltr'>xi,</span> <span class='ocrx_word' id='word_1_327' title='bbox 1197 2753 1264 2834; x_wconf 84' lang='grc'><strong>29).</strong></span> 
     </span>
     <span class='ocr_line' id='line_1_27' title="bbox 137 2849 1785 2931; baseline 0 -19"><span class='ocrx_word' id='word_1_328' title='bbox 137 2849 339 2912; x_wconf 81' lang='lat' dir='ltr'>oblivionem</span> <span class='ocrx_word' id='word_1_329' title='bbox 349 2851 491 2928; x_wconf 73' lang='lat' dir='ltr'>iustitiae</span> <span class='ocrx_word' id='word_1_330' title='bbox 500 2852 683 2926; x_wconf 89' lang='lat' dir='ltr'>hominum,</span> <span class='ocrx_word' id='word_1_331' title='bbox 697 2852 863 2927; x_wconf 84' lang='lat' dir='ltr'>videlicet,</span> <span class='ocrx_word' id='word_1_332' title='bbox 874 2870 934 2931; x_wconf 90' lang='lat' dir='ltr'>per</span> <span class='ocrx_word' id='word_1_333' title='bbox 1027 2855 1075 2914; x_wconf 88' lang='lat' dir='ltr'>De</span> <span class='ocrx_word' id='word_1_334' title='bbox 1094 2851 1366 2914; x_wconf 87' lang='lat' dir='ltr'>tribulationibus</span> <span class='ocrx_word' id='word_1_335' title='bbox 1385 2852 1454 2913; x_wconf 86' lang='lat' dir='ltr'>oris</span> <span class='ocrx_word' id='word_1_336' title='bbox 1475 2852 1524 2913; x_wconf 90' lang='lat' dir='ltr'>ait</span> <span class='ocrx_word' id='word_1_337' title='bbox 1543 2853 1703 2914; x_wconf 88' lang='lat' dir='ltr'>Dominus</span> <span class='ocrx_word' id='word_1_338' title='bbox 1724 2867 1785 2929; x_wconf 91' lang='lat' dir='ltr'>per</span> 
     </span>
     <span class='ocr_line' id='line_1_28' title="bbox 138 2947 1784 3028; baseline 0 -18"><span class='ocrx_word' id='word_1_339' title='bbox 138 2964 259 3010; x_wconf 81' lang='lat' dir='ltr'>ranam</span> <span class='ocrx_word' id='word_1_340' title='bbox 274 2947 428 3025; x_wconf 84' lang='lat' dir='ltr'>gloriam,</span> <span class='ocrx_word' id='word_1_341' title='bbox 442 2964 502 3025; x_wconf 90' lang='lat' dir='ltr'>per</span> <span class='ocrx_word' id='word_1_342' title='bbox 513 2950 695 3026; x_wconf 90' lang='lat' dir='ltr'>nequitiam</span> <span class='ocrx_word' id='word_1_343' title='bbox 710 2952 744 3013; x_wconf 89' lang='lat' dir='ltr'>et</span> <span class='ocrx_word' id='word_1_344' title='bbox 765 2967 826 3028; x_wconf 89' lang='lat' dir='ltr'>per</span> <span class='ocrx_word' id='word_1_345' title='bbox 843 2951 934 3013; x_wconf 90' lang='lat' dir='ltr'>desi·</span> <span class='ocrx_word' id='word_1_346' title='bbox 987 2950 1168 3012; x_wconf 82' lang='lat' dir='ltr'>ieremiam</span> <span class='ocrx_word' id='word_1_347' title='bbox 1181 2950 1377 3027; x_wconf 88' lang='lat' dir='ltr'>prophetam</span> <span class='ocrx_word' id='word_1_348' title='bbox 1393 2970 1401 3009; x_wconf 78' lang='grc' dir='ltr'>ι</span> <span class='ocrx_word' id='word_1_349' title='bbox 1418 2951 1649 3012; x_wconf 81' lang='lat' dir='ltr'>Contumelias</span> <span class='ocrx_word' id='word_1_350' title='bbox 1662 2950 1697 3011; x_wconf 85' lang='lat' dir='ltr'>et</span> <span class='ocrx_word' id='word_1_351' title='bbox 1717 2950 1784 3010; x_wconf 83' lang='lat' dir='ltr'>ter·</span> 
     </span>
     <span class='ocr_line' id='line_1_29' title="bbox 140 3045 1786 3123; baseline 0.002 -17"><span class='ocrx_word' id='word_1_352' title='bbox 140 3045 237 3107; x_wconf 82' lang='lat' dir='ltr'>diam</span> <span class='ocrx_word' id='word_1_353' title='bbox 268 3047 411 3123; x_wconf 87' lang='lat' dir='ltr'>Propter</span> <span class='ocrx_word' id='word_1_354' title='bbox 434 3046 660 3123; x_wconf 83' lang='lat' dir='ltr'>prolixitatem</span> <span class='ocrx_word' id='word_1_355' title='bbox 684 3048 867 3110; x_wconf 91' lang='lat' dir='ltr'>omittimus</span> <span class='ocrx_word' id='word_1_356' title='bbox 890 3065 933 3111; x_wconf 90' lang='lat' dir='ltr'>ne</span> <span class='ocrx_word' id='word_1_357' title='bbox 987 3047 1786 3123; x_wconf 80' lang='lat' dir='ltr'>roraspassussumobeis,ctDomiuusmceum</span> 
     </span>
     <span class='ocr_line' id='line_1_30' title="bbox 139 3142 1783 3225; baseline 0.001 -19"><span class='ocrx_word' id='word_1_358' title='bbox 139 3160 246 3206; x_wconf 86' lang='lat' dir='ltr'>sermo</span> <span class='ocrx_word' id='word_1_359' title='bbox 270 3144 422 3221; x_wconf 85' lang='lat' dir='ltr'>prelixus</span> <span class='ocrx_word' id='word_1_360' title='bbox 436 3148 573 3221; x_wconf 88' lang='lat' dir='ltr'>generet</span> <span class='ocrx_word' id='word_1_361' title='bbox 584 3144 765 3208; x_wconf 83' lang='lat' dir='ltr'>fastidium.</span> <span class='ocrx_word' id='word_1_362' title='bbox 783 3148 840 3209; x_wconf 89' lang='lat' dir='ltr'>isti</span> <span class='ocrx_word' id='word_1_363' title='bbox 856 3148 934 3208; x_wconf 92' lang='lat' dir='ltr'>suut</span> <span class='ocrx_word' id='word_1_364' title='bbox 988 3145 1041 3206; x_wconf 85' lang='lat' dir='ltr'>cst</span> <span class='ocrx_word' id='word_1_365' title='bbox 1054 3146 1231 3219; x_wconf 80' lang='lat' dir='ltr'>tamquam</span> <span class='ocrx_word' id='word_1_366' title='bbox 1257 3145 1397 3207; x_wconf 80' lang='lat' dir='ltr'>ocdotor</span> <span class='ocrx_word' id='word_1_367' title='bbox 1420 3145 1523 3219; x_wconf 80' lang='lat' dir='ltr'>sortis</span> <span class='ocrx_word' id='word_1_368' title='bbox 1547 3142 1628 3223; x_wconf 88' lang='lat' dir='ltr'>(Jer.</span> <span class='ocrx_word' id='word_1_369' title='bbox 1643 3161 1700 3217; x_wconf 82' lang='lat' dir='ltr'>xx,</span> <span class='ocrx_word' id='word_1_370' title='bbox 1718 3144 1783 3225; x_wconf 92' lang='grc'><strong>11).</strong></span> 
     </span>
     <span class='ocr_line' id='line_1_31' title="bbox 139 3241 1787 3320; baseline 0 -16"><span class='ocrx_word' id='word_1_371' title='bbox 139 3243 223 3304; x_wconf 89' lang='lat' dir='ltr'>enim</span> <span class='ocrx_word' id='word_1_372' title='bbox 235 3242 622 3320; x_wconf 86' lang='lat' dir='ltr'>adquorumclangorem</span> <span class='ocrx_word' id='word_1_373' title='bbox 629 3244 934 3307; x_wconf 81' lang='lat' dir='ltr'>muriierichocor·</span> <span class='ocrx_word' id='word_1_374' title='bbox 988 3241 1117 3303; x_wconf 84' lang='lat' dir='ltr'>Etalibi</span> <span class='ocrx_word' id='word_1_375' title='bbox 1134 3262 1142 3302; x_wconf 74' lang='grc' dir='ltr'><strong><em>ε</em></strong></span> <span class='ocrx_word' id='word_1_376' title='bbox 1159 3244 1351 3316; x_wconf 78' lang='lat' dir='ltr'>omnesqui</span> <span class='ocrx_word' id='word_1_377' title='bbox 1364 3243 1524 3303; x_wconf 80' lang='lat' dir='ltr'>videbant</span> <span class='ocrx_word' id='word_1_378' title='bbox 1539 3257 1606 3314; x_wconf 85' lang='lat' dir='ltr'>mc,</span> <span class='ocrx_word' id='word_1_379' title='bbox 1622 3257 1787 3316; x_wconf 82' lang='lat' dir='ltr'>asperno-</span> 
     </span>
     <span class='ocr_line' id='line_1_32' title="bbox 139 3338 1785 3416; baseline -0.001 -15"><span class='ocrx_word' id='word_1_380' title='bbox 139 3343 289 3413; x_wconf 90' lang='lat' dir='ltr'>ruerunt,</span> <span class='ocrx_word' id='word_1_381' title='bbox 311 3339 367 3416; x_wconf 90' lang='lat' dir='ltr'>qui</span> <span class='ocrx_word' id='word_1_382' title='bbox 385 3355 447 3400; x_wconf 89' lang='lat' dir='ltr'>sua</span> <span class='ocrx_word' id='word_1_383' title='bbox 464 3340 701 3416; x_wconf 74' lang='lat' dir='ltr'>predicatione</span> <span class='ocrx_word' id='word_1_384' title='bbox 725 3342 932 3404; x_wconf 82' lang='lat' dir='ltr'>Gallicanum</span> <span class='ocrx_word' id='word_1_385' title='bbox 989 3339 1115 3400; x_wconf 71' lang='lat' dir='ltr'>saritur</span> <span class='ocrx_word' id='word_1_386' title='bbox 1127 3354 1194 3411; x_wconf 83' lang='lat' dir='ltr'>mc,</span> <span class='ocrx_word' id='word_1_387' title='bbox 1214 3339 1318 3401; x_wconf 78' lang='lat' dir='ltr'>incidi</span> <span class='ocrx_word' id='word_1_388' title='bbox 1334 3338 1416 3400; x_wconf 72' lang='lat' dir='ltr'>sulci</span> <span class='ocrx_word' id='word_1_389' title='bbox 1436 3341 1534 3400; x_wconf 80' lang='lat' dir='ltr'>labiis</span> <span class='ocrx_word' id='word_1_390' title='bbox 1551 3340 1586 3400; x_wconf 85' lang='lat' dir='ltr'>ei</span> <span class='ocrx_word' id='word_1_391' title='bbox 1599 3340 1785 3401; x_wconf 80' lang='lat' dir='ltr'>moverunt</span> 
     </span>
     <span class='ocr_line' id='line_1_33' title="bbox 139 3435 1785 3516; baseline 0.001 -19"><span class='ocrx_word' id='word_1_392' title='bbox 139 3437 321 3515; x_wconf 87' lang='lat' dir='ltr'>principem</span> <span class='ocrx_word' id='word_1_393' title='bbox 334 3437 376 3497; x_wconf 91' lang='lat' dir='ltr'>ab</span> <span class='ocrx_word' id='word_1_394' title='bbox 392 3452 508 3498; x_wconf 86' lang='lat' dir='ltr'>errore</span> <span class='ocrx_word' id='word_1_395' title='bbox 518 3437 559 3498; x_wconf 88' lang='lat' dir='ltr'>ad</span> <span class='ocrx_word' id='word_1_396' title='bbox 572 3439 757 3511; x_wconf 88' lang='lat' dir='ltr'>veritatem,</span> <span class='ocrx_word' id='word_1_397' title='bbox 769 3440 802 3501; x_wconf 91' lang='lat' dir='ltr'>et</span> <span class='ocrx_word' id='word_1_398' title='bbox 812 3456 830 3500; x_wconf 88' lang='lat' dir='ltr'>a</span> <span class='ocrx_word' id='word_1_399' title='bbox 841 3440 933 3501; x_wconf 87' lang='lat' dir='ltr'>vitiis</span> <span class='ocrx_word' id='word_1_400' title='bbox 988 3438 1091 3512; x_wconf 79' lang='lat' dir='ltr'>caput</span> <span class='ocrx_word' id='word_1_401' title='bbox 1113 3435 1182 3516; x_wconf 89' lang='lat' dir='ltr'>(Ps.</span> <span class='ocrx_word' id='word_1_402' title='bbox 1195 3438 1247 3508; x_wconf 85' lang='lat'>21,</span> <span class='ocrx_word' id='word_1_403' title='bbox 1257 3435 1302 3516; x_wconf 88' lang='lat'>8).</span> <span class='ocrx_word' id='word_1_404' title='bbox 1317 3437 1364 3497; x_wconf 94' lang='lat' dir='ltr'>De</span> <span class='ocrx_word' id='word_1_405' title='bbox 1382 3435 1654 3498; x_wconf 84' lang='lat' dir='ltr'>tribulationibus</span> <span class='ocrx_word' id='word_1_406' title='bbox 1673 3437 1785 3513; x_wconf 91' lang='lat' dir='ltr'>operis</span> 
     </span>
     <span class='ocr_line' id='line_1_34' title="bbox 139 3532 1787 3613; baseline 0.002 -19"><span class='ocrx_word' id='word_1_407' title='bbox 139 3534 177 3594; x_wconf 90' lang='lat' dir='ltr'>ad</span> <span class='ocrx_word' id='word_1_408' title='bbox 187 3535 331 3596; x_wconf 81' lang='lat' dir='ltr'>virtutes</span> <span class='ocrx_word' id='word_1_409' title='bbox 345 3536 592 3597; x_wconf 89' lang='lat' dir='ltr'>converterunt.</span> <span class='ocrx_word' id='word_1_410' title='bbox 605 3536 663 3597; x_wconf 92' lang='lat' dir='ltr'>Isti</span> <span class='ocrx_word' id='word_1_411' title='bbox 676 3537 754 3598; x_wconf 92' lang='lat' dir='ltr'>sunt</span> <span class='ocrx_word' id='word_1_412' title='bbox 763 3537 882 3613; x_wconf 83' lang='lat' dir='ltr'>vigiles</span> <span class='ocrx_word' id='word_1_413' title='bbox 893 3540 933 3598; x_wconf 89' lang='lat' dir='ltr'>de</span> <span class='ocrx_word' id='word_1_414' title='bbox 988 3533 1023 3593; x_wconf 90' lang='lat' dir='ltr'>iu</span> <span class='ocrx_word' id='word_1_415' title='bbox 1035 3537 1368 3611; x_wconf 82' lang='lat' dir='ltr'>personamartyrum</span> <span class='ocrx_word' id='word_1_416' title='bbox 1378 3532 1644 3595; x_wconf 88' lang='lat' dir='ltr'>diciiPsalmista</span> <span class='ocrx_word' id='word_1_417' title='bbox 1656 3556 1664 3594; x_wconf 80' lang='lat' dir='ltr'><strong><em>z</em></strong></span> <span class='ocrx_word' id='word_1_418' title='bbox 1675 3539 1787 3610; x_wconf 78' lang='lat' dir='ltr'>Prop-</span> 
     </span>
     <span class='ocr_line' id='line_1_35' title="bbox 139 3630 1786 3708; baseline 0.001 -17"><span class='ocrx_word' id='word_1_419' title='bbox 139 3630 257 3708; x_wconf 90' lang='lat' dir='ltr'>qnibus</span> <span class='ocrx_word' id='word_1_420' title='bbox 271 3646 395 3708; x_wconf 90' lang='lat' dir='ltr'>sponsa</span> <span class='ocrx_word' id='word_1_421' title='bbox 405 3631 486 3693; x_wconf 90' lang='lat' dir='ltr'>dicit</span> <span class='ocrx_word' id='word_1_422' title='bbox 498 3632 534 3691; x_wconf 86' lang='lat' dir='ltr'>in</span> <span class='ocrx_word' id='word_1_423' title='bbox 548 3632 692 3695; x_wconf 58' lang='lat' dir='ltr'>canticis</span> <span class='ocrx_word' id='word_1_424' title='bbox 705 3634 934 3696; x_wconf 81' lang='lat' dir='ltr'>:lnocuarunt</span> <span class='ocrx_word' id='word_1_425' title='bbox 989 3633 1045 3693; x_wconf 84' lang='lat' dir='ltr'>ter</span> <span class='ocrx_word' id='word_1_426' title='bbox 1059 3631 1213 3692; x_wconf 82' lang='lat' dir='ltr'>temortc</span> <span class='ocrx_word' id='word_1_427' title='bbox 1222 3631 1473 3705; x_wconf 71' lang='lat' dir='ltr'>afficimurtoiu</span> <span class='ocrx_word' id='word_1_428' title='bbox 1482 3634 1548 3702; x_wconf 81' lang='lat' dir='ltr'>die,</span> <span class='ocrx_word' id='word_1_429' title='bbox 1558 3632 1786 3693; x_wconf 73' lang='lat' dir='ltr'>exterminati</span> 
     </span>
     <span class='ocr_line' id='line_1_36' title="bbox 138 3725 1781 3808; baseline -0.001 -18"><span class='ocrx_word' id='word_1_430' title='bbox 138 3732 322 3805; x_wconf 69' lang='lat' dir='ltr'>maniatice</span> <span class='ocrx_word' id='word_1_431' title='bbox 336 3732 396 3803; x_wconf 82' lang='lat' dir='ltr'>qui</span> <span class='ocrx_word' id='word_1_432' title='bbox 407 3730 641 3791; x_wconf 77' lang='lat' dir='ltr'>custodiebant</span> <span class='ocrx_word' id='word_1_433' title='bbox 652 3730 841 3803; x_wconf 79' lang='lat' dir='ltr'>civitatem,</span> <span class='ocrx_word' id='word_1_434' title='bbox 851 3746 935 3804; x_wconf 84' lang='lat' dir='ltr'>pou·</span> <span class='ocrx_word' id='word_1_435' title='bbox 988 3744 1109 3791; x_wconf 85' lang='lat' dir='ltr'>sumus</span> <span class='ocrx_word' id='word_1_436' title='bbox 1140 3729 1180 3789; x_wconf 84' lang='lat' dir='ltr'>ui</span> <span class='ocrx_word' id='word_1_437' title='bbox 1210 3743 1292 3790; x_wconf 87' lang='lat' dir='ltr'>oocs</span> <span class='ocrx_word' id='word_1_438' title='bbox 1318 3730 1496 3790; x_wconf 77' lang='lat' dir='ltr'>occisionis</span> <span class='ocrx_word' id='word_1_439' title='bbox 1532 3725 1603 3805; x_wconf 87' lang='lat' dir='ltr'>(Ps.</span> <span class='ocrx_word' id='word_1_440' title='bbox 1627 3730 1687 3800; x_wconf 83' lang='grc'>43,</span> <span class='ocrx_word' id='word_1_441' title='bbox 1713 3727 1781 3808; x_wconf 77' lang='grc'><strong>22).</strong></span> 
     </span>
     <span class='ocr_line' id='line_1_37' title="bbox 137 3823 1784 3903; baseline -0.001 -17"><span class='ocrx_word' id='word_1_442' title='bbox 137 3829 237 3887; x_wconf 78' lang='lat' dir='ltr'>iidem</span> <span class='ocrx_word' id='word_1_443' title='bbox 245 3841 327 3887; x_wconf 76' lang='lat' dir='ltr'>crim</span> <span class='ocrx_word' id='word_1_444' title='bbox 336 3826 609 3901; x_wconf 81' lang='lat' dir='ltr'>pertransissem</span> <span class='ocrx_word' id='word_1_445' title='bbox 623 3841 692 3900; x_wconf 86' lang='lat' dir='ltr'>eos,</span> <span class='ocrx_word' id='word_1_446' title='bbox 704 3830 822 3889; x_wconf 80' lang='lat' dir='ltr'>invent</span> <span class='ocrx_word' id='word_1_447' title='bbox 833 3843 935 3903; x_wconf 81' lang='lat' dir='ltr'>quem</span> <span class='ocrx_word' id='word_1_448' title='bbox 990 3826 1091 3897; x_wconf 89' lang='lat' dir='ltr'>Quasi</span> <span class='ocrx_word' id='word_1_449' title='bbox 1107 3825 1257 3886; x_wconf 89' lang='lat' dir='ltr'>dicerent</span> <span class='ocrx_word' id='word_1_450' title='bbox 1275 3846 1282 3884; x_wconf 76' lang='grc' dir='ltr'>ι</span> <span class='ocrx_word' id='word_1_451' title='bbox 1299 3826 1325 3885; x_wconf 86' lang='lat' dir='ltr'>O</span> <span class='ocrx_word' id='word_1_452' title='bbox 1340 3826 1439 3895; x_wconf 89' lang='lat' dir='ltr'>Deus,</span> <span class='ocrx_word' id='word_1_453' title='bbox 1455 3823 1512 3899; x_wconf 93' lang='lat' dir='ltr'>qui</span> <span class='ocrx_word' id='word_1_454' title='bbox 1527 3824 1655 3884; x_wconf 89' lang='lat' dir='ltr'>occulta</span> <span class='ocrx_word' id='word_1_455' title='bbox 1674 3824 1784 3885; x_wconf 86' lang='lat' dir='ltr'>cordis</span> 
     </span>
     <span class='ocr_line' id='line_1_38' title="bbox 138 3918 1781 4004; baseline -0.002 -19"><span class='ocrx_word' id='word_1_456' title='bbox 138 3924 465 4000; x_wconf 63' lang='lat' dir='ltr'>mantuanense</span> <span class='ocrx_word' id='word_1_457' title='bbox 476 3921 750 4004; x_wconf 68' lang='lat' dir='ltr'>(cassinatus</span> <span class='ocrx_word' id='word_1_458' title='bbox 760 3924 935 4001; x_wconf 88' lang='lat' dir='ltr'>quibusait</span> <span class='ocrx_word' id='word_1_459' title='bbox 989 3923 1087 3994; x_wconf 88' lang='lat' dir='ltr'>nosti,</span> <span class='ocrx_word' id='word_1_460' title='bbox 1101 3921 1278 3999; x_wconf 89' lang='lat' dir='ltr'>propterte</span> <span class='ocrx_word' id='word_1_461' title='bbox 1289 3935 1355 3981; x_wconf 91' lang='lat' dir='ltr'>uon</span> <span class='ocrx_word' id='word_1_462' title='bbox 1371 3936 1430 3997; x_wconf 92' lang='lat' dir='ltr'>pro</span> <span class='ocrx_word' id='word_1_463' title='bbox 1440 3918 1635 3981; x_wconf 89' lang='lat' dir='ltr'>criminibus</span> <span class='ocrx_word' id='word_1_464' title='bbox 1647 3922 1781 3994; x_wconf 85' lang='lat' dir='ltr'>nostris,</span> 
     </span>
     <span class='ocr_line' id='line_1_39' title="bbox 137 4017 1783 4098; baseline 0.001 -19"><span class='ocrx_word' id='word_1_465' title='bbox 137 4020 296 4081; x_wconf 87' lang='lat' dir='ltr'>Dominus</span> <span class='ocrx_word' id='word_1_466' title='bbox 307 4035 367 4097; x_wconf 87' lang='lat' dir='ltr'>per</span> <span class='ocrx_word' id='word_1_467' title='bbox 380 4020 501 4081; x_wconf 87' lang='lat' dir='ltr'>isaiam</span> <span class='ocrx_word' id='word_1_468' title='bbox 514 4020 844 4098; x_wconf 70' lang='lat' dir='ltr'>prophetanimnper</span> <span class='ocrx_word' id='word_1_469' title='bbox 856 4038 936 4083; x_wconf 80' lang='lat' dir='ltr'>rnu-</span> <span class='ocrx_word' id='word_1_470' title='bbox 990 4019 1048 4081; x_wconf 89' lang='lat' dir='ltr'>sed</span> <span class='ocrx_word' id='word_1_471' title='bbox 1059 4020 1097 4081; x_wconf 92' lang='lat' dir='ltr'>ut</span> <span class='ocrx_word' id='word_1_472' title='bbox 1110 4021 1168 4080; x_wconf 91' lang='lat' dir='ltr'>tua</span> <span class='ocrx_word' id='word_1_473' title='bbox 1183 4018 1265 4080; x_wconf 85' lang='lat' dir='ltr'>tides</span> <span class='ocrx_word' id='word_1_474' title='bbox 1279 4018 1315 4079; x_wconf 92' lang='lat' dir='ltr'>in</span> <span class='ocrx_word' id='word_1_475' title='bbox 1330 4017 1483 4094; x_wconf 90' lang='lat' dir='ltr'>gentibus</span> <span class='ocrx_word' id='word_1_476' title='bbox 1502 4019 1674 4092; x_wconf 90' lang='lat' dir='ltr'>augeatur,</span> <span class='ocrx_word' id='word_1_477' title='bbox 1689 4034 1783 4080; x_wconf 89' lang='lat' dir='ltr'>mor-</span> 
     </span>
     <span class='ocr_line' id='line_1_40' title="bbox 136 4116 1784 4192; baseline 0.001 -14"><span class='ocrx_word' id='word_1_478' title='bbox 136 4131 193 4179; x_wconf 88' lang='lat' dir='ltr'>ros</span> <span class='ocrx_word' id='word_1_479' title='bbox 206 4118 498 4190; x_wconf 75' lang='lat' dir='ltr'>tuosierusoicm,</span> <span class='ocrx_word' id='word_1_480' title='bbox 510 4120 671 4179; x_wconf 67' lang='lat' dir='ltr'>constitut</span> <span class='ocrx_word' id='word_1_481' title='bbox 685 4120 852 4191; x_wconf 66' lang='lat' dir='ltr'>caulodem</span> <span class='ocrx_word' id='word_1_482' title='bbox 864 4120 935 4181; x_wconf 85' lang='lat' dir='ltr'>tota</span> <span class='ocrx_word' id='word_1_483' title='bbox 989 4118 1166 4189; x_wconf 86' lang='lat' dir='ltr'>tidcamur,</span> <span class='ocrx_word' id='word_1_484' title='bbox 1182 4117 1280 4190; x_wconf 90' lang='lat' dir='ltr'>idest,</span> <span class='ocrx_word' id='word_1_485' title='bbox 1296 4117 1395 4177; x_wconf 90' lang='lat' dir='ltr'>morti</span> <span class='ocrx_word' id='word_1_486' title='bbox 1410 4116 1563 4192; x_wconf 89' lang='lat' dir='ltr'>dispositi</span> <span class='ocrx_word' id='word_1_487' title='bbox 1583 4132 1697 4178; x_wconf 89' lang='lat' dir='ltr'>sumus</span> <span class='ocrx_word' id='word_1_488' title='bbox 1715 4117 1784 4179; x_wconf 90' lang='lat' dir='ltr'>tota</span> 
     </span>
     <span class='ocr_line' id='line_1_41' title="bbox 136 4212 1786 4292; baseline 0.001 -17"><span class='ocrx_word' id='word_1_489' title='bbox 136 4214 935 4278; x_wconf 76' lang='lat' dir='ltr'>dicetiotauoctauonincedentiaudorenomen</span> <span class='ocrx_word' id='word_1_490' title='bbox 990 4217 1053 4289; x_wconf 90' lang='lat' dir='ltr'>die,</span> <span class='ocrx_word' id='word_1_491' title='bbox 1073 4216 1169 4287; x_wconf 90' lang='lat' dir='ltr'>idest,</span> <span class='ocrx_word' id='word_1_492' title='bbox 1189 4214 1299 4291; x_wconf 86' lang='lat' dir='ltr'>longis</span> <span class='ocrx_word' id='word_1_493' title='bbox 1313 4212 1537 4292; x_wconf 88' lang='lat' dir='ltr'>passionibus,</span> <span class='ocrx_word' id='word_1_494' title='bbox 1554 4214 1710 4277; x_wconf 88' lang='lat' dir='ltr'>aestimati</span> <span class='ocrx_word' id='word_1_495' title='bbox 1726 4231 1786 4276; x_wconf 93' lang='lat' dir='ltr'>su-</span> 
     </span>
     <span class='ocr_line' id='line_1_42' title="bbox 136 4309 1786 4391; baseline 0.001 -18"><span class='ocrx_word' id='word_1_496' title='bbox 136 4312 281 4374; x_wconf 81' lang='lat' dir='ltr'>Dcmiut&#39;</span> <span class='ocrx_word' id='word_1_497' title='bbox 296 4309 362 4391; x_wconf 90' lang='lat' dir='ltr'>(is.</span> <span class='ocrx_word' id='word_1_498' title='bbox 385 4325 468 4385; x_wconf 72' lang='lat' dir='ltr'>narr,</span> <span class='ocrx_word' id='word_1_499' title='bbox 490 4310 536 4391; x_wconf 86' lang='grc'>6).</span> <span class='ocrx_word' id='word_1_500' title='bbox 565 4314 634 4374; x_wconf 92' lang='lat' dir='ltr'>Nos</span> <span class='ocrx_word' id='word_1_501' title='bbox 662 4314 762 4375; x_wconf 88' lang='lat' dir='ltr'>otiam</span> <span class='ocrx_word' id='word_1_502' title='bbox 791 4313 932 4390; x_wconf 82' lang='lat' dir='ltr'>praelati,</span> <span class='ocrx_word' id='word_1_503' title='bbox 988 4328 1063 4375; x_wconf 90' lang='lat' dir='ltr'>mus</span> <span class='ocrx_word' id='word_1_504' title='bbox 1077 4313 1114 4374; x_wconf 91' lang='lat' dir='ltr'>ut</span> <span class='ocrx_word' id='word_1_505' title='bbox 1127 4328 1206 4374; x_wconf 88' lang='lat' dir='ltr'>oves</span> <span class='ocrx_word' id='word_1_506' title='bbox 1221 4312 1399 4374; x_wconf 90' lang='lat' dir='ltr'>occisionis</span> <span class='ocrx_word' id='word_1_507' title='bbox 1418 4313 1490 4373; x_wconf 92' lang='lat' dir='ltr'>siue</span> <span class='ocrx_word' id='word_1_508' title='bbox 1506 4312 1619 4389; x_wconf 87' lang='lat' dir='ltr'>aliqua</span> <span class='ocrx_word' id='word_1_509' title='bbox 1638 4312 1786 4375; x_wconf 90' lang='lat' dir='ltr'>relucta·-</span> 
     </span>
     <span class='ocr_line' id='line_1_43' title="bbox 137 4409 1785 4488; baseline 0.002 -19"><span class='ocrx_word' id='word_1_510' title='bbox 137 4424 249 4470; x_wconf 90' lang='lat' dir='ltr'>sumus</span> <span class='ocrx_word' id='word_1_511' title='bbox 260 4409 417 4471; x_wconf 90' lang='lat' dir='ltr'>custodes</span> <span class='ocrx_word' id='word_1_512' title='bbox 431 4424 612 4482; x_wconf 90' lang='lat' dir='ltr'>murorum,</span> <span class='ocrx_word' id='word_1_513' title='bbox 631 4411 664 4472; x_wconf 91' lang='lat' dir='ltr'>et</span> <span class='ocrx_word' id='word_1_514' title='bbox 682 4411 755 4472; x_wconf 90' lang='lat' dir='ltr'>ideo</span> <span class='ocrx_word' id='word_1_515' title='bbox 778 4410 934 4473; x_wconf 88' lang='lat' dir='ltr'>debemus</span> <span class='ocrx_word' id='word_1_516' title='bbox 989 4412 1081 4473; x_wconf 89' lang='lat' dir='ltr'>tione</span> <span class='ocrx_word' id='word_1_517' title='bbox 1095 4411 1208 4473; x_wconf 84' lang='lat' dir='ltr'>occisi.</span> <span class='ocrx_word' id='word_1_518' title='bbox 1223 4414 1269 4472; x_wconf 92' lang='lat' dir='ltr'>De</span> <span class='ocrx_word' id='word_1_519' title='bbox 1284 4410 1337 4470; x_wconf 89' lang='lat' dir='ltr'>his</span> <span class='ocrx_word' id='word_1_520' title='bbox 1351 4410 1465 4472; x_wconf 90' lang='lat' dir='ltr'>taliter</span> <span class='ocrx_word' id='word_1_521' title='bbox 1485 4411 1605 4472; x_wconf 87' lang='lat' dir='ltr'>occisis</span> <span class='ocrx_word' id='word_1_522' title='bbox 1626 4411 1785 4488; x_wconf 89' lang='lat' dir='ltr'>scriptum</span> 
     </span>
     <span class='ocr_line' id='line_1_44' title="bbox 139 4507 1785 4587; baseline 0.001 -20"><span class='ocrx_word' id='word_1_523' title='bbox 139 4523 234 4585; x_wconf 89' lang='lat' dir='ltr'>super</span> <span class='ocrx_word' id='word_1_524' title='bbox 248 4522 366 4568; x_wconf 90' lang='lat' dir='ltr'>muros</span> <span class='ocrx_word' id='word_1_525' title='bbox 378 4507 470 4584; x_wconf 89' lang='lat' dir='ltr'>ipsos</span> <span class='ocrx_word' id='word_1_526' title='bbox 483 4507 660 4569; x_wconf 90' lang='lat' dir='ltr'>instantius</span> <span class='ocrx_word' id='word_1_527' title='bbox 668 4508 820 4584; x_wconf 80' lang='lat' dir='ltr'>vigilare,</span> <span class='ocrx_word' id='word_1_528' title='bbox 834 4508 932 4587; x_wconf 90' lang='lat' dir='ltr'>quia:</span> <span class='ocrx_word' id='word_1_529' title='bbox 989 4511 1040 4572; x_wconf 89' lang='lat' dir='ltr'>est</span> <span class='ocrx_word' id='word_1_530' title='bbox 1055 4531 1063 4570; x_wconf 73' lang='grc' dir='ltr'><strong>ε</strong></span> <span class='ocrx_word' id='word_1_531' title='bbox 1085 4512 1155 4571; x_wconf 82' lang='lat' dir='ltr'>Vtsi</span> <span class='ocrx_word' id='word_1_532' title='bbox 1168 4508 1250 4569; x_wconf 83' lang='lat' dir='ltr'>sunt</span> <span class='ocrx_word' id='word_1_533' title='bbox 1259 4511 1364 4569; x_wconf 76' lang='lat' dir='ltr'>ocutis</span> <span class='ocrx_word' id='word_1_534' title='bbox 1374 4509 1611 4582; x_wconf 79' lang='lat' dir='ltr'>insipientium</span> <span class='ocrx_word' id='word_1_535' title='bbox 1622 4512 1724 4579; x_wconf 81' lang='lat' dir='ltr'>mori,</span> <span class='ocrx_word' id='word_1_536' title='bbox 1737 4511 1785 4571; x_wconf 82' lang='lat' dir='ltr'>iiii</span> 
     </span>
    </p>
   </div>
   <div class='ocr_carea' id='block_1_5' title="bbox 16 4602 1782 4683">
    <p class='ocr_par' dir='ltr' id='par_1_5' title="bbox 16 4602 1782 4683">
     <span class='ocr_line' id='line_1_45' title="bbox 16 4602 1782 4683; baseline 0 -18"><span class='ocrx_word' id='word_1_537' title='bbox 16 4606 18 4621; x_wconf 86' lang='lat'>&#39;</span> <span class='ocrx_word' id='word_1_538' title='bbox 136 4606 265 4667; x_wconf 81' lang='lat' dir='ltr'>Beatus</span> <span class='ocrx_word' id='word_1_539' title='bbox 300 4609 355 4667; x_wconf 81' lang='lat' dir='ltr'>iiie</span> <span class='ocrx_word' id='word_1_540' title='bbox 385 4619 520 4676; x_wconf 84' lang='lat' dir='ltr'>servus,</span> <span class='ocrx_word' id='word_1_541' title='bbox 555 4620 656 4679; x_wconf 83' lang='lat' dir='ltr'>quam</span> <span class='ocrx_word' id='word_1_542' title='bbox 689 4620 768 4666; x_wconf 83' lang='lat' dir='ltr'>eum</span> <span class='ocrx_word' id='word_1_543' title='bbox 799 4606 935 4668; x_wconf 79' lang='lat' dir='ltr'>acuarit</span> <span class='ocrx_word' id='word_1_544' title='bbox 989 4610 1107 4670; x_wconf 74' lang='lat' dir='ltr'>cirtem</span> <span class='ocrx_word' id='word_1_545' title='bbox 1129 4609 1270 4680; x_wconf 82' lang='lat' dir='ltr'>topace</span> <span class='ocrx_word' id='word_1_546' title='bbox 1299 4602 1391 4683; x_wconf 85' lang='lat' dir='ltr'>(Sap.</span> <span class='ocrx_word' id='word_1_547' title='bbox 1415 4619 1466 4675; x_wconf 89' lang='grc' dir='ltr'>ιιι,</span> <span class='ocrx_word' id='word_1_548' title='bbox 1489 4603 1536 4683; x_wconf 82' lang='grc'>2).</span> <span class='ocrx_word' id='word_1_549' title='bbox 1560 4604 1599 4665; x_wconf 83' lang='lat' dir='ltr'>nt</span> <span class='ocrx_word' id='word_1_550' title='bbox 1630 4605 1782 4665; x_wconf 87' lang='lat' dir='ltr'>iterum:</span> 
     </span>
    </p>
   </div>
   <div class='ocr_carea' id='block_1_6' title="bbox 138 4701 1785 4977">
    <p class='ocr_par' dir='ltr' id='par_1_6' title="bbox 138 4701 1785 4977">
     <span class='ocr_line' id='line_1_46' title="bbox 138 4701 1784 4783; baseline 0 -20"><span class='ocrx_word' id='word_1_551' title='bbox 138 4704 305 4764; x_wconf 75' lang='lat' dir='ltr'>Dominam</span> <span class='ocrx_word' id='word_1_552' title='bbox 326 4705 413 4775; x_wconf 84' lang='lat' dir='ltr'>ejus,</span> <span class='ocrx_word' id='word_1_553' title='bbox 434 4703 609 4764; x_wconf 79' lang='lat' dir='ltr'>invenerit</span> <span class='ocrx_word' id='word_1_554' title='bbox 624 4704 824 4779; x_wconf 70' lang='lat' dir='ltr'>erumnam</span> <span class='ocrx_word' id='word_1_555' title='bbox 839 4702 933 4783; x_wconf 79' lang='lat' dir='ltr'>(Luc</span> <span class='ocrx_word' id='word_1_556' title='bbox 990 4708 1229 4768; x_wconf 74' lang='lat' dir='ltr'>Trormiotmus</span> <span class='ocrx_word' id='word_1_557' title='bbox 1258 4716 1325 4778; x_wconf 83' lang='lat' dir='ltr'>per</span> <span class='ocrx_word' id='word_1_558' title='bbox 1357 4704 1473 4778; x_wconf 76' lang='lat' dir='ltr'>ignem</span> <span class='ocrx_word' id='word_1_559' title='bbox 1507 4701 1541 4762; x_wconf 87' lang='lat' dir='ltr'>ct</span> <span class='ocrx_word' id='word_1_560' title='bbox 1574 4715 1713 4774; x_wconf 83' lang='lat' dir='ltr'>aquom,</span> <span class='ocrx_word' id='word_1_561' title='bbox 1749 4704 1784 4763; x_wconf 85' lang='lat' dir='ltr'>et</span> 
     </span>
     <span class='ocr_line' id='line_1_47' title="bbox 139 4794 1782 4880; baseline 0.001 -21"><span class='ocrx_word' id='word_1_562' title='bbox 139 4797 933 4880; x_wconf 74' lang='lat' dir='ltr'>xn,37).Nospraelati,sumusturresmurorum,</span> <span class='ocrx_word' id='word_1_563' title='bbox 990 4802 1142 4866; x_wconf 57' lang='lat' dir='ltr'>adamati</span> <span class='ocrx_word' id='word_1_564' title='bbox 1162 4815 1225 4862; x_wconf 82' lang='lat' dir='ltr'>uos</span> <span class='ocrx_word' id='word_1_565' title='bbox 1247 4803 1285 4859; x_wconf 84' lang='lat' dir='ltr'>in</span> <span class='ocrx_word' id='word_1_566' title='bbox 1306 4799 1534 4874; x_wconf 68' lang='lat' dir='ltr'>remeantum</span> <span class='ocrx_word' id='word_1_567' title='bbox 1558 4794 1626 4877; x_wconf 89' lang='lat' dir='ltr'>(Ps.</span> <span class='ocrx_word' id='word_1_568' title='bbox 1650 4798 1701 4867; x_wconf 83' lang='lat'>65,</span> <span class='ocrx_word' id='word_1_569' title='bbox 1719 4798 1782 4878; x_wconf 84' lang='lat'><strong><em>12).</em></strong></span> 
     </span>
     <span class='ocr_line' id='line_1_48' title="bbox 141 4893 1785 4977; baseline 0.002 -21"><span class='ocrx_word' id='word_1_570' title='bbox 141 4896 212 4972; x_wconf 88' lang='lat' dir='ltr'>quia</span> <span class='ocrx_word' id='word_1_571' title='bbox 226 4897 322 4974; x_wconf 85' lang='lat' dir='ltr'>ipsos</span> <span class='ocrx_word' id='word_1_572' title='bbox 342 4912 455 4959; x_wconf 89' lang='lat' dir='ltr'>muros</span> <span class='ocrx_word' id='word_1_573' title='bbox 477 4899 592 4959; x_wconf 89' lang='lat' dir='ltr'>contra</span> <span class='ocrx_word' id='word_1_574' title='bbox 614 4897 789 4959; x_wconf 79' lang='lat' dir='ltr'>haereticos</span> <span class='ocrx_word' id='word_1_575' title='bbox 803 4900 936 4960; x_wconf 88' lang='lat' dir='ltr'>munire</span> <span class='ocrx_word' id='word_1_576' title='bbox 990 4901 1080 4977; x_wconf 89' lang='lat' dir='ltr'>ignis</span> <span class='ocrx_word' id='word_1_577' title='bbox 1099 4896 1265 4973; x_wconf 82' lang='lat' dir='ltr'>significat</span> <span class='ocrx_word' id='word_1_578' title='bbox 1277 4893 1536 4969; x_wconf 88' lang='lat' dir='ltr'>tribulationem,</span> <span class='ocrx_word' id='word_1_579' title='bbox 1561 4911 1648 4973; x_wconf 89' lang='lat' dir='ltr'>aqua</span> <span class='ocrx_word' id='word_1_580' title='bbox 1669 4897 1785 4960; x_wconf 90' lang='lat' dir='ltr'>mundi</span> 
     </span>
    </p>
   </div>
   <div class='ocr_carea' id='block_1_7' title="bbox 141 4990 1899 5073">
    <p class='ocr_par' dir='ltr' id='par_1_7' title="bbox 141 4990 1899 5073">
     <span class='ocr_line' id='line_1_49' title="bbox 141 4990 1899 5073; baseline 0.003 -21"><span class='ocrx_word' id='word_1_581' title='bbox 141 4992 305 5068; x_wconf 88' lang='lat' dir='ltr'>debemus,</span> <span class='ocrx_word' id='word_1_582' title='bbox 313 4994 531 5073; x_wconf 88' lang='lat' dir='ltr'>quiapraelati</span> <span class='ocrx_word' id='word_1_583' title='bbox 541 4993 698 5057; x_wconf 83' lang='lat' dir='ltr'>Ecclesiae</span> <span class='ocrx_word' id='word_1_584' title='bbox 708 4996 935 5059; x_wconf 88' lang='lat' dir='ltr'>ecclesiastica</span> <span class='ocrx_word' id='word_1_585' title='bbox 990 4995 1253 5066; x_wconf 86' lang='lat' dir='ltr'>delectationem,</span> <span class='ocrx_word' id='word_1_586' title='bbox 1283 4990 1361 5070; x_wconf 89' lang='lat' dir='ltr'>quia</span> <span class='ocrx_word' id='word_1_587' title='bbox 1388 4990 1558 5055; x_wconf 88' lang='lat' dir='ltr'>tribulatio</span> <span class='ocrx_word' id='word_1_588' title='bbox 1585 4993 1671 5056; x_wconf 90' lang='lat' dir='ltr'>sicut</span> <span class='ocrx_word' id='word_1_589' title='bbox 1695 4995 1783 5071; x_wconf 90' lang='lat' dir='ltr'>iguis</span> <span class='ocrx_word' id='word_1_590' title='bbox 1896 4998 1899 5006; x_wconf 86' lang='lat'>&#39;</span> 
     </span>
    </p>
   </div>
   <div class='ocr_carea' id='block_1_8' title="bbox 100 5089 1785 5266">
    <p class='ocr_par' dir='ltr' id='par_1_8' title="bbox 100 5089 1785 5266">
     <span class='ocr_line' id='line_1_50' title="bbox 142 5089 1785 5169; baseline 0.001 -19"><span class='ocrx_word' id='word_1_591' title='bbox 142 5093 347 5154; x_wconf 86' lang='lat' dir='ltr'>sacramenta</span> <span class='ocrx_word' id='word_1_592' title='bbox 361 5089 483 5153; x_wconf 92' lang='lat' dir='ltr'>debent</span> <span class='ocrx_word' id='word_1_593' title='bbox 500 5090 644 5153; x_wconf 76' lang='lat' dir='ltr'>viriliter</span> <span class='ocrx_word' id='word_1_594' title='bbox 660 5091 845 5153; x_wconf 84' lang='lat' dir='ltr'>defensare.</span> <span class='ocrx_word' id='word_1_595' title='bbox 870 5092 934 5154; x_wconf 87' lang='lat' dir='ltr'>Sed</span> <span class='ocrx_word' id='word_1_596' title='bbox 989 5094 1115 5167; x_wconf 82' lang='lat' dir='ltr'>exurit,</span> <span class='ocrx_word' id='word_1_597' title='bbox 1144 5093 1177 5155; x_wconf 89' lang='lat' dir='ltr'>et</span> <span class='ocrx_word' id='word_1_598' title='bbox 1203 5089 1378 5153; x_wconf 90' lang='lat' dir='ltr'>delectatio</span> <span class='ocrx_word' id='word_1_599' title='bbox 1404 5089 1491 5152; x_wconf 87' lang='lat' dir='ltr'>sicui</span> <span class='ocrx_word' id='word_1_600' title='bbox 1516 5107 1604 5169; x_wconf 90' lang='lat' dir='ltr'>aqua</span> <span class='ocrx_word' id='word_1_601' title='bbox 1626 5093 1785 5155; x_wconf 87' lang='lat' dir='ltr'>velociter</span> 
     </span>
     <span class='ocr_line' id='line_1_51' title="bbox 100 5184 1120 5266; baseline 0.008 -20"><span class='ocrx_word' id='word_1_602' title='bbox 100 5184 111 5206; x_wconf 88' lang='grc'><em>“</em></span> <span class='ocrx_word' id='word_1_603' title='bbox 143 5201 325 5261; x_wconf 83' lang='lat' dir='ltr'>careamus,</span> <span class='ocrx_word' id='word_1_604' title='bbox 336 5187 548 5266; x_wconf 87' lang='lat' dir='ltr'>nospraelati,</span> <span class='ocrx_word' id='word_1_605' title='bbox 561 5204 603 5250; x_wconf 89' lang='lat' dir='ltr'>ne</span> <span class='ocrx_word' id='word_1_606' title='bbox 618 5188 675 5265; x_wconf 90' lang='lat' dir='ltr'>qui</span> <span class='ocrx_word' id='word_1_607' title='bbox 690 5189 847 5251; x_wconf 89' lang='lat' dir='ltr'>debemus</span> <span class='ocrx_word' id='word_1_608' title='bbox 862 5205 936 5252; x_wconf 90' lang='lat' dir='ltr'>esse</span> <span class='ocrx_word' id='word_1_609' title='bbox 989 5193 1120 5256; x_wconf 87' lang='lat' dir='ltr'>transit.</span> 
     </span>
    </p>
   </div>
   <div class='ocr_carea' id='block_1_9' title="bbox 16 5284 1786 5371">
    <p class='ocr_par' dir='ltr' id='par_1_9' title="bbox 16 5284 1786 5371">
     <span class='ocr_line' id='line_1_52' title="bbox 16 5284 1786 5371; baseline 0.001 -23"><span class='ocrx_word' id='word_1_610' title='bbox 16 5306 17 5323; x_wconf 53' lang='grc' dir='ltr'>ι</span> <span class='ocrx_word' id='word_1_611' title='bbox 143 5284 413 5371; x_wconf 84' lang='lat' dir='ltr'>custodescentra</span> <span class='ocrx_word' id='word_1_612' title='bbox 421 5286 545 5358; x_wconf 81' lang='lat' dir='ltr'>hostes,</span> <span class='ocrx_word' id='word_1_613' title='bbox 553 5285 656 5347; x_wconf 89' lang='lat' dir='ltr'>simus</span> <span class='ocrx_word' id='word_1_614' title='bbox 667 5287 777 5363; x_wconf 88' lang='lat' dir='ltr'>potius</span> <span class='ocrx_word' id='word_1_615' title='bbox 787 5287 934 5350; x_wconf 88' lang='lat' dir='ltr'>latrones</span> <span class='ocrx_word' id='word_1_616' title='bbox 1028 5291 1123 5353; x_wconf 90' lang='lat' dir='ltr'>Beati</span> <span class='ocrx_word' id='word_1_617' title='bbox 1134 5289 1298 5366; x_wconf 84' lang='lat' dir='ltr'>martyres</span> <span class='ocrx_word' id='word_1_618' title='bbox 1307 5290 1454 5350; x_wconf 83' lang='lat' dir='ltr'>ioannes</span> <span class='ocrx_word' id='word_1_619' title='bbox 1466 5287 1500 5350; x_wconf 92' lang='lat' dir='ltr'>et</span> <span class='ocrx_word' id='word_1_620' title='bbox 1508 5287 1630 5349; x_wconf 90' lang='lat' dir='ltr'>Paulus</span> <span class='ocrx_word' id='word_1_621' title='bbox 1640 5287 1786 5349; x_wconf 89' lang='lat' dir='ltr'>transie-</span> 
     </span>
    </p>
   </div>
   <div class='ocr_carea' id='block_1_10' title="bbox 143 5383 1786 5664">
    <p class='ocr_par' dir='ltr' id='par_1_10' title="bbox 143 5383 1786 5664">
     <span class='ocr_line' id='line_1_53' title="bbox 143 5383 1784 5466; baseline 0.004 -25"><span class='ocrx_word' id='word_1_622' title='bbox 143 5383 322 5458; x_wconf 85' lang='lat' dir='ltr'>argacives,</span> <span class='ocrx_word' id='word_1_623' title='bbox 331 5383 578 5461; x_wconf 86' lang='lat' dir='ltr'>neipsaciritas</span> <span class='ocrx_word' id='word_1_624' title='bbox 586 5385 704 5445; x_wconf 91' lang='lat' dir='ltr'>merito</span> <span class='ocrx_word' id='word_1_625' title='bbox 712 5387 936 5463; x_wconf 89' lang='lat' dir='ltr'>conqueratur</span> <span class='ocrx_word' id='word_1_626' title='bbox 990 5390 1069 5452; x_wconf 88' lang='lat' dir='ltr'>runt</span> <span class='ocrx_word' id='word_1_627' title='bbox 1081 5404 1141 5466; x_wconf 87' lang='lat' dir='ltr'>per</span> <span class='ocrx_word' id='word_1_628' title='bbox 1160 5387 1284 5463; x_wconf 87' lang='lat' dir='ltr'>ignem,</span> <span class='ocrx_word' id='word_1_629' title='bbox 1305 5385 1383 5464; x_wconf 91' lang='lat' dir='ltr'>qula</span> <span class='ocrx_word' id='word_1_630' title='bbox 1406 5386 1569 5447; x_wconf 89' lang='lat' dir='ltr'>tormenta</span> <span class='ocrx_word' id='word_1_631' title='bbox 1590 5383 1784 5447; x_wconf 81' lang='lat' dir='ltr'>carnificum</span> 
     </span>
     <span class='ocr_line' id='line_1_54' title="bbox 145 5479 1785 5567; baseline 0.004 -29"><span class='ocrx_word' id='word_1_632' title='bbox 145 5480 174 5540; x_wconf 89' lang='lat' dir='ltr'>et</span> <span class='ocrx_word' id='word_1_633' title='bbox 183 5479 271 5543; x_wconf 86' lang='lat' dir='ltr'>dicat</span> <span class='ocrx_word' id='word_1_634' title='bbox 286 5503 293 5542; x_wconf 92' lang='lat'><strong>:</strong></span> <span class='ocrx_word' id='word_1_635' title='bbox 308 5483 514 5543; x_wconf 80' lang='lat' dir='ltr'>invenerunt</span> <span class='ocrx_word' id='word_1_636' title='bbox 526 5497 580 5543; x_wconf 91' lang='lat' dir='ltr'>me</span> <span class='ocrx_word' id='word_1_637' title='bbox 593 5481 748 5558; x_wconf 85' lang='lat' dir='ltr'>vigiles...</span> <span class='ocrx_word' id='word_1_638' title='bbox 990 5487 1155 5567; x_wconf 91' lang='lat' dir='ltr'>patienter</span> <span class='ocrx_word' id='word_1_639' title='bbox 1191 5482 1432 5546; x_wconf 90' lang='lat' dir='ltr'>sustinuerunt.</span> <span class='ocrx_word' id='word_1_640' title='bbox 1468 5479 1686 5543; x_wconf 82' lang='lat' dir='ltr'>Transierunt</span> <span class='ocrx_word' id='word_1_641' title='bbox 1724 5500 1785 5561; x_wconf 90' lang='lat' dir='ltr'>per</span> 
     </span>
     <span class='ocr_line' id='line_1_55' title="bbox 181 5577 1786 5664; baseline 0.004 -26"><span class='ocrx_word' id='word_1_642' title='bbox 181 5578 237 5640; x_wconf 88' lang='lat' dir='ltr'>isti</span> <span class='ocrx_word' id='word_1_643' title='bbox 251 5580 419 5658; x_wconf 84' lang='lat' dir='ltr'>martyres</span> <span class='ocrx_word' id='word_1_644' title='bbox 440 5580 586 5643; x_wconf 86' lang='lat' dir='ltr'>ioannes</span> <span class='ocrx_word' id='word_1_645' title='bbox 608 5579 641 5640; x_wconf 91' lang='lat' dir='ltr'>et</span> <span class='ocrx_word' id='word_1_646' title='bbox 660 5581 784 5643; x_wconf 90' lang='lat' dir='ltr'>Paulus</span> <span class='ocrx_word' id='word_1_647' title='bbox 805 5582 937 5644; x_wconf 80' lang='lat' dir='ltr'>veraci·</span> <span class='ocrx_word' id='word_1_648' title='bbox 991 5600 1123 5664; x_wconf 83' lang='lat' dir='ltr'>aquam,</span> <span class='ocrx_word' id='word_1_649' title='bbox 1131 5582 1209 5660; x_wconf 86' lang='lat' dir='ltr'>quia</span> <span class='ocrx_word' id='word_1_650' title='bbox 1218 5580 1456 5643; x_wconf 90' lang='lat' dir='ltr'>delectamenta</span> <span class='ocrx_word' id='word_1_651' title='bbox 1471 5577 1572 5656; x_wconf 85' lang='lat' dir='ltr'>hujus</span> <span class='ocrx_word' id='word_1_652' title='bbox 1582 5579 1696 5640; x_wconf 90' lang='lat' dir='ltr'>mundi</span> <span class='ocrx_word' id='word_1_653' title='bbox 1708 5596 1786 5643; x_wconf 89' lang='lat' dir='ltr'>con·</span> 
     </span>
    </p>
   </div>
   <div class='ocr_carea' id='block_1_11' title="bbox 0 0 1989 6196">
    <p class='ocr_par' dir='ltr' id='par_1_11' title="bbox 0 0 1989 6196">
     <span class='ocr_line' id='line_1_56' title="bbox 0 0 1989 6196; baseline 0 0"><span class='ocrx_word' id='word_1_654' title='bbox 0 0 1989 6196; x_wconf 95' lang='lat' dir='ltr'> </span> 
     </span>
    </p>
   </div>
  </div>
 </body>
</html>
