3982 6196
226 245 282 304 671
850 243 1026 307 HONORII
1047 245 1093 307 111
1114 245 1262 309 OPERA.

1834 255 1896 314 672

228 402 455 481 runttempns
465 402 570 481 ipsius
580 401 719 465 concilii
732 401 948 479 appellationi
958 418 1028 464 suae
1082 403 1504 479 sufficienterinstructam,
1516 407 1896 488 prengentosparnbus

227 503 406 565 terminum
421 499 699 579 praeilgenteszad
711 515 807 576 quem
818 499 904 561 idem
917 503 1028 561 custos
1082 501 1259 562 terminum
1278 502 1531 579 competentem,
1557 520 1621 581 quo
1642 521 1703 583 per
1723 523 1896 583 procura-

228 616 291 662 neo
304 600 420 661 venire
434 597 573 666 curavit,
588 613 649 658 nec
664 596 883 659 sufficientem
898 598 1028 660 mittere
1082 598 1172 659 tores
1186 598 1324 660 idoneos
1334 602 1548 677 compareant
1555 616 1668 663 coram
1682 603 1792 676 nobis,
1807 621 1897 667 sen-

228 696 466 775 responsalem.
486 694 578 758 Unde
593 693 634 755 ad
650 694 781 772 prefati
807 693 935 757 abbatis
956 696 1030 756 ins-
1083 695 1221 757 mutiam
1246 697 1440 774 receptura.
1465 699 1557 772 Quod
1586 699 1615 760 si
1639 716 1707 762 non
1731 717 1893 772 omnes„

228 796 379 866 tantiam,
392 793 448 871 qui
463 809 530 854 non
555 792 628 853 sine
640 792 797 869 gravibus
813 793 981 855 laboribus
996 798 1030 855 et
1084 791 1148 854 duo
1162 794 1322 855 vestrum.

229 892 385 970 expensis
408 890 495 968 apud
517 890 635 952 Sedem
650 890 873 968 Apostolicam
902 890 1028 953 diutius
1123 892 1242 952 Datum
1269 892 1442 965 Laterani,
1471 892 1725 957 decimotertio
1751 896 1892 959 kalend.

229 990 461 1068 exspectaret,
498 989 585 1050 idem
618 988 847 1065 predecessor
875 991 1026 1052 noster...
1083 988 1540 1067 april.,pontiilcatusnostri
1558 1008 1646 1053 anno
1661 995 1824 1056 secundo.

228 1086 340 1149 abbati
366 1087 408 1150 de
426 1087 530 1149 Ticon
555 1087 588 1148 et
613 1086 751 1163 collegis
773 1086 878 1164 ipsius
902 1086 1029 1148 dederit

229 1186 351 1247 litteris
366 1185 400 1246 in
422 1184 598 1257 mandatis,
616 1186 654 1247 ut
671 1184 845 1262 praelatum
860 1184 1029 1247 custodem
1400 1179 1574 1266 CLXVII

228 1284 265 1344 in
295 1282 453 1393 ⁰¹P⁰¹¹³i⁸
490 1282 647 1359 ¹⁰gffimi⁸
685 1282 962 1392 ⁰⁰¹¹d⁶¹¹¹¹¹³¹¹,t⁰³’
995 1282 1029 1342 in
1084 1321 1136 1380 Ad
1149 1319 1326 1381 castiorem
1349 1321 1383 1382 et
1405 1324 1686 1385 archidiaconum
1706 1325 1887 1385 neutram.

230 1396 332 1443 causa
347 1396 421 1458 1psa
433 1380 668 1459 procederent3
685 1381 718 1441 et
731 1396 805 1441 eam
825 1380 1028 1446 deciderent,
1367 1443 1400 1500 ῃ
1417 1450 1501 1500 mm
1516 1443 1595 1502 ms·

231 1478 260 1539 si
286 1479 375 1539 esset
402 1477 442 1539 de
479 1478 624 1554 partium
660 1476 839 1539 voluntate.
874 1476 1030 1554 Alioquin

230 1574 380 1637 eamdem
391 1574 433 1637 ad
446 1574 564 1636 Sedem
577 1574 799 1651 Apostolicam
810 1574 1028 1644 remitterent,
1121 1556 1238 1621 [aepst.,
1250 1556 1294 1607 fib·
1304 1557 1335 1615 ¹¹·
1346 1556 1421 1621 epist.
1434 1556 1489 1607 ⁹⁴⁸·
1499 1559 1555 1608 ⁸⁸⁸·
1567 1559 1603 1610 ¹³⁸
1617 1560 1690 1609 Μ
1700 1560 1736 1610 ‘¹¹¹
1747 1559 1845 1625 ἹΊιθίΙ]

229 1672 650 1742 sufficienterinstructam,
663 1672 872 1748 praefigentes
882 1671 1030 1749 partibus
1086 1666 1123 1723 Ut
1142 1664 1287 1736 querelam
1310 1664 1448 1723 adversus
1472 1672 1618 1722 cantorem
1642 1673 1672 1723 et
1700 1666 1892 1740 prepositum

231 1769 407 1849 terminum
433 1769 692 1846 competentem
720 1784 784 1845 quo
812 1770 948 1845 propter
968 1768 1031 1829 hoc
1122 1753 1316 1855 ¹⁴³F⁸⁸⁰⁹¹l⁸ff⁸
1339 1753 1469 1811 ecclesia
1490 1761 1609 1823 motem,
1632 1756 1800 1828 All⁰⁸l⁰¹10³
1821 1771 1890 1819 ⁸1¹⁰·

229 1866 422 1944 Apostolico
432 1882 468 1927 se
477 1864 669 1943 conspectui
678 1866 929 1942 praesentarent.
937 1868 1031 1942 Saepe
1121 1841 1389 1901 ‘⁰¹¹‘⁰¹⁰‘¹¹‘¹¹¹¹⁸m·

231 1964 319 2025 dicto
334 1979 413 2039 orgo
428 1964 563 2026 custode
584 1962 806 2040 respondente
818 1978 930 2025 coram
939 1963 1033 2040 judi·
1126 1959 1304 2034 Honorius,
1321 1962 1396 2033 etc,
1416 1960 1546 2023 dilectis
1560 1960 1639 2022 liliis
1659 1962 1768 2039 priori
1782 1963 1894 2025 sancti

231 2060 325 2123 cibus
353 2061 457 2139 ipsis,
488 2061 574 2138 quod
609 2060 688 2122 licet
716 2060 863 2137 praedia,
891 2077 1033 2139 quorum
1086 2058 1220 2120 Pauli...
1248 2058 1388 2130 cantori,
1414 2059 1496 2130 et..,
1522 2058 1760 2121 archidiacono
1783 2061 1894 2122 sancti

230 2158 363 2236 petebat
383 2158 552 2230 decimes,
589 2158 697 2220 dictus
725 2157 826 2220 abbas
852 2158 1031 2237 aliquando
1086 2156 1225 2220 Joannis
1246 2157 1409 2219 Bisuntin.

229 2272 349 2318 revera
364 2273 425 2318 sna
439 2255 583 2328 iecisset,
600 2271 640 2318 ea
660 2258 773 2318 tamma
797 2254 948 2319 ecclesiae
969 2256 1031 2319 lll-
1127 2255 1273 2316 Dilectus
1308 2254 1398 2316 tilius
1425 2256 1456 2316 J.
1481 2254 1665 2317 catholicus
1696 2256 1894 2316 lausanen.

230 2353 326 2415 bensi
338 2354 536 2422 contulerat,
555 2354 653 2430 longe
670 2354 848 2431 antequam
860 2368 960 2430 super
969 2353 1033 2415 boc
1088 2350 1239 2414 ecclesiae
1252 2367 1313 2430 pro
1333 2367 1381 2424 se,
1402 2366 1442 2412 ac
1457 2350 1653 2429 quibusdam
1670 2350 1749 2413 aliis
1764 2368 1895 2413 conca-

231 2449 433 2529 sibiabipso
445 2448 565 2513 abbate
577 2451 715 2528 quaestio
727 2452 814 2513 mota
827 2451 924 2514 esset
938 2450 1033 2513 Unde
1088 2448 1218 2511 uonicis
1232 2449 1313 2521 suis,
1335 2448 1431 2510 nobis
1452 2448 1654 2513 insinuando
1676 2449 1892 2522 monstravit,

231 2565 441 2628 nequaqnam
464 2549 537 2626 ipse
565 2565 665 2626 super
687 2548 741 2609 lais
767 2549 947 2611 convenire
970 2550 1032 2610 de·
1089 2547 1175 2626 quod
1197 2546 1380 2625 capitulum
1404 2547 1553 2625 ejusdem
1572 2546 1723 2608 ecclesiae
1738 2562 1800 2623 pro
1817 2563 1894 2608 mo-

231 2646 340 2719 bebat,
369 2646 427 2709 sed
451 2648 524 2724 ipsa
548 2647 700 2719 ecclesia,
718 2647 892 2724 quaedicta
908 2647 1034 2724 praedia
1088 2644 1162 2707 dico
1184 2645 1379 2722 reputantes
1401 2632 1565 2705 benefl'cia
1583 2643 1816 2706 ecclesiastica
1831 2644 1889 2705 in·

232 2744 444 2821 possedisset,
461 2745 542 2808 licet
559 2747 637 2807 tunc
651 2745 835 2822 provisioni
857 2745 936 2807 dicti
956 2761 1035 2807 cus·
1088 2740 1198 2819 dignis
1227 2741 1381 2804 conferre
1408 2742 1577 2819 personis,
1605 2743 1640 2802 C.
1668 2741 1833 2804 clericum
1859 2742 1895 2803 in

232 2842 319 2904 tedis
331 2844 447 2905 eadem
458 2842 689 2905 commisisset.
700 2841 826 2904 abbate
838 2858 917 2904 vero
930 2858 948 2903 e
959 2859 1036 2904 con-

231 2940 337 3002 trario
351 2943 522 3002 asserente
539 2961 546 3001 :
561 2940 648 3017 quod
662 2939 769 3002 dictus
793 2941 915 3013 custos,
936 2941 1032 3018 post-

233 3053 332 3115 quam
364 3037 406 3099 ad
436 3053 512 3100 eum
544 3037 631 3101 dicta
658 3037 783 3115 praedia
807 3038 1031 3111 devenerunt,

232 3135 342 3211 ipsum
363 3133 515 3196 abbatem
538 3150 606 3196 non
630 3133 949 3196 Albensisecclesiae
967 3151 1033 3196 no-

233 3231 334 3303 mine,
346 3232 413 3293 imo
424 3247 485 3292 suo
500 3230 699 3308 probibuita
710 3233 921 3309 perceptione
935 3231 1033 3295 solita

233 3328 458 3403 decimarum3
474 3328 608 3390 tandmn
619 3329 800 3407 capitulum
814 3330 921 3407 ipsius
931 3331 1035 3393 eccle-

234 3426 604 3504 siaepraediaeademad
617 3425 834 3503 sepertinere
849 3427 1031 3501 affirmans,

234 3524 382 3600 praelatis
392 3523 575 3601 judicibus,
587 3540 629 3585 ne
642 3525 678 3585 in
689 3540 791 3587 causa
805 3525 878 3603 ipsa
892 3526 927 3587 in
940 3542 1032 3603 prae-

229 3620 393 3698 judIcium
415 3623 488 3698 ejus
504 3621 731 3698 procederent,
753 3622 900 3685 inhibuit
913 3624 1034 3700 appel·

234 3718 349 3794 lando;
375 3719 619 3796 propterquod
643 3717 775 3796 judices
802 3720 843 3781 de
865 3722 1035 3783 voluntate

235 3817 379 3893 partium
394 3832 530 3877 causam
546 3816 651 3893 ipsam
671 3816 713 3878 ad
733 3833 874 3879 examen
888 3820 1034 3896 Aposto-

234 3913 335 3973 licum
349 3913 560 3987 remiserunt,
577 3930 683 3975 nonas
693 3915 872 3977 ianuarias
884 3916 1035 3993 proxime

234 4010 421 4088 praeteritas
457 4011 493 4071 in
521 4012 700 4073 terminum
732 4013 962 4088 assignantes,
993 4013 1034 4074 ad

235 4121 333 4185 quem
353 4108 465 4169 nullus
488 4109 592 4181 venit,
618 4125 678 4185 pro
698 4114 769 4188 jam
781 4109 878 4172 dictis
889 4110 1034 4188 capitulo

234 4205 289 4266 vel
309 4204 457 4276 custode,
474 4209 691 4282 procuratore
710 4207 817 4285 ipsius
840 4208 1033 4270 monasterii

235 4299 359 4362 diutius
385 4301 608 4376 exspectante.
622 4304 652 4363 N
655 4318 674 4364 e
687 4303 790 4379 igitur
802 4303 909 4366 dictus
924 4306 1035 4367 custos

235 4397 276 4459 de
286 4412 347 4457 sua
356 4396 644 4479 tergiversationis
656 4401 875 4475 contumacia,
894 4402 1035 4463 ulterius

1089 2839 1303 2920 praepositum
1317 2841 1578 2916 assumpserunt,
1594 2839 1742 2917 quicum
1757 2840 1891 2901 ratione

1089 2939 1317 3016 prepositura
1333 2938 1514 2999 secundum
1530 2939 1652 2999 statuta
1668 2938 1845 2999 &nonum
1858 2939 1894 2998 et

1088 3036 1154 3101 loci
1167 3036 1438 3098 consuetudinem
1458 3033 1674 3111 approbatam
1701 3033 1840 3097 deberet
1856 3035 1891 3096 in

1089 3132 1318 3210 presbyterum
1344 3131 1542 3210 promoveri,
1568 3131 1792 3193 diminutione
1814 3147 1893 3210 pro-

1088 3231 1154 3309 prii
1177 3230 1326 3308 corporis
1349 3218 1566 3307 repugnante,
1579 3245 1680 3307 quum
1706 3228 1754 3292 sit
1776 3245 1895 3290 mono-

1088 3330 1195 3403 culus,
1216 3330 1249 3391 et
1273 3329 1358 3389 alias
1373 3327 1509 3404 indigne
1524 3343 1591 3389 non
1608 3328 1719 3404 potest
1741 3326 1895 3389 ecclesiae

1088 3428 1124 3489 in
1152 3427 1270 3489 ordine
1303 3426 1413 3488 debito
1450 3425 1661 3500 ministrare3
1691 3426 1731 3487 R.
1763 3440 1895 3503 quoque

1089 3525 1247 3586 clericum
1275 3526 1391 3585 natum
1411 3522 1452 3583 de
1473 3522 1639 3603 adulterio
1656 3524 1832 3584 cantorem
1847 3523 1897 3585 ei-

1089 3622 1164 3687 dem
1177 3622 1327 3684 ecclesiae
1337 3621 1558 3698 prefecerunt
1569 3620 1605 3681 in
1619 3620 1727 3697 ipsius
1742 3620 1895 3682 ecclesie

1089 3718 1232 3783 dedecus
1258 3720 1292 3780 et
1310 3718 1488 3794 jacturam.
1523 3719 1633 3789 Quare
1655 3716 1755 3778 nobis
1786 3717 1896 3779 extitit

1090 3815 1322 3894 supplicatum,
1338 3814 1444 3892 utqui
1460 3814 1612 3876 decorem
1628 3814 1748 3875 domus
1763 3814 1896 3876 Domini

1089 3915 1242 3976 tenemur
1255 3912 1395 3988 diligere
1420 3929 1495 3973 cum
1516 3911 1688 3988 propbeta,
1705 3911 1818 3975 eidem
1835 3928 1896 3973 ec-

1090 4005 1202 4072 clesiae
1243 4012 1382 4088 paterna
1417 4008 1643 4070 sollicitudine
1677 4010 1897 4085 providentes

1090 4108 1266 4186 praedictos
1290 4107 1504 4184 praepositum
1526 4108 1560 4169 et
1573 4106 1747 4167 cantorem
1762 4106 1897 4169 iacere-

1090 4223 1163 4266 mus
1191 4205 1233 4266 ab
1261 4204 1387 4266 eisdem
1412 4203 1630 4280 dignitatibus
1659 4206 1830 4278 amoveri;
1863 4205 1897 4266 et

1091 4319 1191 4380 quum
1205 4319 1249 4364 ex
1263 4318 1302 4365 eo
1325 4301 1411 4380 quod
1435 4302 1610 4380 praeiatum
1632 4302 1821 4379 capitulum
1837 4303 1896 4364 in·

1090 4401 1208 4478 dignos
1218 4399 1447 4475 addignitates
1455 4400 1579 4475 eligere
1591 4397 1775 4482 [eligendo]
1786 4401 1896 4462 soien-

234 4494 407 4572 glorietur,
421 4494 613 4557 discretioni
631 4497 752 4558 vestrae
771 4513 832 4575 per
844 4499 1035 4577 apostolica
1088 4501 1142 4560 ter
1154 4498 1315 4575 potestate
1329 4512 1366 4558 se
1380 4497 1587 4574 privaverint
1599 4496 1761 4573 eligendi,
1777 4498 1897 4574 digna-

235 4593 359 4670 scripta
374 4592 581 4662 mandamus,
599 4595 761 4671 quatenus
781 4596 933 4659 eumdem
958 4613 1036 4659 cus·

233 4690 344 4751 todem
360 4691 617 4752 condemnantes
634 4692 670 4752 in
684 4693 841 4771 expensis
863 4694 1033 4771 legitimis,

235 4787 269 4849 et
282 4786 324 4848 ad
345 4787 544 4850 solutionem
569 4788 705 4851 illarum
730 4791 954 4868 appellatione
975 4809 1033 4854 re-

235 4885 336 4957 mota,
360 4901 419 4963 per
442 4901 602 4947 censuras
623 4887 869 4951 ecclesiasticas
890 4891 1037 4967 compel-

235 4981 313 5043 latis
335 5003 342 5041 :
367 4982 512 5045 audiatis
538 4984 668 5057 deinde,
691 5001 765 5062 quae
795 4988 1035 5050 monasterinm

235 5079 344 5157 ipsum
364 5095 424 5156 pro
439 5082 533 5156 parte
548 5097 620 5153 sua,
637 5086 670 5144 et
684 5099 757 5160 quae
772 5086 883 5146 custos
896 5087 928 5148 et
942 5085 1036 5163 capi-

234 5176 341 5239 tulum
348 5176 508 5239 antedicti
518 5194 578 5255 pro
585 5194 622 5240 se
632 5178 789 5243 duxerint
800 5183 1033 5260 proponenda;

1090 4612 1204 4657 remur
1224 4594 1332 4657 eidem
1356 4594 1508 4657 ecclesiae
1531 4594 1572 4656 de
1594 4597 1750 4673 personis
1767 4595 1896 4657 idoneis

1090 4692 1277 4771 providere.
1295 4693 1379 4764 Quia
1399 4707 1480 4753 vero
1493 4692 1589 4753 nobis
1604 4708 1673 4754 non
1689 4694 1841 4756 constitit
1854 4693 1895 4753 de

1090 4790 1282 4867 praeinissis,
1295 4790 1489 4852 discretioni
1498 4792 1619 4852 vestrae
1629 4805 1691 4867 per
1702 4791 1895 4867 Apostolica

1090 4889 1214 4966 scripta
1240 4888 1447 4960 mandamus
1478 4889 1654 4966 quatenus,
1683 4889 1815 4951 vocatis
1837 4890 1894 4966 qui

1090 4987 1223 5048 luerunt
1246 4986 1418 5058 evocandi,
1440 4988 1474 5049 et
1496 4985 1658 5063 inquisita
1673 5002 1780 5065 super
1799 4987 1841 5047 iis
1863 4986 1896 5047 et

1091 5085 1223 5160 cognita
1255 5084 1411 5156 veritate,
1440 5083 1527 5161 quod
1562 5084 1765 5153 canonicum
1792 5084 1896 5146 fuerit

1090 5181 1313 5259 appellatione
1333 5181 1516 5259 postposita
1536 5181 1703 5254 statuatis
1728 5181 1892 5244 facientes
1978 5240 1979 5243 ,

235 5276 269 5336 et
281 5275 318 5335 in
328 5289 429 5336 cansa
445 5291 551 5352 nsque
563 5275 820 5340 addellnitivam
837 5280 1034 5343 sententiam
1090 5279 1177 5357 quod
1190 5279 1405 5341 decreveritis
1418 5294 1665 5356 percensuram
1681 5280 1898 5342 ecclesiasti-

235 5371 365 5433 sublato
380 5371 612 5448 appellationis
622 5371 792 5435 obstaculo
807 5378 1033 5453 procedentes,
1090 5393 1164 5439 cam
1182 5376 1406 5454 appellatione
1432 5380 1585 5439 cessante
1608 5376 1753 5439 tirmiter
1777 5376 1898 5439 obser-

235 5467 329 5528 illam
344 5468 373 5528 si
385 5469 496 5546 partes
507 5471 748 5544 consenserint,
766 5471 831 5535 tine
842 5473 952 5537 debito
966 5477 1036 5538 ter·
1090 5473 1179 5550 vari3
1189 5473 1276 5552 quod
1285 5474 1315 5535 si
1324 5489 1390 5536 non
1401 5490 1527 5546 omnes,
1535 5475 1597 5536 etc.
1606 5476 1728 5537 Datum
1734 5476 1895 5539 Laterani

235 5563 388 5640 minetis3
405 5566 554 5643 alioquin
569 5567 718 5630 eamdem
730 5569 771 5631 ad
786 5586 847 5632 nos
858 5573 1035 5634 remittatis
1091 5572 1202 5634 idibus
1222 5572 1332 5635 martii
1351 5588 1439 5634 anno
1454 5571 1612 5634 secundo«
