3982 6196
192 313 253 373 655

813 315 988 377 HONORII
1010 317 1055 377 ΙΙΙ
1078 317 1225 378 OPERA.
1793 322 1856 382 656

193 473 986 551 ipsorumriamluituniversaecarnisingressus,
1048 474 1268 550 berstadonsi,
1290 476 1403 543 abbati
1417 475 1458 540 de
1478 478 1569 545 Cella
1588 480 1622 542 et
1639 479 1764 544 dilecto
1781 480 1854 543 tilio

193 574 228 634 et
245 571 332 633 alius
353 572 452 635 estin
473 571 765 651 archiepiscopum
785 571 992 635 Ebredunen.
1050 573 1209 650 magistro
1228 575 1379 638 Conrado
1400 575 1441 637 de
1461 575 1618 638 Marburc
1637 577 1854 654 praedicatori

194 673 394 748 assumptus,
412 670 468 748 qui
489 670 594 733 distat
605 686 666 748 per
683 670 856 733 duodecim
878 671 994 733 diaetas
1050 672 1233 748 Maguntin.
1258 674 1292 735 et
1321 674 1481 735 Misueus.
1502 674 1613 747 dirae,
1645 675 1791 737 salutem
1819 678 1855 737 et

194 769 384 846 etamplius
399 768 440 830 ab
456 768 592 830 eisdem.
613 769 707 830 Unde
721 786 821 847 quum
837 768 994 847 praedicto
1049 769 1265 845 apostolicam
1280 769 1556 833 benedictionem.

195 869 234 928 R.
252 867 323 928 solo
339 866 475 928 minime
495 867 661 928 arbitrare
682 867 825 939 valente,
843 866 996 928 rideatur
1089 869 1138 928 Ex
1150 871 1244 945 parte
1257 866 1388 930 abbatis
1400 870 1434 931 et
1453 871 1636 931 conventus
1653 870 1853 932 monasterii

195 963 371 1026 arbitrium
395 965 579 1041 expirasse,
601 964 697 1026 nobis
720 964 891 1026 humiliter
914 980 996 1041 sup·
1049 965 1346 1043 Nihemburgensis
1360 967 1423 1029 fuit
1437 968 1642 1045 propositum
1657 983 1773 1029 coram
1789 985 1851 1030 no-

195 1062 332 1140 plicavit
357 1063 393 1125 ut
425 1063 509 1125 viris
537 1063 709 1134 discretis,
733 1063 789 1140 qui
813 1062 994 1124 secundum
1048 1060 1099 1123 bis
1115 1063 1201 1140 quod
1216 1079 1317 1140 quum
1330 1064 1437 1126 felicis
1451 1065 1621 1126 memoria
1634 1066 1852 1129 Innocentius

192 1160 324 1223 arbitrii
345 1161 418 1223 acta
435 1162 593 1239 praedicta
608 1161 648 1223 ad
665 1161 867 1222 decisionem
883 1175 994 1221 causae
1048 1176 1134 1238 papa
1163 1161 1390 1237 praedecessor
1413 1164 1528 1224 noster
1550 1178 1610 1240 pro
1632 1179 1749 1235 causa,
1776 1180 1851 1241 quse

194 1260 375 1337 procedere
401 1257 559 1331 debeant,
590 1258 736 1321 scribere
767 1259 992 1336 dignaremur.
1049 1259 1258 1337 interipsum
1280 1261 1518 1322 monasterium
1540 1276 1584 1322 ex
1607 1264 1702 1338 parta
1725 1278 1795 1321 una
1817 1263 1851 1323 et

194 1358 339 1434 Ideoque
363 1358 558 1420 discretioni
581 1363 701 1421 restrae
721 1374 781 1436 per
804 1358 993 1436 apostolica
1049 1354 1176 1419 nobiles
1197 1357 1288 1419 viros
1302 1357 1419 1419 ducem
1442 1358 1598 1421 Saxonis
1612 1373 1652 1419 ac
1667 1358 1852 1421 Henricam

195 1456 319 1533 scripta
347 1457 563 1529 mandamuS,
594 1458 774 1534 quatenus,
803 1456 832 1517 si
855 1459 907 1518 est
933 1443 991 1529 ita,
1048 1455 1201 1516 comitem
1222 1456 1375 1517 Ascaniae
1390 1454 1527 1518 tratrem
1542 1458 1614 1534 eius
1635 1456 1774 1518 dioeces.
1791 1457 1851 1517 Al-

193 1570 328 1615 causam
340 1554 445 1632 ipsam
457 1557 554 1631 juxta
565 1553 755 1632 hujusmodi
765 1554 851 1627 acta,
864 1554 993 1616 sublato
1047 1551 1191 1624 borstad.
1221 1568 1264 1614 ex
1289 1552 1407 1625 altera,
1437 1569 1538 1631 super
1564 1553 1703 1626 mansis,
1732 1553 1847 1630 sylvis,

193 1652 429 1730 appellationis
452 1653 636 1725 obstaculo,
660 1652 725 1714 line
746 1652 856 1714 debito
874 1652 993 1715 termi-
1048 1649 1193 1727 pascuis,
1210 1650 1305 1728 aquis
1321 1651 1355 1712 et
1375 1650 1452 1712 aliis
1474 1650 1675 1713 animalibus
1692 1666 1734 1712 ac
1755 1650 1851 1712 dam-

192 1751 289 1822 netis,
304 1751 438 1828 optione
459 1752 570 1812 tamen
586 1751 692 1811 eidam
708 1750 852 1828 capitulo
868 1766 992 1812 secun·
1049 1748 1101 1808 uis
1116 1750 1150 1810 at
1172 1748 1306 1825 injuriis
1322 1747 1363 1809 ab
1378 1748 1505 1810 eisdam
1523 1764 1568 1810 ax
1586 1749 1680 1826 parte
1699 1749 1851 1826 ipsorum

194 1849 272 1909 dum
288 1849 477 1910 sanctiones
501 1848 667 1924 legitimas
688 1849 871 1920 reservata,
887 1850 923 1911 ut
939 1847 993 1910 rel
1048 1844 1136 1907 dicto
1157 1846 1360 1909 monasterio
1375 1845 1533 1922 irrogatis
1549 1846 1700 1908 noscitur
1712 1846 1850 1921 agitari,

192 1945 357 2022 recipiant
369 1945 593 2023 depositiones
613 1961 728 2008 eorum
743 1946 801 2023 qui
813 1946 994 2023 supersunt
1048 1958 1148 2018 quum
1170 1943 1440 2020 Merseburgeusi
1467 1944 1623 2021 episcopo
1641 1945 1674 2004 et
1695 1943 1853 2020 conjudi-

194 2042 430 2121 productorum
438 2044 572 2106 testium
583 2046 698 2107 contra
713 2059 781 2115 eos,
796 2044 849 2106 vel
860 2043 993 2106 eosdem
1048 2040 1141 2101 cibus
1160 2040 1231 2101 suis
1245 2040 1423 2103 direxisset
1444 2041 1570 2118 pluries
1591 2041 1714 2118 scripta
1736 2057 1798 2102 sua
1818 2041 1853 2101 et

194 2144 355 2218 respuant
374 2143 409 2204 ut
429 2143 531 2204 testes
549 2143 716 2220 deponant
730 2142 850 2204 iterum
868 2157 993 2219 appro-
1049 2137 1164 2200 eadem
1179 2138 1385 2216 nequivisset
1398 2139 1572 2201 terminari
1587 2154 1647 2216 per
1668 2138 1772 2215 ipsos,
1789 2153 1853 2199 nec

192 2239 322 2311 bautes,
339 2241 433 2303 salvo
453 2241 566 2303 tamen
585 2243 673 2318 jure,
690 2240 776 2318 quod
792 2241 826 2302 in
854 2241 993 2317 utroque
1048 2237 1240 2313 speraretur
1264 2235 1299 2298 in
1325 2239 1494 2314 posterum
1518 2235 1742 2307 terminanda,
1764 2236 1853 2297 sicut

192 2355 273 2401 casu
287 2338 395 2400 eidem
403 2338 553 2416 capitrdo
564 2338 721 2415 competit
729 2338 797 2400 tam
808 2338 843 2399 in
857 2339 992 2400 testium
1047 2333 1135 2394 idem
1158 2333 1333 2411 episcopus
1359 2334 1431 2395 suis
1457 2337 1491 2396 et
1515 2334 1636 2396 litteris
1668 2333 1849 2404 intimarit,

194 2452 366 2513 personas,
376 2452 475 2514 quam
483 2435 582 2498 dicta.
594 2436 685 2509 Quod
700 2436 729 2497 si
744 2451 811 2497 non
826 2450 990 2507 omnes...,
1048 2431 1120 2507 ipse
1143 2432 1260 2494 nolens
1283 2431 1474 2509 hujusmodi
1493 2432 1585 2493 litam
1610 2432 1761 2493 existere
1787 2432 1853 2492 im-

193 2533 258 2596 duo
273 2536 432 2606 vestrum,
448 2534 511 2596 etc.
541 2535 659 2596 Datum
674 2533 831 2596 Laterani
852 2537 993 2594 dnonas
1048 2529 1231 2601 mortalem,
1259 2528 1442 2591 venarabili
1465 2528 1561 2591 tratri
1586 2530 1702 2590 nostro
1730 2527 1853 2589 Albes-

192 2631 304 2695 martii
314 2648 403 2694 anno
417 2631 574 2694 secundo.
1048 2625 1174 2689 staden.
1204 2627 1360 2704 episcopo
1395 2630 1428 2688 et
1464 2625 1602 2702 collegis
1635 2625 1745 2702 ipsios
1780 2627 1851 2686 suis

547 2788 644 2876 CLV
697 2782 700 2787 .
1047 2724 1138 2786 dedit
1161 2724 1281 2787 litteris
1301 2724 1336 2785 in
1356 2724 1532 2796 mandatis,
1555 2725 1592 2785 ut
1613 2724 1750 2800 utrique
1765 2723 1851 2801 parti

1048 2822 1190 2885 tirmiter
1203 2824 1276 2899 ejus
1291 2823 1489 2884 auctoritate
1504 2823 1729 2900 injungerent,
1756 2822 1794 2882 ut
1816 2820 1850 2881 iu

307 2922 361 2982 Ad
373 2923 569 2995 episcopam
583 2921 880 2982 Aurattoccrsrcm.
1048 2920 1180 2982 Octavia
1204 2919 1399 2998 Epiphaniae
1423 2920 1584 2996 proximas
1614 2920 1694 2980 tunc
1715 2918 1849 2989 tuturis,

488 3044 600 3100 lmart.
618 3042 697 3100 lala.

1048 3017 1194 3094 quassis
1216 3016 1474 3094 peremptorium
1495 3015 1691 3092 assignavit,
1716 3017 1854 3093 propter

225 3157 396 3222 [mmuh.
408 3158 439 3216 11,
452 3156 526 3222 epist.
537 3156 593 3206 937·
606 3158 665 3207 usa.
680 3157 717 3207 La
731 3156 806 3206 Porto
818 3156 853 3205 uu
865 3153 961 3218 ML]
1048 3116 1111 3177 hoc
1133 3116 1366 3192 procuratores
1385 3114 1522 3176 idoneos
1536 3113 1577 3175 ad
1598 3117 1671 3191 ejus
1696 3129 1852 3190 praesan-

260 3263 395 3337 Ejusdem
410 3264 538 3337 episcopt
552 3263 703 3321 coutirmat
716 3262 926 3335 possessiones.

1047 3213 1127 3274 tiam
1143 3211 1350 3274 destinarent
1364 3212 1399 3273 in
1414 3211 1547 3287 negotio
1561 3211 1645 3288 ipso,
1666 3210 1852 3272 secundum

351 3372 356 3386 ,
669 3372 701 3385 ,,
810 3372 817 3384 ,
944 3370 951 3383 ,
1048 3310 1133 3387 quod
1160 3311 1249 3388 juris
1279 3309 1360 3372 ordo
1392 3309 1579 3388 requireret
1613 3324 1851 3386 processurcs;

232 3376 412 3485 Honorius,
427 3373 503 3447 etc,
520 3372 704 3436 venerabili
723 3371 820 3434 tratri
839 3371 994 3433 Aurelia·
1047 3407 1196 3485 alioquin
1225 3422 1268 3469 ΘΧ
1288 3409 1368 3470 tunc
1394 3407 1466 3484 ipse
1494 3405 1727 3479 nihilominus,
1755 3407 1855 3484 prout

193 3488 270 3533 ΒΘΗ·
287 3486 454 3550 ep¹s⁰⁰p⁰·
1047 3506 1197 3583 exigeret
1214 3506 1312 3578 ratio,
1333 3505 1528 3583 procederat
1549 3504 1584 3566 in
1602 3504 1732 3566 eodem.
1762 3504 1854 3565 Licet

1047 3604 1158 3666 autem
1177 3602 1335 3682 praetatus
1357 3603 1532 3680 episcopus
1556 3604 1591 3663 et
1612 3604 1686 3679 eius
1712 3602 1854 3678 collegae

1047 3702 1135 3764 dicto
1154 3702 1267 3764 comiti
1289 3702 1467 3763 terminum
1488 3701 1687 3762 auctoritate
1709 3702 1856 3777 Aposto-

1047 3800 1112 3861 lica
1128 3799 1333 3877 praetixerint
1346 3814 1448 3876 supra
1461 3798 1631 3875 scriptum,
1652 3799 1725 3874 ipse
1740 3800 1854 3859 tamar

1047 3896 1851 3978 procuratoremquiprocederepossetincausa,

1047 3997 1179 4057 mittere
1194 4010 1260 4057 non
1271 3994 1411 4064 curavit,
1425 3994 1641 4071 procuratore
1655 3994 1767 4071 ipsius
1781 4010 1855 4054 mo-

231 3568 338 3631 lustis
364 3567 544 3645 petentium
572 3580 713 3641 seque:
739 3565 916 3643 complere.
946 3566 992 3624 lia

193 3667 339 3744 propter,
360 3664 563 3727 venerabilis
580 3664 612 3725 iu
638 3663 769 3725 Christo
792 3662 905 3735 trater,
926 3661 992 3723 tuis

189 3764 290 3841 justis
311 3761 465 3841 precibus
490 3762 653 3833 inclinati,
679 3761 791 3822 Sancti
818 3760 910 3822 Petri
933 3759 994 3820 Vi-

192 3878 320 3935 rorum,
347 3861 461 3923 Sancti
486 3860 578 3923 Petri
605 3860 798 3921 Puellarum
826 3859 859 3920 et
878 3858 991 3919 Sancti

192 3960 281 4022 Aviti
303 3958 466 4031 abbatias,
495 3959 581 4020 sicut
601 3974 659 4019 aas
678 3959 770 4036 juste
789 3956 940 4036 possides
960 3958 993 4017 et

192 4058 316 4136 quiete,
334 4057 395 4120 tibi
417 4057 583 4134 otperto
604 4056 818 4117 aurelianen.
841 4054 992 4115 ecclesiae

193 4154 593 4231 auctoritatedpostolica
606 4154 852 4224 confirmamus,
869 4154 902 4214 et
911 4168 993 4229 prae·

145 4302 147 4306 Α
194 4255 298 4316 sentis
311 4253 427 4329 scripti
440 4250 625 4328 patrocinio
636 4250 888 4312 communimus.
900 4248 991 4310 Nulli

192 4367 270 4427 ergo
300 4351 387 4411 hanc
415 4349 570 4425 paginam
603 4349 728 4408 nostrae
762 4347 991 4408 confirmatio-

191 4450 256 4521 nis,
270 4449 333 4510 etc.
354 4447 476 4524 Siquis
491 4446 612 4517 autem,
627 4446 689 4506 etc.
703 4445 822 4506 Datum
836 4444 991 4506 Laterani

191 4547 290 4608 nonis
304 4545 415 4608 martii
430 4560 520 4606 anuo
535 4543 692 4605 secundo.

533 4714 651 4802 CLVI

190 4854 243 4912 Ad
264 4852 461 4913 conradum
475 4852 673 4923 episcopum
687 4849 858 4922 quondm
872 4848 992 4908 Accer-

230 4949 438 5019 stodcusom,
456 4946 612 5008 abactam
632 4947 673 5007 de
693 4947 783 5007 Gelda
804 4944 839 5006 et
860 4946 992 5020 ampie-

231 5046 327 5107 trom
340 5047 382 5106 de
395 5047 571 5106 Mordere.

485 5157 601 5215 trusit.
618 5156 697 5214 lais,

293 5264 473 5328 [Wnrdtwein
487 5265 559 5315 Nora
571 5261 695 5320 subsidia,
705 5267 725 5313 t.
737 5263 781 5324 ΙΙΙ,
791 5277 817 5326 p.
832 5261 885 5326 bd]

192 5370 282 5426 Breve
297 5380 348 5437 pro
359 5360 538 5420 terminanda
553 5361 749 5419 controversia
763 5361 836 5418 inter
850 5364 992 5416 monaste

263 5455 335 5511 rium
350 5450 600 5525 llibemburgensa
613 5456 643 5508 et
655 5448 758 5507 ducam
777 5448 918 5513 saxonia.

232 5570 401 5629 Honorius
416 5568 591 5645 episcopus
604 5582 721 5627 servus
732 5580 904 5628 serrorum
917 5563 989 5632 Dei,

195 5663 378 5727 venerabili
400 5665 495 5725 fratri
516 5668 550 5725 C.
567 5664 724 5741 episcopo
743 5662 909 5741 quondam
927 5661 990 5724 Al-

1047 4093 1186 4155 uasterii
1198 4108 1264 4154 non
1275 4092 1400 4168 absque
1413 4090 1528 4152 labore
1538 4107 1578 4152 ac
1588 4092 1751 4167 expensis
1765 4091 1852 4168 apud

1046 4191 1269 4268 Apostolicam
1281 4190 1398 4251 &dem
1409 4188 1534 4250 diutius
1544 4189 1762 4265 expectante3
1772 4188 1853 4265 quin

1047 4290 1113 4350 imo
1128 4289 1302 4365 postquam
1313 4286 1420 4349 dictus
1430 4286 1592 4348 terminus
1608 4285 1674 4346 sibi
1685 4285 1751 4347 fuit
1766 4302 1855 4363 prae·

1047 4388 1133 4448 lixus
1157 4384 1298 4455 abillis,
1327 4387 1394 4446 tam
1418 4384 1489 4461 ipse
1507 4398 1629 4453 comes,
1660 4399 1764 4460 quam
1784 4384 1853 4444 dux

1048 4484 1235 4561 praedictus,
1250 4498 1370 4559 graves
1385 4481 1492 4544 eidem
1513 4482 1722 4543 monasterio
1738 4481 1854 4543 intulit

1046 4582 1187 4660 iujurias
1199 4581 1232 4643 et
1242 4581 1404 4658 jacturas.
1429 4580 1523 4641 Unde
1542 4577 1640 4639 nobis
1653 4577 1720 4640 fuit
1735 4579 1851 4639 bumi-

1048 4681 1124 4741 liter
1138 4677 1370 4756 supplicatum,
1394 4677 1430 4738 ut
1444 4692 1520 4737 cunr
1534 4676 1658 4737 dictum
1673 4679 1850 4737 monasta-

1046 4779 1133 4839 rium
1153 4779 1224 4855 jam
1253 4775 1325 4836 tere
1351 4790 1413 4835 sax
1446 4774 1544 4835 annis
1570 4788 1632 4850 pro
1657 4772 1852 4849 hujusmodi

1047 4875 1180 4951 negotio
1194 4872 1370 4945 laboravit,
1395 4873 1428 4933 et
1441 4872 1577 4949 propter
1589 4870 1774 4948 potentiam
1790 4886 1855 4931 no-

1045 4973 1162 5034 bilium
1184 4970 1420 5049 praedictorunr
1434 4967 1673 5031 nihilomnino
1697 4969 1854 5044 proiece-

1046 5072 1091 5133 rit
1113 5070 1288 5146 fatigatum
1310 5066 1481 5129 laboribus
1501 5067 1535 5128 et
1553 5066 1724 5142 expensis,
1750 5081 1854 5142 super

1046 5171 1109 5230 boc
1132 5167 1196 5245 ipsi
1222 5169 1385 5244 praetorea
1416 5163 1590 5243 providere
1621 5162 1852 5224 sollicitudine

1046 5266 1272 5343 dignaremur.
1287 5266 1392 5336 Quum
1406 5262 1509 5338 igitur
1520 5260 1628 5322 eidem
1644 5261 1852 5322 monasterio

1046 5366 1080 5426 in
1096 5379 1156 5425 sua
1172 5362 1288 5423 deesse
1299 5360 1430 5438 justitia
1453 5375 1519 5421 non
1539 5358 1693 5430 velimus,
1720 5357 1853 5419 discre-

1045 5461 1128 5523 tioni
1143 5462 1263 5522 vestrae
1280 5475 1339 5535 per
1357 5456 1546 5535 apostolica
1561 5454 1686 5531 scripta
1702 5456 1850 5517 manda-

1045 5576 1129 5627 mus,
1156 5558 1319 5636 quatenus
1336 5556 1440 5618 dictos
1458 5553 1598 5620 nobiles.
1624 5556 1661 5613 ut
1675 5551 1765 5614 intra
1781 5555 1851 5614 tres

1047 5673 1176 5720 meuses
1190 5656 1264 5734 post
1278 5654 1393 5733 primae
1406 5651 1574 5715 citationis
1589 5650 1735 5712 edictum
1751 5652 1849 5729 post·
