<?xml version="1.0" encoding="UTF-8"?>
<!DOCTYPE html PUBLIC "-//W3C//DTD XHTML 1.0 Transitional//EN"
    "http://www.w3.org/TR/xhtml1/DTD/xhtml1-transitional.dtd">
<html xmlns="http://www.w3.org/1999/xhtml" xml:lang="en" lang="en">
 <head>
  <title>
</title>
<meta http-equiv="Content-Type" content="text/html;charset=utf-8" />
  <meta name='ocr-system' content='tesseract 3.04.00' />
  <meta name='ocr-capabilities' content='ocr_page ocr_carea ocr_par ocr_line ocrx_word'/>
</head>
<body>
  <div class='ocr_page' id='page_1' title='image "./mediiaevibiblio00bottgoog_0431.png"; bbox 0 0 3946 6196; ppageno 0'>
   <div class='ocr_carea' id='block_1_1' title="bbox 214 362 1871 464">
    <p class='ocr_par' dir='ltr' id='par_1_1' title="bbox 214 362 1871 464">
     <span class='ocr_line' id='line_1_1' title="bbox 214 362 1871 464; baseline 0.003 -14"><span class='ocrx_word' id='word_1_1' title='bbox 214 403 275 464; x_wconf 63' lang='lat'>303</span> <span class='ocrx_word' id='word_1_2' title='bbox 837 389 1014 452; x_wconf 81' lang='grc'><strong>666666</strong></span> <span class='ocrx_word' id='word_1_3' title='bbox 1036 388 1248 452; x_wconf 72' lang='lat' dir='ltr'>111OPERA.</span> <span class='ocrx_word' id='word_1_4' title='bbox 1677 362 1684 375; x_wconf 78' lang='grc'><em>’</em></span> <span class='ocrx_word' id='word_1_5' title='bbox 1805 394 1871 455; x_wconf 72' lang='lat' dir='ltr'>soa</span> 
     </span>
    </p>
   </div>
   <div class='ocr_carea' id='block_1_2' title="bbox 214 548 1873 1125">
    <p class='ocr_par' dir='ltr' id='par_1_2' title="bbox 214 548 1873 1125">
     <span class='ocr_line' id='line_1_2' title="bbox 216 548 1873 636; baseline -0.005 -12"><span class='ocrx_word' id='word_1_6' title='bbox 216 562 272 636; x_wconf 89' lang='lat' dir='ltr'>tis,</span> <span class='ocrx_word' id='word_1_7' title='bbox 286 561 320 623; x_wconf 90' lang='lat' dir='ltr'>et</span> <span class='ocrx_word' id='word_1_8' title='bbox 332 558 483 621; x_wconf 83' lang='lat' dir='ltr'><strong>honestis</strong></span> <span class='ocrx_word' id='word_1_9' title='bbox 498 553 679 634; x_wconf 89' lang='lat' dir='ltr'>petentium</span> <span class='ocrx_word' id='word_1_10' title='bbox 693 552 847 632; x_wconf 90' lang='lat' dir='ltr'>precibus</span> <span class='ocrx_word' id='word_1_11' title='bbox 866 550 1015 613; x_wconf 81' lang='lat' dir='ltr'>savorem</span> <span class='ocrx_word' id='word_1_12' title='bbox 1070 548 1151 610; x_wconf 89' lang='lat' dir='ltr'>dens</span> <span class='ocrx_word' id='word_1_13' title='bbox 1168 570 1176 610; x_wconf 75' lang='grc' dir='ltr'><strong><em>ε</em></strong></span> <span class='ocrx_word' id='word_1_14' title='bbox 1192 565 1332 627; x_wconf 86' lang='lat' dir='ltr'>cumque</span> <span class='ocrx_word' id='word_1_15' title='bbox 1348 565 1407 627; x_wconf 90' lang='lat' dir='ltr'>pro</span> <span class='ocrx_word' id='word_1_16' title='bbox 1422 549 1589 614; x_wconf 77' lang='lat' dir='ltr'>abbatissa</span> <span class='ocrx_word' id='word_1_17' title='bbox 1606 554 1640 615; x_wconf 90' lang='lat' dir='ltr'>et</span> <span class='ocrx_word' id='word_1_18' title='bbox 1652 552 1723 613; x_wconf 90' lang='lat' dir='ltr'>suis</span> <span class='ocrx_word' id='word_1_19' title='bbox 1742 552 1816 615; x_wconf 91' lang='lat' dir='ltr'>haec</span> <span class='ocrx_word' id='word_1_20' title='bbox 1836 556 1873 616; x_wconf 91' lang='lat' dir='ltr'>et</span> 
     </span>
     <span class='ocr_line' id='line_1_3' title="bbox 214 647 1872 731; baseline -0.006 -9"><span class='ocrx_word' id='word_1_21' title='bbox 214 657 412 721; x_wconf 87' lang='lat' dir='ltr'>benevolum</span> <span class='ocrx_word' id='word_1_22' title='bbox 441 653 616 731; x_wconf 91' lang='lat' dir='ltr'>impertiri.</span> <span class='ocrx_word' id='word_1_23' title='bbox 634 653 827 730; x_wconf 84' lang='lat' dir='ltr'>Eapropter,</span> <span class='ocrx_word' id='word_1_24' title='bbox 847 648 959 712; x_wconf 88' lang='lat' dir='ltr'>dilecti</span> <span class='ocrx_word' id='word_1_25' title='bbox 978 648 1013 708; x_wconf 93' lang='lat' dir='ltr'>in</span> <span class='ocrx_word' id='word_1_26' title='bbox 1068 647 1135 708; x_wconf 90' lang='lat' dir='ltr'>alia</span> <span class='ocrx_word' id='word_1_27' title='bbox 1169 650 1282 709; x_wconf 89' lang='lat' dir='ltr'>essent</span> <span class='ocrx_word' id='word_1_28' title='bbox 1320 665 1432 710; x_wconf 87' lang='lat' dir='ltr'>coram</span> <span class='ocrx_word' id='word_1_29' title='bbox 1468 649 1666 727; x_wconf 89' lang='lat' dir='ltr'>supradictis</span> <span class='ocrx_word' id='word_1_30' title='bbox 1694 650 1872 729; x_wconf 82' lang='lat' dir='ltr'>judicibus</span> 
     </span>
     <span class='ocr_line' id='line_1_4' title="bbox 216 744 1873 828; baseline -0.005 -8"><span class='ocrx_word' id='word_1_31' title='bbox 216 756 356 819; x_wconf 86' lang='lat' dir='ltr'>Domino</span> <span class='ocrx_word' id='word_1_32' title='bbox 382 753 455 824; x_wconf 89' lang='grc'><strong>11111,</strong></span> <span class='ocrx_word' id='word_1_33' title='bbox 469 751 589 814; x_wconf 85' lang='lat' dir='ltr'>vestris</span> <span class='ocrx_word' id='word_1_34' title='bbox 612 750 712 828; x_wconf 78' lang='lat' dir='ltr'>Justis</span> <span class='ocrx_word' id='word_1_35' title='bbox 736 745 1013 827; x_wconf 88' lang='lat' dir='ltr'>postulationibus</span> <span class='ocrx_word' id='word_1_36' title='bbox 1068 744 1223 821; x_wconf 88' lang='lat' dir='ltr'>allegata,</span> <span class='ocrx_word' id='word_1_37' title='bbox 1246 762 1286 807; x_wconf 88' lang='lat' dir='ltr'>ea</span> <span class='ocrx_word' id='word_1_38' title='bbox 1301 747 1452 823; x_wconf 86' lang='lat' dir='ltr'>praedicti</span> <span class='ocrx_word' id='word_1_39' title='bbox 1466 747 1597 825; x_wconf 88' lang='lat' dir='ltr'>judices</span> <span class='ocrx_word' id='word_1_40' title='bbox 1612 748 1788 811; x_wconf 77' lang='lat' dir='ltr'>admittere</span> <span class='ocrx_word' id='word_1_41' title='bbox 1805 766 1873 811; x_wconf 93' lang='lat' dir='ltr'>no-</span> 
     </span>
     <span class='ocr_line' id='line_1_5' title="bbox 215 843 1873 931; baseline -0.004 -17"><span class='ocrx_word' id='word_1_42' title='bbox 215 854 311 931; x_wconf 88' lang='lat' dir='ltr'>grato</span> <span class='ocrx_word' id='word_1_43' title='bbox 346 852 582 914; x_wconf 79' lang='lat' dir='ltr'>concurrentes</span> <span class='ocrx_word' id='word_1_44' title='bbox 621 864 779 919; x_wconf 90' lang='lat' dir='ltr'>assensu,</span> <span class='ocrx_word' id='word_1_45' title='bbox 816 845 1013 909; x_wconf 88' lang='lat' dir='ltr'>anctoritate</span> <span class='ocrx_word' id='word_1_46' title='bbox 1068 843 1212 915; x_wconf 87' lang='lat' dir='ltr'>luerunt,</span> <span class='ocrx_word' id='word_1_47' title='bbox 1236 843 1467 907; x_wconf 82' lang='lat' dir='ltr'>denuntiantes</span> <span class='ocrx_word' id='word_1_48' title='bbox 1489 845 1689 907; x_wconf 84' lang='lat' dir='ltr'>abbatissam</span> <span class='ocrx_word' id='word_1_49' title='bbox 1714 846 1873 908; x_wconf 88' lang='lat' dir='ltr'>eamdem</span> 
     </span>
     <span class='ocr_line' id='line_1_6' title="bbox 214 941 1869 1025; baseline -0.003 -14"><span class='ocrx_word' id='word_1_50' title='bbox 214 950 310 1012; x_wconf 79' lang='lat' dir='ltr'>robis</span> <span class='ocrx_word' id='word_1_51' title='bbox 342 948 557 1025; x_wconf 86' lang='lat' dir='ltr'>praesentium</span> <span class='ocrx_word' id='word_1_52' title='bbox 589 945 810 1022; x_wconf 82' lang='lat' dir='ltr'>indulgemus,</span> <span class='ocrx_word' id='word_1_53' title='bbox 838 944 884 1016; x_wconf 90' lang='lat' dir='ltr'>ut,</span> <span class='ocrx_word' id='word_1_54' title='bbox 912 958 1013 1021; x_wconf 82' lang='lat' dir='ltr'>quum</span> <span class='ocrx_word' id='word_1_55' title='bbox 1068 941 1420 1004; x_wconf 83' lang='lat' dir='ltr'>excommunicationis</span> <span class='ocrx_word' id='word_1_56' title='bbox 1459 943 1633 1005; x_wconf 89' lang='lat' dir='ltr'>sententiae</span> <span class='ocrx_word' id='word_1_57' title='bbox 1668 943 1869 1021; x_wconf 81' lang='lat' dir='ltr'>subjacere3</span> 
     </span>
     <span class='ocr_line' id='line_1_7' title="bbox 216 1038 1872 1125; baseline -0.004 -16"><span class='ocrx_word' id='word_1_58' title='bbox 216 1047 374 1125; x_wconf 88' lang='lat' dir='ltr'>generale</span> <span class='ocrx_word' id='word_1_59' title='bbox 403 1045 616 1108; x_wconf 90' lang='lat' dir='ltr'>interdictum</span> <span class='ocrx_word' id='word_1_60' title='bbox 639 1045 737 1105; x_wconf 89' lang='lat' dir='ltr'>terrae</span> <span class='ocrx_word' id='word_1_61' title='bbox 769 1041 884 1114; x_wconf 84' lang='lat' dir='ltr'>luerit,</span> <span class='ocrx_word' id='word_1_62' title='bbox 914 1040 1014 1102; x_wconf 88' lang='lat' dir='ltr'>liceat</span> <span class='ocrx_word' id='word_1_63' title='bbox 1067 1040 1300 1116; x_wconf 85' lang='lat' dir='ltr'>propterquod</span> <span class='ocrx_word' id='word_1_64' title='bbox 1314 1055 1375 1117; x_wconf 92' lang='lat' dir='ltr'>pro</span> <span class='ocrx_word' id='word_1_65' title='bbox 1387 1038 1598 1117; x_wconf 89' lang='lat' dir='ltr'>parteipsius</span> <span class='ocrx_word' id='word_1_66' title='bbox 1611 1039 1791 1103; x_wconf 85' lang='lat' dir='ltr'>abbatissae</span> <span class='ocrx_word' id='word_1_67' title='bbox 1805 1040 1872 1102; x_wconf 84' lang='lat' dir='ltr'>snit</span> 
     </span>
    </p>
   </div>
   <div class='ocr_carea' id='block_1_3' title="bbox 213 1135 1873 2196">
    <p class='ocr_par' dir='ltr' id='par_1_3' title="bbox 213 1135 1873 2196">
     <span class='ocr_line' id='line_1_8' title="bbox 213 1135 1873 1222; baseline -0.004 -15"><span class='ocrx_word' id='word_1_68' title='bbox 213 1145 320 1218; x_wconf 83' lang='lat' dir='ltr'>robis,</span> <span class='ocrx_word' id='word_1_69' title='bbox 342 1144 466 1206; x_wconf 89' lang='lat' dir='ltr'>clausis</span> <span class='ocrx_word' id='word_1_70' title='bbox 477 1143 602 1222; x_wconf 86' lang='lat' dir='ltr'>januis,</span> <span class='ocrx_word' id='word_1_71' title='bbox 629 1157 696 1203; x_wconf 93' lang='lat' dir='ltr'>non</span> <span class='ocrx_word' id='word_1_72' title='bbox 713 1140 855 1218; x_wconf 88' lang='lat' dir='ltr'>pulsatis</span> <span class='ocrx_word' id='word_1_73' title='bbox 877 1154 1014 1216; x_wconf 87' lang='lat' dir='ltr'>campa·</span> <span class='ocrx_word' id='word_1_74' title='bbox 1067 1135 1110 1197; x_wconf 88' lang='lat' dir='ltr'>ad</span> <span class='ocrx_word' id='word_1_75' title='bbox 1130 1138 1278 1198; x_wconf 88' lang='lat' dir='ltr'>nostram</span> <span class='ocrx_word' id='word_1_76' title='bbox 1294 1137 1497 1200; x_wconf 90' lang='lat' dir='ltr'>audientiam</span> <span class='ocrx_word' id='word_1_77' title='bbox 1512 1138 1725 1215; x_wconf 87' lang='lat' dir='ltr'>appellatum.</span> <span class='ocrx_word' id='word_1_78' title='bbox 1752 1141 1873 1216; x_wconf 83' lang='lat' dir='ltr'>Saepe-</span> 
     </span>
     <span class='ocr_line' id='line_1_9' title="bbox 1067 1232 1870 1314; baseline 0.004 -19"><span class='ocrx_word' id='word_1_79' title='bbox 1067 1232 1154 1296; x_wconf 86' lang='grc'><strong>16166</strong></span> <span class='ocrx_word' id='word_1_80' title='bbox 1176 1250 1257 1296; x_wconf 85' lang='lat' dir='ltr'>vero</span> <span class='ocrx_word' id='word_1_81' title='bbox 1279 1236 1333 1296; x_wconf 89' lang='lat' dir='ltr'>W.</span> <span class='ocrx_word' id='word_1_82' title='bbox 1357 1236 1391 1297; x_wconf 90' lang='grc'>61</span> <span class='ocrx_word' id='word_1_83' title='bbox 1411 1237 1450 1298; x_wconf 88' lang='lat' dir='ltr'>R.</span> <span class='ocrx_word' id='word_1_84' title='bbox 1477 1235 1765 1314; x_wconf 64' lang='lat' dir='ltr'>mammantibus</span> <span class='ocrx_word' id='word_1_85' title='bbox 1781 1241 1870 1314; x_wconf 86' lang='lat' dir='ltr'>ejus,</span> 
     </span>
     <span class='ocr_line' id='line_1_10' title="bbox 1067 1331 1872 1396; baseline 0.004 -3"><span class='ocrx_word' id='word_1_86' title='bbox 1067 1332 1105 1393; x_wconf 87' lang='grc'>61</span> <span class='ocrx_word' id='word_1_87' title='bbox 1123 1331 1324 1395; x_wconf 88' lang='lat' dir='ltr'>abbatissam</span> <span class='ocrx_word' id='word_1_88' title='bbox 1341 1336 1374 1395; x_wconf 93' lang='grc'>61</span> <span class='ocrx_word' id='word_1_89' title='bbox 1388 1333 1550 1395; x_wconf 88' lang='lat' dir='ltr'>moniales</span> <span class='ocrx_word' id='word_1_90' title='bbox 1565 1350 1605 1395; x_wconf 91' lang='lat' dir='ltr'>ac</span> <span class='ocrx_word' id='word_1_91' title='bbox 1620 1334 1771 1396; x_wconf 88' lang='lat' dir='ltr'>subditos</span> <span class='ocrx_word' id='word_1_92' title='bbox 1788 1351 1872 1396; x_wconf 88' lang='lat' dir='ltr'>suos</span> 
     </span>
     <span class='ocr_line' id='line_1_11' title="bbox 1067 1431 1872 1511; baseline 0.001 -19"><span class='ocrx_word' id='word_1_93' title='bbox 1067 1431 1223 1492; x_wconf 81' lang='lat' dir='ltr'>exomni</span> <span class='ocrx_word' id='word_1_94' title='bbox 1256 1433 1350 1508; x_wconf 90' lang='lat' dir='ltr'>parte</span> <span class='ocrx_word' id='word_1_95' title='bbox 1384 1434 1555 1505; x_wconf 84' lang='lat' dir='ltr'>vexarent,</span> <span class='ocrx_word' id='word_1_96' title='bbox 1586 1448 1655 1504; x_wconf 90' lang='lat' dir='ltr'>eas,</span> <span class='ocrx_word' id='word_1_97' title='bbox 1689 1433 1872 1511; x_wconf 87' lang='lat' dir='ltr'>postquam</span> 
     </span>
     <span class='ocr_line' id='line_1_12' title="bbox 1066 1527 1871 1607; baseline 0.004 -17"><span class='ocrx_word' id='word_1_98' title='bbox 1066 1527 1235 1591; x_wconf 89' lang='lat' dir='ltr'>abbatissa</span> <span class='ocrx_word' id='word_1_99' title='bbox 1255 1529 1394 1607; x_wconf 86' lang='lat' dir='ltr'>praelata</span> <span class='ocrx_word' id='word_1_100' title='bbox 1417 1531 1483 1591; x_wconf 88' lang='lat' dir='ltr'>iter</span> <span class='ocrx_word' id='word_1_101' title='bbox 1507 1530 1650 1607; x_wconf 89' lang='lat' dir='ltr'>arripuit</span> <span class='ocrx_word' id='word_1_102' title='bbox 1675 1531 1717 1592; x_wconf 88' lang='lat' dir='ltr'>ad</span> <span class='ocrx_word' id='word_1_103' title='bbox 1745 1531 1871 1593; x_wconf 80' lang='lat' dir='ltr'>sedem</span> 
     </span>
     <span class='ocr_line' id='line_1_13' title="bbox 1065 1627 1871 1706; baseline 0.004 -18"><span class='ocrx_word' id='word_1_104' title='bbox 1065 1627 1288 1704; x_wconf 87' lang='lat' dir='ltr'>Apostolioam</span> <span class='ocrx_word' id='word_1_105' title='bbox 1301 1627 1467 1701; x_wconf 82' lang='lat' dir='ltr'>veniendi,</span> <span class='ocrx_word' id='word_1_106' title='bbox 1484 1628 1527 1689; x_wconf 88' lang='lat' dir='ltr'>ad</span> <span class='ocrx_word' id='word_1_107' title='bbox 1541 1629 1755 1706; x_wconf 84' lang='lat' dir='ltr'>praesentiam</span> <span class='ocrx_word' id='word_1_108' title='bbox 1766 1646 1871 1691; x_wconf 82' lang='lat' dir='ltr'>rene·</span> 
     </span>
     <span class='ocr_line' id='line_1_14' title="bbox 1065 1724 1870 1805; baseline 0.005 -20"><span class='ocrx_word' id='word_1_109' title='bbox 1065 1724 1182 1786; x_wconf 91' lang='lat' dir='ltr'>rabilis</span> <span class='ocrx_word' id='word_1_110' title='bbox 1214 1725 1328 1789; x_wconf 77' lang='lat' dir='ltr'>lbatris</span> <span class='ocrx_word' id='word_1_111' title='bbox 1356 1726 1460 1788; x_wconf 86' lang='lat' dir='ltr'>nostri</span> <span class='ocrx_word' id='word_1_112' title='bbox 1489 1728 1622 1803; x_wconf 85' lang='lat' dir='ltr'>sagien.</span> <span class='ocrx_word' id='word_1_113' title='bbox 1646 1727 1808 1805; x_wconf 87' lang='lat' dir='ltr'>episcopi,</span> <span class='ocrx_word' id='word_1_114' title='bbox 1835 1729 1870 1789; x_wconf 90' lang='grc'>61</span> 
     </span>
     <span class='ocr_line' id='line_1_15' title="bbox 1066 1824 1870 1902; baseline 0.002 -17"><span class='ocrx_word' id='word_1_115' title='bbox 1066 1839 1202 1885; x_wconf 89' lang='lat' dir='ltr'>suorum</span> <span class='ocrx_word' id='word_1_116' title='bbox 1225 1824 1446 1902; x_wconf 89' lang='lat' dir='ltr'>conjudicum,</span> <span class='ocrx_word' id='word_1_117' title='bbox 1466 1824 1563 1885; x_wconf 90' lang='lat' dir='ltr'>citari</span> <span class='ocrx_word' id='word_1_118' title='bbox 1584 1824 1751 1887; x_wconf 86' lang='lat' dir='ltr'>malitiose</span> <span class='ocrx_word' id='word_1_119' title='bbox 1774 1824 1870 1887; x_wconf 87' lang='lat' dir='ltr'>lece—</span> 
     </span>
     <span class='ocr_line' id='line_1_16' title="bbox 1065 1921 1868 2000; baseline 0.001 -17"><span class='ocrx_word' id='word_1_120' title='bbox 1065 1921 1153 1995; x_wconf 89' lang='lat' dir='ltr'>runt,</span> <span class='ocrx_word' id='word_1_121' title='bbox 1190 1922 1386 1984; x_wconf 89' lang='lat' dir='ltr'>auctoritate</span> <span class='ocrx_word' id='word_1_122' title='bbox 1421 1923 1638 2000; x_wconf 86' lang='lat' dir='ltr'>quarumdam</span> <span class='ocrx_word' id='word_1_123' title='bbox 1675 1922 1868 1984; x_wconf 86' lang='lat' dir='ltr'>litterarum</span> 
     </span>
     <span class='ocr_line' id='line_1_17' title="bbox 1065 2020 1869 2099; baseline 0.001 -19"><span class='ocrx_word' id='word_1_124' title='bbox 1065 2035 1147 2097; x_wconf 89' lang='lat' dir='ltr'>quas</span> <span class='ocrx_word' id='word_1_125' title='bbox 1162 2020 1203 2081; x_wconf 90' lang='lat' dir='ltr'>ad</span> <span class='ocrx_word' id='word_1_126' title='bbox 1219 2020 1308 2097; x_wconf 90' lang='lat' dir='ltr'>ipsos</span> <span class='ocrx_word' id='word_1_127' title='bbox 1323 2020 1465 2099; x_wconf 77' lang='lat' dir='ltr'>judices,</span> <span class='ocrx_word' id='word_1_128' title='bbox 1490 2020 1582 2082; x_wconf 92' lang='lat' dir='ltr'>nulla</span> <span class='ocrx_word' id='word_1_129' title='bbox 1604 2021 1644 2082; x_wconf 91' lang='lat' dir='ltr'>de</span> <span class='ocrx_word' id='word_1_130' title='bbox 1663 2022 1783 2098; x_wconf 90' lang='lat' dir='ltr'>primis</span> <span class='ocrx_word' id='word_1_131' title='bbox 1808 2021 1869 2082; x_wconf 90' lang='lat' dir='ltr'>lit-</span> 
     </span>
     <span class='ocr_line' id='line_1_18' title="bbox 1064 2117 1868 2196; baseline 0.004 -18"><span class='ocrx_word' id='word_1_132' title='bbox 1064 2118 1146 2179; x_wconf 90' lang='lat' dir='ltr'>teris</span> <span class='ocrx_word' id='word_1_133' title='bbox 1169 2117 1283 2179; x_wconf 89' lang='lat' dir='ltr'>habita</span> <span class='ocrx_word' id='word_1_134' title='bbox 1310 2118 1491 2191; x_wconf 89' lang='lat' dir='ltr'>mentione,</span> <span class='ocrx_word' id='word_1_135' title='bbox 1518 2134 1537 2179; x_wconf 90' lang='lat' dir='ltr'>a</span> <span class='ocrx_word' id='word_1_136' title='bbox 1562 2118 1646 2180; x_wconf 89' lang='lat' dir='ltr'>Sede</span> <span class='ocrx_word' id='word_1_137' title='bbox 1669 2119 1868 2196; x_wconf 76' lang='lat' dir='ltr'>apostolica</span> 
     </span>
    </p>
   </div>
   <div class='ocr_carea' id='block_1_4' title="bbox 211 1235 1012 2297">
    <p class='ocr_par' dir='ltr' id='par_1_4' title="bbox 214 1235 1010 1419">
     <span class='ocr_line' id='line_1_19' title="bbox 214 1235 1010 1315; baseline -0.011 -10"><span class='ocrx_word' id='word_1_138' title='bbox 214 1244 280 1315; x_wconf 92' lang='lat' dir='ltr'>nis,</span> <span class='ocrx_word' id='word_1_139' title='bbox 297 1242 442 1305; x_wconf 81' lang='lat' dir='ltr'>exclusis</span> <span class='ocrx_word' id='word_1_140' title='bbox 457 1239 753 1303; x_wconf 82' lang='lat' dir='ltr'>excommunicatis</span> <span class='ocrx_word' id='word_1_141' title='bbox 768 1241 802 1301; x_wconf 88' lang='lat' dir='ltr'>et</span> <span class='ocrx_word' id='word_1_142' title='bbox 815 1235 1010 1308; x_wconf 89' lang='lat' dir='ltr'>interdictis,</span> 
     </span>
     <span class='ocr_line' id='line_1_20' title="bbox 217 1335 950 1419; baseline -0.01 -15"><span class='ocrx_word' id='word_1_143' title='bbox 217 1356 396 1419; x_wconf 88' lang='lat' dir='ltr'>suppressa</span> <span class='ocrx_word' id='word_1_144' title='bbox 409 1355 501 1412; x_wconf 81' lang='lat' dir='ltr'>voce,</span> <span class='ocrx_word' id='word_1_145' title='bbox 516 1340 628 1401; x_wconf 78' lang='lat' dir='ltr'>divina</span> <span class='ocrx_word' id='word_1_146' title='bbox 645 1337 756 1399; x_wconf 83' lang='lat' dir='ltr'>oillcia</span> <span class='ocrx_word' id='word_1_147' title='bbox 771 1335 950 1398; x_wconf 89' lang='lat' dir='ltr'>celebrare.</span> 
     </span>
    </p>

    <p class='ocr_par' dir='ltr' id='par_1_5' title="bbox 211 1432 1012 1696">
     <span class='ocr_line' id='line_1_21' title="bbox 254 1432 1012 1513; baseline -0.011 -14"><span class='ocrx_word' id='word_1_148' title='bbox 254 1438 347 1500; x_wconf 92' lang='lat' dir='ltr'>Nulli</span> <span class='ocrx_word' id='word_1_149' title='bbox 367 1452 446 1513; x_wconf 88' lang='lat' dir='ltr'>ergo</span> <span class='ocrx_word' id='word_1_150' title='bbox 462 1436 597 1498; x_wconf 89' lang='lat' dir='ltr'>omnino</span> <span class='ocrx_word' id='word_1_151' title='bbox 616 1435 788 1497; x_wconf 89' lang='lat' dir='ltr'>hominum</span> <span class='ocrx_word' id='word_1_152' title='bbox 809 1433 908 1494; x_wconf 88' lang='grc'><strong>116661</strong></span> <span class='ocrx_word' id='word_1_153' title='bbox 926 1432 1012 1492; x_wconf 90' lang='lat' dir='ltr'>banc</span> 
     </span>
     <span class='ocr_line' id='line_1_22' title="bbox 214 1528 1012 1614; baseline -0.01 -17"><span class='ocrx_word' id='word_1_154' title='bbox 214 1537 372 1614; x_wconf 81' lang='lat' dir='ltr'>paginam</span> <span class='ocrx_word' id='word_1_155' title='bbox 385 1536 506 1596; x_wconf 88' lang='lat' dir='ltr'>nostrae</span> <span class='ocrx_word' id='word_1_156' title='bbox 520 1533 745 1596; x_wconf 90' lang='lat' dir='ltr'>concessionis</span> <span class='ocrx_word' id='word_1_157' title='bbox 756 1530 949 1606; x_wconf 82' lang='lat' dir='ltr'>intringere,</span> <span class='ocrx_word' id='word_1_158' title='bbox 959 1528 1012 1590; x_wconf 86' lang='lat' dir='ltr'>vel</span> 
     </span>
     <span class='ocr_line' id='line_1_23' title="bbox 211 1631 732 1696; baseline -0.008 -1"><span class='ocrx_word' id='word_1_159' title='bbox 211 1635 245 1696; x_wconf 92' lang='lat' dir='ltr'>ei</span> <span class='ocrx_word' id='word_1_160' title='bbox 260 1649 345 1694; x_wconf 88' lang='lat' dir='ltr'>ausu</span> <span class='ocrx_word' id='word_1_161' title='bbox 358 1631 539 1694; x_wconf 89' lang='lat' dir='ltr'>temerario</span> <span class='ocrx_word' id='word_1_162' title='bbox 554 1631 732 1693; x_wconf 87' lang='lat' dir='ltr'>contraire.</span> 
     </span>
    </p>

    <p class='ocr_par' dir='ltr' id='par_1_6' title="bbox 213 1729 1012 2297">
     <span class='ocr_line' id='line_1_24' title="bbox 256 1729 1012 1808; baseline -0.011 -16"><span class='ocrx_word' id='word_1_163' title='bbox 256 1732 292 1792; x_wconf 83' lang='lat' dir='ltr'>Si</span> <span class='ocrx_word' id='word_1_164' title='bbox 311 1731 385 1808; x_wconf 90' lang='lat' dir='ltr'>quis</span> <span class='ocrx_word' id='word_1_165' title='bbox 404 1731 515 1792; x_wconf 88' lang='lat' dir='ltr'>autem</span> <span class='ocrx_word' id='word_1_166' title='bbox 530 1730 593 1790; x_wconf 92' lang='lat' dir='ltr'>hoc</span> <span class='ocrx_word' id='word_1_167' title='bbox 608 1729 772 1790; x_wconf 88' lang='lat' dir='ltr'>attentare</span> <span class='ocrx_word' id='word_1_168' title='bbox 787 1740 1012 1804; x_wconf 88' lang='lat' dir='ltr'>praesumpse-</span> 
     </span>
     <span class='ocr_line' id='line_1_25' title="bbox 213 1822 1012 1918; baseline -0.011 -27"><span class='ocrx_word' id='word_1_169' title='bbox 213 1829 269 1902; x_wconf 90' lang='lat' dir='ltr'>rit,</span> <span class='ocrx_word' id='word_1_170' title='bbox 286 1828 549 1905; x_wconf 83' lang='lat' dir='ltr'>indignationem</span> <span class='ocrx_word' id='word_1_171' title='bbox 562 1824 796 1903; x_wconf 87' lang='lat' dir='ltr'>omnlpotentis</span> <span class='ocrx_word' id='word_1_172' title='bbox 810 1824 870 1884; x_wconf 82' lang='lat' dir='ltr'>liei</span> <span class='ocrx_word' id='word_1_173' title='bbox 885 1822 1012 1918; x_wconf 71' lang='grc'><strong>611666-</strong></span> 
     </span>
     <span class='ocr_line' id='line_1_26' title="bbox 213 1920 1011 1997; baseline -0.011 -8"><span class='ocrx_word' id='word_1_174' title='bbox 213 1928 324 1989; x_wconf 89' lang='lat' dir='ltr'>torum</span> <span class='ocrx_word' id='word_1_175' title='bbox 350 1931 541 1987; x_wconf 88' lang='lat' dir='ltr'>sanctorum</span> <span class='ocrx_word' id='word_1_176' title='bbox 567 1924 657 1987; x_wconf 91' lang='lat' dir='ltr'>Petri</span> <span class='ocrx_word' id='word_1_177' title='bbox 686 1924 719 1984; x_wconf 90' lang='grc'>61</span> <span class='ocrx_word' id='word_1_178' title='bbox 745 1921 842 1983; x_wconf 86' lang='grc' dir='ltr'><strong>Ρ6611</strong></span> <span class='ocrx_word' id='word_1_179' title='bbox 867 1920 1011 1997; x_wconf 85' lang='lat' dir='ltr'>Aposto-</span> 
     </span>
     <span class='ocr_line' id='line_1_27' title="bbox 215 2018 1009 2101; baseline -0.011 -16"><span class='ocrx_word' id='word_1_180' title='bbox 215 2024 323 2085; x_wconf 91' lang='lat' dir='ltr'>lorum</span> <span class='ocrx_word' id='word_1_181' title='bbox 342 2026 425 2101; x_wconf 68' lang='grc'><strong>6166,</strong></span> <span class='ocrx_word' id='word_1_182' title='bbox 447 2037 484 2084; x_wconf 87' lang='grc'>66</span> <span class='ocrx_word' id='word_1_183' title='bbox 504 2021 635 2083; x_wconf 87' lang='lat' dir='ltr'>noverit</span> <span class='ocrx_word' id='word_1_184' title='bbox 654 2022 875 2082; x_wconf 87' lang='lat' dir='ltr'>incursurum.</span> <span class='ocrx_word' id='word_1_185' title='bbox 891 2018 1009 2080; x_wconf 89' lang='lat' dir='ltr'>Datum</span> 
     </span>
     <span class='ocr_line' id='line_1_28' title="bbox 218 2114 1011 2199; baseline -0.011 -13"><span class='ocrx_word' id='word_1_186' title='bbox 218 2122 386 2193; x_wconf 89' lang='lat' dir='ltr'>Laterani,</span> <span class='ocrx_word' id='word_1_187' title='bbox 410 2120 519 2182; x_wconf 90' lang='lat' dir='ltr'>idibus</span> <span class='ocrx_word' id='word_1_188' title='bbox 532 2120 661 2199; x_wconf 87' lang='lat' dir='ltr'>aprilis,</span> <span class='ocrx_word' id='word_1_189' title='bbox 678 2117 890 2197; x_wconf 83' lang='lat' dir='ltr'>pontificatus</span> <span class='ocrx_word' id='word_1_190' title='bbox 904 2114 1011 2178; x_wconf 83' lang='lat' dir='ltr'>nostri</span> 
     </span>
     <span class='ocr_line' id='line_1_29' title="bbox 215 2219 437 2297; baseline -0.014 -14"><span class='ocrx_word' id='word_1_191' title='bbox 215 2235 303 2283; x_wconf 91' lang='lat' dir='ltr'>anno</span> <span class='ocrx_word' id='word_1_192' title='bbox 319 2219 437 2297; x_wconf 90' lang='lat' dir='ltr'>primo.</span> 
     </span>
    </p>
   </div>
   <div class='ocr_carea' id='block_1_5' title="bbox 516 2394 720 2483">
    <p class='ocr_par' dir='ltr' id='par_1_7' title="bbox 516 2394 720 2483">
     <span class='ocr_line' id='line_1_30' title="bbox 516 2394 720 2483; baseline -0.01 -1"><span class='ocrx_word' id='word_1_193' title='bbox 516 2394 720 2483; x_wconf 79' lang='lat' dir='ltr'>CCXCVII</span> 
     </span>
    </p>
   </div>
   <div class='ocr_carea' id='block_1_6' title="bbox 209 2545 1009 2718">
    <p class='ocr_par' dir='ltr' id='par_1_8' title="bbox 209 2545 1009 2718">
     <span class='ocr_line' id='line_1_31' title="bbox 209 2545 1008 2622; baseline -0.008 -12"><span class='ocrx_word' id='word_1_194' title='bbox 209 2549 263 2610; x_wconf 77' lang='lat' dir='ltr'>Ad</span> <span class='ocrx_word' id='word_1_195' title='bbox 275 2547 431 2610; x_wconf 80' lang='lat' dir='ltr'>abbatom</span> <span class='ocrx_word' id='word_1_196' title='bbox 444 2545 478 2607; x_wconf 87' lang='lat' dir='ltr'>ct</span> <span class='ocrx_word' id='word_1_197' title='bbox 488 2549 647 2622; x_wconf 81' lang='lat' dir='ltr'>priorem</span> <span class='ocrx_word' id='word_1_198' title='bbox 667 2548 709 2606; x_wconf 84' lang='lat' dir='ltr'>dc</span> <span class='ocrx_word' id='word_1_199' title='bbox 726 2546 920 2616; x_wconf 75' lang='lat' dir='ltr'>Barooreio</span> <span class='ocrx_word' id='word_1_200' title='bbox 933 2546 1008 2604; x_wconf 86' lang='lat' dir='ltr'>Bo-</span> 
     </span>
     <span class='ocr_line' id='line_1_32' title="bbox 243 2644 1009 2718; baseline -0.005 -12"><span class='ocrx_word' id='word_1_201' title='bbox 243 2647 358 2718; x_wconf 79' lang='lat' dir='ltr'>jocen.</span> <span class='ocrx_word' id='word_1_202' title='bbox 394 2646 551 2706; x_wconf 80' lang='grc'><strong>6116666616</strong></span> <span class='ocrx_word' id='word_1_203' title='bbox 582 2644 616 2705; x_wconf 85' lang='grc'>61</span> <span class='ocrx_word' id='word_1_204' title='bbox 652 2645 692 2704; x_wconf 78' lang='lat' dir='ltr'>R.</span> <span class='ocrx_word' id='word_1_205' title='bbox 728 2644 1009 2705; x_wconf 73' lang='lat' dir='ltr'>archidiaconum</span> 
     </span>
    </p>
   </div>
   <div class='ocr_carea' id='block_1_7' title="bbox 250 2744 488 2816">
    <p class='ocr_par' dir='ltr' id='par_1_9' title="bbox 250 2744 488 2816">
     <span class='ocr_line' id='line_1_33' title="bbox 250 2744 488 2816; baseline -0.008 -12"><span class='ocrx_word' id='word_1_206' title='bbox 250 2744 488 2816; x_wconf 67' lang='lat' dir='ltr'>Bejoccnscm.</span> 
     </span>
    </p>
   </div>
   <div class='ocr_carea' id='block_1_8' title="bbox 241 2871 977 3044">
    <p class='ocr_par' dir='ltr' id='par_1_10' title="bbox 241 2871 977 3044">
     <span class='ocr_line' id='line_1_34' title="bbox 508 2871 713 2944; baseline -0.01 -14"><span class='ocrx_word' id='word_1_207' title='bbox 508 2873 541 2931; x_wconf 82' lang='grc'>13</span> <span class='ocrx_word' id='word_1_208' title='bbox 556 2886 617 2944; x_wconf 90' lang='lat' dir='ltr'>apr.</span> <span class='ocrx_word' id='word_1_209' title='bbox 635 2871 713 2929; x_wconf 78' lang='lat'><strong>1217.</strong></span> 
     </span>
     <span class='ocr_line' id='line_1_35' title="bbox 241 2974 977 3044; baseline -0.003 -16"><span class='ocrx_word' id='word_1_210' title='bbox 241 2977 354 3044; x_wconf 77' lang='lat' dir='ltr'>[liegest.</span> <span class='ocrx_word' id='word_1_211' title='bbox 371 2977 416 3030; x_wconf 92' lang='lat' dir='ltr'>lib.</span> <span class='ocrx_word' id='word_1_212' title='bbox 429 2976 449 3036; x_wconf 93' lang='lat'>1,</span> <span class='ocrx_word' id='word_1_213' title='bbox 461 2976 535 3042; x_wconf 84' lang='lat' dir='ltr'>epist.</span> <span class='ocrx_word' id='word_1_214' title='bbox 549 2977 675 3027; x_wconf 68' lang='grc'><strong>33111166.</strong></span> <span class='ocrx_word' id='word_1_215' title='bbox 691 2977 728 3027; x_wconf 86' lang='lat' dir='ltr'>La</span> <span class='ocrx_word' id='word_1_216' title='bbox 739 2977 818 3027; x_wconf 83' lang='lat' dir='ltr'>Porte</span> <span class='ocrx_word' id='word_1_217' title='bbox 832 2974 867 3027; x_wconf 84' lang='lat' dir='ltr'>du</span> <span class='ocrx_word' id='word_1_218' title='bbox 882 2975 977 3042; x_wconf 79' lang='lat' dir='ltr'>Thali]</span> 
     </span>
    </p>
   </div>
   <div class='ocr_carea' id='block_1_9' title="bbox 209 3108 1008 3717">
    <p class='ocr_par' dir='ltr' id='par_1_11' title="bbox 209 3108 1008 3717">
     <span class='ocr_line' id='line_1_36' title="bbox 209 3108 1008 3183; baseline -0.003 -13"><span class='ocrx_word' id='word_1_219' title='bbox 209 3111 327 3171; x_wconf 75' lang='grc'><strong>11661161</strong></span> <span class='ocrx_word' id='word_1_220' title='bbox 337 3112 392 3180; x_wconf 89' lang='lat' dir='ltr'>eis,</span> <span class='ocrx_word' id='word_1_221' title='bbox 401 3117 433 3168; x_wconf 93' lang='lat' dir='ltr'>ut</span> <span class='ocrx_word' id='word_1_222' title='bbox 443 3116 577 3167; x_wconf 81' lang='lat' dir='ltr'>revocato</span> <span class='ocrx_word' id='word_1_223' title='bbox 587 3109 615 3166; x_wconf 91' lang='lat' dir='ltr'>in</span> <span class='ocrx_word' id='word_1_224' title='bbox 627 3111 749 3178; x_wconf 86' lang='lat' dir='ltr'>irritum,</span> <span class='ocrx_word' id='word_1_225' title='bbox 760 3108 896 3182; x_wconf 83' lang='lat' dir='ltr'>quidquid</span> <span class='ocrx_word' id='word_1_226' title='bbox 907 3109 967 3183; x_wconf 74' lang='lat' dir='ltr'>iam</span> <span class='ocrx_word' id='word_1_227' title='bbox 978 3110 1008 3168; x_wconf 92' lang='lat' dir='ltr'>in</span> 
     </span>
     <span class='ocr_line' id='line_1_37' title="bbox 244 3197 1008 3272; baseline 0 -15"><span class='ocrx_word' id='word_1_228' title='bbox 244 3213 347 3268; x_wconf 89' lang='lat' dir='ltr'>causa,</span> <span class='ocrx_word' id='word_1_229' title='bbox 378 3212 443 3272; x_wconf 77' lang='lat' dir='ltr'>qua</span> <span class='ocrx_word' id='word_1_230' title='bbox 470 3198 544 3255; x_wconf 86' lang='lat' dir='ltr'>inter</span> <span class='ocrx_word' id='word_1_231' title='bbox 576 3197 751 3255; x_wconf 82' lang='lat' dir='ltr'>abbatissam</span> <span class='ocrx_word' id='word_1_232' title='bbox 779 3205 808 3256; x_wconf 91' lang='grc'>61</span> <span class='ocrx_word' id='word_1_233' title='bbox 834 3206 1008 3257; x_wconf 85' lang='lat' dir='ltr'>conventum</span> 
     </span>
     <span class='ocr_line' id='line_1_38' title="bbox 244 3286 1004 3356; baseline 0.004 -13"><span class='ocrx_word' id='word_1_234' title='bbox 244 3286 412 3344; x_wconf 89' lang='lat' dir='ltr'>monasterii</span> <span class='ocrx_word' id='word_1_235' title='bbox 432 3286 558 3356; x_wconf 83' lang='lat' dir='ltr'>villaris,</span> <span class='ocrx_word' id='word_1_236' title='bbox 579 3300 615 3344; x_wconf 84' lang='lat' dir='ltr'>ex</span> <span class='ocrx_word' id='word_1_237' title='bbox 638 3300 710 3356; x_wconf 90' lang='lat' dir='ltr'>una,</span> <span class='ocrx_word' id='word_1_238' title='bbox 732 3294 760 3344; x_wconf 91' lang='lat' dir='ltr'>et</span> <span class='ocrx_word' id='word_1_239' title='bbox 778 3288 825 3346; x_wconf 87' lang='lat' dir='ltr'>W.</span> <span class='ocrx_word' id='word_1_240' title='bbox 853 3286 889 3345; x_wconf 89' lang='lat' dir='ltr'>de</span> <span class='ocrx_word' id='word_1_241' title='bbox 913 3286 1004 3346; x_wconf 87' lang='lat' dir='ltr'>Oche·</span> 
     </span>
     <span class='ocr_line' id='line_1_39' title="bbox 243 3374 1005 3450; baseline 0.003 -19"><span class='ocrx_word' id='word_1_242' title='bbox 243 3374 1005 3450; x_wconf 81' lang='lat' dir='ltr'>villispresbyterumllotbomagens.abaltersparte,</span> 
     </span>
     <span class='ocr_line' id='line_1_40' title="bbox 242 3463 1007 3538; baseline 0 -15"><span class='ocrx_word' id='word_1_243' title='bbox 242 3480 329 3538; x_wconf 90' lang='lat' dir='ltr'>super</span> <span class='ocrx_word' id='word_1_244' title='bbox 356 3464 478 3522; x_wconf 88' lang='lat' dir='ltr'>ecclesia</span> <span class='ocrx_word' id='word_1_245' title='bbox 509 3463 545 3521; x_wconf 86' lang='lat' dir='ltr'>de</span> <span class='ocrx_word' id='word_1_246' title='bbox 572 3463 742 3535; x_wconf 83' lang='lat' dir='ltr'>Ochevillis,</span> <span class='ocrx_word' id='word_1_247' title='bbox 771 3463 878 3522; x_wconf 86' lang='lat' dir='ltr'>iactum</span> <span class='ocrx_word' id='word_1_248' title='bbox 911 3465 1007 3523; x_wconf 85' lang='lat' dir='ltr'>illicite</span> 
     </span>
     <span class='ocr_line' id='line_1_41' title="bbox 242 3550 1006 3627; baseline 0 -16"><span class='ocrx_word' id='word_1_249' title='bbox 242 3553 349 3623; x_wconf 88' lang='lat' dir='ltr'>iuerat,</span> <span class='ocrx_word' id='word_1_250' title='bbox 368 3553 424 3626; x_wconf 90' lang='lat' dir='ltr'>ipsi</span> <span class='ocrx_word' id='word_1_251' title='bbox 449 3550 484 3609; x_wconf 88' lang='lat' dir='ltr'>de</span> <span class='ocrx_word' id='word_1_252' title='bbox 510 3567 586 3610; x_wconf 84' lang='lat' dir='ltr'>noso</span> <span class='ocrx_word' id='word_1_253' title='bbox 610 3552 729 3611; x_wconf 89' lang='lat' dir='ltr'>audiant</span> <span class='ocrx_word' id='word_1_254' title='bbox 746 3568 864 3611; x_wconf 89' lang='lat' dir='ltr'>causam</span> <span class='ocrx_word' id='word_1_255' title='bbox 883 3561 912 3611; x_wconf 89' lang='grc'>61</span> <span class='ocrx_word' id='word_1_256' title='bbox 930 3554 1006 3627; x_wconf 86' lang='lat' dir='ltr'>quod</span> 
     </span>
     <span class='ocr_line' id='line_1_42' title="bbox 239 3640 607 3717; baseline 0 -17"><span class='ocrx_word' id='word_1_257' title='bbox 239 3643 349 3717; x_wconf 82' lang='lat' dir='ltr'>justum</span> <span class='ocrx_word' id='word_1_258' title='bbox 369 3640 452 3711; x_wconf 87' lang='lat' dir='ltr'>leret,</span> <span class='ocrx_word' id='word_1_259' title='bbox 471 3648 607 3700; x_wconf 88' lang='lat' dir='ltr'>statuant.</span> 
     </span>
    </p>
   </div>
   <div class='ocr_carea' id='block_1_10' title="bbox 194 3768 1006 5699">
    <p class='ocr_par' dir='ltr' id='par_1_12' title="bbox 206 3768 1006 4040">
     <span class='ocr_line' id='line_1_43' title="bbox 245 3768 1006 3857; baseline 0 -25"><span class='ocrx_word' id='word_1_260' title='bbox 245 3770 423 3843; x_wconf 85' lang='lat' dir='ltr'>Honorius,</span> <span class='ocrx_word' id='word_1_261' title='bbox 454 3769 690 3857; x_wconf 69' lang='grc'><strong>616.,611166116</strong></span> <span class='ocrx_word' id='word_1_262' title='bbox 724 3768 803 3830; x_wconf 85' lang='lat' dir='ltr'>filiis</span> <span class='ocrx_word' id='word_1_263' title='bbox 831 3768 942 3832; x_wconf 88' lang='lat' dir='ltr'>abbati</span> <span class='ocrx_word' id='word_1_264' title='bbox 972 3778 1006 3832; x_wconf 89' lang='lat' dir='ltr'>et</span> 
     </span>
     <span class='ocr_line' id='line_1_44' title="bbox 207 3867 1002 3947; baseline 0 -18"><span class='ocrx_word' id='word_1_265' title='bbox 207 3868 313 3947; x_wconf 88' lang='lat' dir='ltr'>priori</span> <span class='ocrx_word' id='word_1_266' title='bbox 326 3867 366 3929; x_wconf 92' lang='lat' dir='ltr'>de</span> <span class='ocrx_word' id='word_1_267' title='bbox 377 3867 559 3945; x_wconf 89' lang='lat' dir='ltr'>Barbarejo</span> <span class='ocrx_word' id='word_1_268' title='bbox 575 3870 731 3946; x_wconf 88' lang='lat' dir='ltr'>Bajocen.</span> <span class='ocrx_word' id='word_1_269' title='bbox 745 3867 898 3930; x_wconf 89' lang='lat' dir='ltr'>dioecesis</span> <span class='ocrx_word' id='word_1_270' title='bbox 913 3870 946 3931; x_wconf 87' lang='lat' dir='ltr'>et</span> <span class='ocrx_word' id='word_1_271' title='bbox 963 3871 1002 3930; x_wconf 87' lang='lat' dir='ltr'>R.</span> 
     </span>
     <span class='ocr_line' id='line_1_45' title="bbox 206 3963 612 4040; baseline -0.007 -14"><span class='ocrx_word' id='word_1_272' title='bbox 206 3963 444 4026; x_wconf 84' lang='lat' dir='ltr'>archidiacono</span> <span class='ocrx_word' id='word_1_273' title='bbox 456 3963 612 4040; x_wconf 88' lang='lat' dir='ltr'>Bajocen.</span> 
     </span>
    </p>

    <p class='ocr_par' dir='ltr' id='par_1_13' title="bbox 194 4058 1005 5699">
     <span class='ocr_line' id='line_1_46' title="bbox 243 4058 1005 4123; baseline -0.001 0"><span class='ocrx_word' id='word_1_274' title='bbox 243 4060 379 4123; x_wconf 84' lang='lat' dir='ltr'>Dilectae</span> <span class='ocrx_word' id='word_1_275' title='bbox 398 4060 433 4121; x_wconf 91' lang='lat' dir='ltr'>in</span> <span class='ocrx_word' id='word_1_276' title='bbox 452 4060 583 4121; x_wconf 85' lang='lat' dir='ltr'>Christo</span> <span class='ocrx_word' id='word_1_277' title='bbox 603 4060 681 4121; x_wconf 79' lang='lat' dir='ltr'>filia</span> <span class='ocrx_word' id='word_1_278' title='bbox 696 4060 763 4121; x_wconf 91' lang='lat' dir='ltr'><strong>N...</strong></span> <span class='ocrx_word' id='word_1_279' title='bbox 785 4058 955 4121; x_wconf 89' lang='lat' dir='ltr'>abbatissa</span> <span class='ocrx_word' id='word_1_280' title='bbox 971 4062 1005 4123; x_wconf 92' lang='grc'>61</span> 
     </span>
     <span class='ocr_line' id='line_1_47' title="bbox 207 4155 1003 4219; baseline -0.001 0"><span class='ocrx_word' id='word_1_281' title='bbox 207 4159 390 4219; x_wconf 84' lang='lat' dir='ltr'>conventus</span> <span class='ocrx_word' id='word_1_282' title='bbox 412 4156 609 4218; x_wconf 88' lang='lat' dir='ltr'>monasterii</span> <span class='ocrx_word' id='word_1_283' title='bbox 622 4155 760 4218; x_wconf 84' lang='lat' dir='ltr'>villaris</span> <span class='ocrx_word' id='word_1_284' title='bbox 783 4156 893 4219; x_wconf 88' lang='lat' dir='ltr'>oblata</span> <span class='ocrx_word' id='word_1_285' title='bbox 908 4157 1003 4219; x_wconf 90' lang='lat' dir='ltr'>nobis</span> 
     </span>
     <span class='ocr_line' id='line_1_48' title="bbox 205 4252 1003 4332; baseline 0.003 -17"><span class='ocrx_word' id='word_1_286' title='bbox 205 4253 366 4332; x_wconf 90' lang='lat' dir='ltr'>petitione</span> <span class='ocrx_word' id='word_1_287' title='bbox 393 4254 636 4324; x_wconf 87' lang='lat' dir='ltr'>monstrarunt,</span> <span class='ocrx_word' id='word_1_288' title='bbox 664 4252 750 4331; x_wconf 87' lang='lat' dir='ltr'>quod</span> <span class='ocrx_word' id='word_1_289' title='bbox 781 4259 856 4314; x_wconf 86' lang='lat' dir='ltr'>curn</span> <span class='ocrx_word' id='word_1_290' title='bbox 883 4256 937 4315; x_wconf 90' lang='lat' dir='ltr'>W.</span> <span class='ocrx_word' id='word_1_291' title='bbox 962 4256 1003 4318; x_wconf 92' lang='lat' dir='ltr'>de</span> 
     </span>
     <span class='ocr_line' id='line_1_49' title="bbox 205 4349 1001 4428; baseline 0.003 -16"><span class='ocrx_word' id='word_1_292' title='bbox 205 4349 396 4422; x_wconf 85' lang='lat' dir='ltr'>Ochevillis,</span> <span class='ocrx_word' id='word_1_293' title='bbox 419 4349 592 4428; x_wconf 82' lang='lat' dir='ltr'>presbyter</span> <span class='ocrx_word' id='word_1_294' title='bbox 613 4350 890 4427; x_wconf 85' lang='lat' dir='ltr'>Rothomagensis</span> <span class='ocrx_word' id='word_1_295' title='bbox 913 4351 1001 4414; x_wconf 87' lang='lat' dir='ltr'>dioe-</span> 
     </span>
     <span class='ocr_line' id='line_1_50' title="bbox 203 4447 999 4529; baseline 0.001 -18"><span class='ocrx_word' id='word_1_296' title='bbox 203 4449 305 4521; x_wconf 91' lang='lat' dir='ltr'>cesis,</span> <span class='ocrx_word' id='word_1_297' title='bbox 326 4464 346 4510; x_wconf 90' lang='lat' dir='ltr'>a</span> <span class='ocrx_word' id='word_1_298' title='bbox 369 4447 465 4510; x_wconf 89' lang='lat' dir='ltr'>bonae</span> <span class='ocrx_word' id='word_1_299' title='bbox 488 4449 658 4509; x_wconf 89' lang='lat' dir='ltr'>memoriae</span> <span class='ocrx_word' id='word_1_300' title='bbox 685 4450 876 4512; x_wconf 88' lang='lat' dir='ltr'>Innocentio</span> <span class='ocrx_word' id='word_1_301' title='bbox 903 4467 999 4529; x_wconf 91' lang='lat' dir='ltr'>papa,</span> 
     </span>
     <span class='ocr_line' id='line_1_51' title="bbox 202 4548 1003 4627; baseline 0.002 -17"><span class='ocrx_word' id='word_1_302' title='bbox 202 4548 448 4627; x_wconf 65' lang='lat' dir='ltr'>predecessore</span> <span class='ocrx_word' id='word_1_303' title='bbox 471 4549 596 4620; x_wconf 90' lang='lat' dir='ltr'>nostro,</span> <span class='ocrx_word' id='word_1_304' title='bbox 619 4548 661 4609; x_wconf 90' lang='lat' dir='ltr'>ad</span> <span class='ocrx_word' id='word_1_305' title='bbox 685 4548 910 4611; x_wconf 85' lang='lat' dir='ltr'>venerabilem</span> <span class='ocrx_word' id='word_1_306' title='bbox 931 4550 1003 4612; x_wconf 87' lang='lat' dir='ltr'>ira-</span> 
     </span>
     <span class='ocr_line' id='line_1_52' title="bbox 202 4646 1001 4726; baseline 0.004 -17"><span class='ocrx_word' id='word_1_307' title='bbox 202 4648 287 4710; x_wconf 89' lang='lat' dir='ltr'>trem</span> <span class='ocrx_word' id='word_1_308' title='bbox 316 4646 467 4709; x_wconf 89' lang='lat' dir='ltr'>nostrum</span> <span class='ocrx_word' id='word_1_309' title='bbox 499 4646 723 4711; x_wconf 79' lang='lat' dir='ltr'>constantien.</span> <span class='ocrx_word' id='word_1_310' title='bbox 750 4646 940 4726; x_wconf 90' lang='lat' dir='ltr'>episcopum</span> <span class='ocrx_word' id='word_1_311' title='bbox 968 4652 1001 4712; x_wconf 88' lang='grc'>61</span> 
     </span>
     <span class='ocr_line' id='line_1_53' title="bbox 203 4744 1001 4822; baseline 0.001 -14"><span class='ocrx_word' id='word_1_312' title='bbox 203 4745 395 4822; x_wconf 88' lang='lat' dir='ltr'>conjudices</span> <span class='ocrx_word' id='word_1_313' title='bbox 423 4759 501 4806; x_wconf 87' lang='lat' dir='ltr'>suos</span> <span class='ocrx_word' id='word_1_314' title='bbox 530 4760 631 4822; x_wconf 90' lang='lat' dir='ltr'>super</span> <span class='ocrx_word' id='word_1_315' title='bbox 657 4744 798 4807; x_wconf 88' lang='lat' dir='ltr'>ecclesia</span> <span class='ocrx_word' id='word_1_316' title='bbox 826 4745 1001 4809; x_wconf 75' lang='grc'><strong>61606166-</strong></span> 
     </span>
     <span class='ocr_line' id='line_1_54' title="bbox 201 4843 997 4929; baseline 0.004 -26"><span class='ocrx_word' id='word_1_317' title='bbox 201 4843 292 4905; x_wconf 82' lang='lat' dir='ltr'>villis</span> <span class='ocrx_word' id='word_1_318' title='bbox 316 4843 432 4906; x_wconf 88' lang='lat' dir='ltr'>contra</span> <span class='ocrx_word' id='word_1_319' title='bbox 457 4858 515 4904; x_wconf 88' lang='lat' dir='ltr'>eas</span> <span class='ocrx_word' id='word_1_320' title='bbox 536 4843 756 4929; x_wconf 57' lang='lat' dir='ltr'>apostolicas,</span> <span class='ocrx_word' id='word_1_321' title='bbox 776 4844 904 4906; x_wconf 86' lang='lat' dir='ltr'>litteras</span> <span class='ocrx_word' id='word_1_322' title='bbox 930 4844 997 4906; x_wconf 92' lang='lat' dir='ltr'>lm-</span> 
     </span>
     <span class='ocr_line' id='line_1_55' title="bbox 200 4939 998 5019; baseline 0.003 -19"><span class='ocrx_word' id='word_1_323' title='bbox 200 4939 361 5019; x_wconf 89' lang='lat' dir='ltr'>petravit,</span> <span class='ocrx_word' id='word_1_324' title='bbox 393 4939 495 5001; x_wconf 89' lang='lat' dir='ltr'>iidem</span> <span class='ocrx_word' id='word_1_325' title='bbox 524 4939 656 5017; x_wconf 83' lang='lat' dir='ltr'>judices</span> <span class='ocrx_word' id='word_1_326' title='bbox 693 4955 750 5001; x_wconf 92' lang='grc'>666</span> <span class='ocrx_word' id='word_1_327' title='bbox 785 4940 819 5002; x_wconf 90' lang='grc'>61</span> <span class='ocrx_word' id='word_1_328' title='bbox 850 4940 998 5003; x_wconf 88' lang='lat' dir='ltr'>subditos</span> 
     </span>
     <span class='ocr_line' id='line_1_56' title="bbox 199 5036 996 5114; baseline 0.004 -16"><span class='ocrx_word' id='word_1_329' title='bbox 199 5052 277 5099; x_wconf 89' lang='lat' dir='ltr'>suos</span> <span class='ocrx_word' id='word_1_330' title='bbox 286 5036 483 5098; x_wconf 86' lang='lat' dir='ltr'>auctoritate</span> <span class='ocrx_word' id='word_1_331' title='bbox 492 5036 679 5099; x_wconf 85' lang='lat' dir='ltr'>litterarum</span> <span class='ocrx_word' id='word_1_332' title='bbox 690 5037 839 5114; x_wconf 88' lang='lat' dir='ltr'>ipsarum</span> <span class='ocrx_word' id='word_1_333' title='bbox 848 5038 890 5100; x_wconf 91' lang='lat' dir='ltr'>ad</span> <span class='ocrx_word' id='word_1_334' title='bbox 902 5055 996 5101; x_wconf 91' lang='lat' dir='ltr'>suam</span> 
     </span>
     <span class='ocr_line' id='line_1_57' title="bbox 198 5134 994 5221; baseline 0.001 -25"><span class='ocrx_word' id='word_1_335' title='bbox 198 5134 411 5221; x_wconf 81' lang='lat' dir='ltr'>praesentiam</span> <span class='ocrx_word' id='word_1_336' title='bbox 438 5134 649 5211; x_wconf 86' lang='lat' dir='ltr'>citaverunt;</span> <span class='ocrx_word' id='word_1_337' title='bbox 673 5135 732 5197; x_wconf 89' lang='lat' dir='ltr'>sed</span> <span class='ocrx_word' id='word_1_338' title='bbox 757 5135 865 5198; x_wconf 88' lang='lat' dir='ltr'>dictus</span> <span class='ocrx_word' id='word_1_339' title='bbox 895 5152 994 5215; x_wconf 89' lang='lat' dir='ltr'>pras-</span> 
     </span>
     <span class='ocr_line' id='line_1_58' title="bbox 196 5231 996 5311; baseline 0.005 -18"><span class='ocrx_word' id='word_1_340' title='bbox 196 5232 303 5311; x_wconf 82' lang='lat' dir='ltr'>byter,</span> <span class='ocrx_word' id='word_1_341' title='bbox 320 5233 356 5294; x_wconf 91' lang='lat' dir='ltr'>ut</span> <span class='ocrx_word' id='word_1_342' title='bbox 380 5247 437 5293; x_wconf 89' lang='lat' dir='ltr'>eas</span> <span class='ocrx_word' id='word_1_343' title='bbox 462 5231 569 5309; x_wconf 85' lang='lat' dir='ltr'>magis</span> <span class='ocrx_word' id='word_1_344' title='bbox 584 5231 739 5309; x_wconf 86' lang='lat' dir='ltr'>fatigaret</span> <span class='ocrx_word' id='word_1_345' title='bbox 764 5232 945 5306; x_wconf 91' lang='lat' dir='ltr'>laboribus,</span> <span class='ocrx_word' id='word_1_346' title='bbox 961 5237 996 5297; x_wconf 88' lang='lat' dir='ltr'>et</span> 
     </span>
     <span class='ocr_line' id='line_1_59' title="bbox 195 5329 994 5408; baseline 0.003 -17"><span class='ocrx_word' id='word_1_347' title='bbox 195 5330 362 5406; x_wconf 84' lang='lat' dir='ltr'>expensis,</span> <span class='ocrx_word' id='word_1_348' title='bbox 384 5329 541 5391; x_wconf 87' lang='lat' dir='ltr'>citatione</span> <span class='ocrx_word' id='word_1_349' title='bbox 564 5330 740 5406; x_wconf 88' lang='lat' dir='ltr'>pendente,</span> <span class='ocrx_word' id='word_1_350' title='bbox 757 5330 845 5408; x_wconf 89' lang='lat' dir='ltr'>apud</span> <span class='ocrx_word' id='word_1_351' title='bbox 864 5331 994 5394; x_wconf 79' lang='lat' dir='ltr'>balivos</span> 
     </span>
     <span class='ocr_line' id='line_1_60' title="bbox 197 5427 994 5506; baseline 0.001 -17"><span class='ocrx_word' id='word_1_352' title='bbox 197 5427 343 5504; x_wconf 87' lang='lat' dir='ltr'>Philippi</span> <span class='ocrx_word' id='word_1_353' title='bbox 356 5430 560 5490; x_wconf 84' lang='lat' dir='ltr'>Francorum</span> <span class='ocrx_word' id='word_1_354' title='bbox 575 5427 665 5503; x_wconf 83' lang='lat' dir='ltr'>regis</span> <span class='ocrx_word' id='word_1_355' title='bbox 681 5427 833 5500; x_wconf 90' lang='lat' dir='ltr'>illustris,</span> <span class='ocrx_word' id='word_1_356' title='bbox 851 5429 891 5489; x_wconf 91' lang='lat' dir='ltr'>de</span> <span class='ocrx_word' id='word_1_357' title='bbox 910 5430 994 5506; x_wconf 89' lang='lat' dir='ltr'>ipsis</span> 
     </span>
     <span class='ocr_line' id='line_1_61' title="bbox 196 5525 993 5604; baseline 0.006 -20"><span class='ocrx_word' id='word_1_358' title='bbox 196 5528 229 5585; x_wconf 91' lang='lat' dir='ltr'>et</span> <span class='ocrx_word' id='word_1_359' title='bbox 256 5540 371 5586; x_wconf 89' lang='lat' dir='ltr'>earum</span> <span class='ocrx_word' id='word_1_360' title='bbox 402 5525 558 5597; x_wconf 88' lang='lat' dir='ltr'>subditis,</span> <span class='ocrx_word' id='word_1_361' title='bbox 587 5541 689 5602; x_wconf 87' lang='lat' dir='ltr'>super</span> <span class='ocrx_word' id='word_1_362' title='bbox 716 5525 831 5587; x_wconf 89' lang='lat' dir='ltr'>eodem</span> <span class='ocrx_word' id='word_1_363' title='bbox 859 5527 993 5604; x_wconf 84' lang='lat' dir='ltr'>negotio</span> 
     </span>
     <span class='ocr_line' id='line_1_62' title="bbox 194 5619 992 5699; baseline 0.013 -23"><span class='ocrx_word' id='word_1_364' title='bbox 194 5619 345 5692; x_wconf 87' lang='lat' dir='ltr'>deposuit</span> <span class='ocrx_word' id='word_1_365' title='bbox 368 5623 595 5696; x_wconf 88' lang='lat' dir='ltr'>quaestionem,</span> <span class='ocrx_word' id='word_1_366' title='bbox 616 5638 687 5683; x_wconf 90' lang='lat' dir='ltr'>rem</span> <span class='ocrx_word' id='word_1_367' title='bbox 711 5622 857 5699; x_wconf 88' lang='lat' dir='ltr'>petitam,</span> <span class='ocrx_word' id='word_1_368' title='bbox 875 5623 992 5686; x_wconf 88' lang='lat' dir='ltr'>ordine</span> 
     </span>
    </p>
   </div>
   <div class='ocr_carea' id='block_1_11' title="bbox 1054 2216 1867 2295">
    <p class='ocr_par' dir='ltr' id='par_1_14' title="bbox 1054 2216 1867 2295">
     <span class='ocr_line' id='line_1_63' title="bbox 1054 2216 1867 2295; baseline 0.004 -19"><span class='ocrx_word' id='word_1_369' title='bbox 1054 2216 1304 2293; x_wconf 70' lang='lat' dir='ltr'>impetrarunt,</span> <span class='ocrx_word' id='word_1_370' title='bbox 1322 2217 1556 2294; x_wconf 84' lang='lat' dir='ltr'>propterquod</span> <span class='ocrx_word' id='word_1_371' title='bbox 1571 2217 1739 2295; x_wconf 86' lang='lat' dir='ltr'>propartc</span> <span class='ocrx_word' id='word_1_372' title='bbox 1756 2218 1867 2294; x_wconf 85' lang='lat' dir='ltr'>ipsius</span> 
     </span>
    </p>
   </div>
   <div class='ocr_carea' id='block_1_12' title="bbox 1058 2313 1868 4250">
    <p class='ocr_par' dir='ltr' id='par_1_15' title="bbox 1058 2313 1868 4250">
     <span class='ocr_line' id='line_1_64' title="bbox 1064 2313 1866 2378; baseline 0.002 -4"><span class='ocrx_word' id='word_1_373' title='bbox 1064 2313 1240 2376; x_wconf 89' lang='lat' dir='ltr'>abbatissae</span> <span class='ocrx_word' id='word_1_374' title='bbox 1265 2316 1299 2376; x_wconf 91' lang='grc'>61</span> <span class='ocrx_word' id='word_1_375' title='bbox 1319 2315 1501 2375; x_wconf 86' lang='lat' dir='ltr'>conventus</span> <span class='ocrx_word' id='word_1_376' title='bbox 1522 2330 1561 2375; x_wconf 93' lang='lat' dir='ltr'>ac</span> <span class='ocrx_word' id='word_1_377' title='bbox 1583 2330 1721 2376; x_wconf 89' lang='lat' dir='ltr'>suorum</span> <span class='ocrx_word' id='word_1_378' title='bbox 1735 2315 1801 2378; x_wconf 87' lang='lat' dir='ltr'>luit</span> <span class='ocrx_word' id='word_1_379' title='bbox 1823 2316 1866 2377; x_wconf 90' lang='lat' dir='ltr'>ad</span> 
     </span>
     <span class='ocr_line' id='line_1_65' title="bbox 1063 2412 1867 2489; baseline 0.002 -16"><span class='ocrx_word' id='word_1_380' title='bbox 1063 2414 1210 2474; x_wconf 89' lang='lat' dir='ltr'>nostram</span> <span class='ocrx_word' id='word_1_381' title='bbox 1235 2412 1439 2474; x_wconf 89' lang='lat' dir='ltr'>audientiam</span> <span class='ocrx_word' id='word_1_382' title='bbox 1463 2412 1675 2489; x_wconf 90' lang='lat' dir='ltr'>appellatum.</span> <span class='ocrx_word' id='word_1_383' title='bbox 1704 2413 1867 2476; x_wconf 85' lang='lat' dir='ltr'>Praedicti</span> 
     </span>
     <span class='ocr_line' id='line_1_66' title="bbox 1064 2509 1865 2589; baseline 0.004 -19"><span class='ocrx_word' id='word_1_384' title='bbox 1064 2509 1865 2589; x_wconf 79' lang='lat' dir='ltr'>verojudicessagien.appellationecontempta,</span> 
     </span>
     <span class='ocr_line' id='line_1_67' title="bbox 1063 2607 1867 2682; baseline 0.005 -14"><span class='ocrx_word' id='word_1_385' title='bbox 1063 2607 1098 2668; x_wconf 92' lang='lat' dir='ltr'>in</span> <span class='ocrx_word' id='word_1_386' title='bbox 1117 2623 1232 2669; x_wconf 90' lang='lat' dir='ltr'>omnes</span> <span class='ocrx_word' id='word_1_387' title='bbox 1251 2607 1411 2669; x_wconf 90' lang='lat' dir='ltr'>ecclesias</span> <span class='ocrx_word' id='word_1_388' title='bbox 1432 2607 1608 2670; x_wconf 82' lang='lat' dir='ltr'>abbatissae</span> <span class='ocrx_word' id='word_1_389' title='bbox 1630 2609 1815 2682; x_wconf 91' lang='lat' dir='ltr'>interdicti,</span> <span class='ocrx_word' id='word_1_390' title='bbox 1833 2612 1867 2672; x_wconf 90' lang='lat' dir='ltr'>et</span> 
     </span>
     <span class='ocr_line' id='line_1_68' title="bbox 1062 2706 1865 2770; baseline 0.004 -3"><span class='ocrx_word' id='word_1_391' title='bbox 1062 2706 1098 2767; x_wconf 92' lang='lat' dir='ltr'>in</span> <span class='ocrx_word' id='word_1_392' title='bbox 1117 2706 1265 2768; x_wconf 87' lang='lat' dir='ltr'>eamdem</span> <span class='ocrx_word' id='word_1_393' title='bbox 1289 2706 1322 2767; x_wconf 91' lang='grc'>61</span> <span class='ocrx_word' id='word_1_394' title='bbox 1342 2706 1539 2770; x_wconf 80' lang='lat' dir='ltr'>conventum</span> <span class='ocrx_word' id='word_1_395' title='bbox 1551 2722 1591 2768; x_wconf 88' lang='lat' dir='ltr'>ac</span> <span class='ocrx_word' id='word_1_396' title='bbox 1607 2706 1757 2769; x_wconf 88' lang='lat' dir='ltr'>subditos</span> <span class='ocrx_word' id='word_1_397' title='bbox 1778 2723 1865 2770; x_wconf 86' lang='lat' dir='ltr'>snos</span> 
     </span>
     <span class='ocr_line' id='line_1_69' title="bbox 1063 2803 1868 2882; baseline 0 -16"><span class='ocrx_word' id='word_1_398' title='bbox 1063 2803 1417 2866; x_wconf 84' lang='lat' dir='ltr'>excommunicationis</span> <span class='ocrx_word' id='word_1_399' title='bbox 1452 2804 1633 2866; x_wconf 86' lang='lat' dir='ltr'>sententias</span> <span class='ocrx_word' id='word_1_400' title='bbox 1668 2805 1868 2882; x_wconf 84' lang='lat' dir='ltr'>promulga-</span> 
     </span>
     <span class='ocr_line' id='line_1_70' title="bbox 1063 2901 1867 2980; baseline 0.005 -18"><span class='ocrx_word' id='word_1_401' title='bbox 1063 2902 1151 2963; x_wconf 86' lang='lat' dir='ltr'>runt.</span> <span class='ocrx_word' id='word_1_402' title='bbox 1170 2902 1250 2962; x_wconf 85' lang='lat' dir='ltr'>Cum</span> <span class='ocrx_word' id='word_1_403' title='bbox 1265 2902 1367 2977; x_wconf 89' lang='lat' dir='ltr'>igitur</span> <span class='ocrx_word' id='word_1_404' title='bbox 1383 2901 1440 2980; x_wconf 87' lang='lat' dir='ltr'>qui</span> <span class='ocrx_word' id='word_1_405' title='bbox 1456 2901 1540 2963; x_wconf 88' lang='lat' dir='ltr'>duas</span> <span class='ocrx_word' id='word_1_406' title='bbox 1554 2918 1655 2979; x_wconf 89' lang='lat' dir='ltr'>super</span> <span class='ocrx_word' id='word_1_407' title='bbox 1669 2903 1785 2964; x_wconf 89' lang='lat' dir='ltr'>eodem</span> <span class='ocrx_word' id='word_1_408' title='bbox 1800 2919 1867 2966; x_wconf 88' lang='lat' dir='ltr'>ne-</span> 
     </span>
     <span class='ocr_line' id='line_1_71' title="bbox 1063 2999 1867 3076; baseline 0.002 -15"><span class='ocrx_word' id='word_1_409' title='bbox 1063 2999 1152 3076; x_wconf 89' lang='lat' dir='ltr'>gotio</span> <span class='ocrx_word' id='word_1_410' title='bbox 1186 2999 1315 3062; x_wconf 88' lang='lat' dir='ltr'>litteras</span> <span class='ocrx_word' id='word_1_411' title='bbox 1348 2999 1553 3076; x_wconf 88' lang='lat' dir='ltr'>impetravit,</span> <span class='ocrx_word' id='word_1_412' title='bbox 1591 3016 1707 3062; x_wconf 89' lang='lat' dir='ltr'>carere</span> <span class='ocrx_word' id='word_1_413' title='bbox 1741 2999 1867 3064; x_wconf 86' lang='lat' dir='ltr'>debeat</span> 
     </span>
     <span class='ocr_line' id='line_1_72' title="bbox 1063 3096 1865 3175; baseline 0.002 -17"><span class='ocrx_word' id='word_1_414' title='bbox 1063 3097 1234 3160; x_wconf 91' lang='lat' dir='ltr'>commodo</span> <span class='ocrx_word' id='word_1_415' title='bbox 1267 3096 1450 3175; x_wconf 83' lang='lat' dir='ltr'>utriusque,</span> <span class='ocrx_word' id='word_1_416' title='bbox 1468 3097 1649 3160; x_wconf 89' lang='lat' dir='ltr'>secundum</span> <span class='ocrx_word' id='word_1_417' title='bbox 1678 3099 1865 3160; x_wconf 89' lang='lat' dir='ltr'>canonicas</span> 
     </span>
     <span class='ocr_line' id='line_1_73' title="bbox 1063 3195 1867 3274; baseline 0.004 -19"><span class='ocrx_word' id='word_1_418' title='bbox 1063 3195 1262 3268; x_wconf 90' lang='lat' dir='ltr'>sanctiones,</span> <span class='ocrx_word' id='word_1_419' title='bbox 1282 3195 1474 3258; x_wconf 90' lang='lat' dir='ltr'>discretioni</span> <span class='ocrx_word' id='word_1_420' title='bbox 1495 3196 1615 3258; x_wconf 85' lang='lat' dir='ltr'>vestrae</span> <span class='ocrx_word' id='word_1_421' title='bbox 1636 3198 1867 3274; x_wconf 77' lang='grc'><strong>666666616-</strong></span> 
     </span>
     <span class='ocr_line' id='line_1_74' title="bbox 1062 3293 1867 3372; baseline 0.004 -18"><span class='ocrx_word' id='word_1_422' title='bbox 1062 3293 1126 3355; x_wconf 90' lang='lat' dir='ltr'>lica</span> <span class='ocrx_word' id='word_1_423' title='bbox 1146 3294 1271 3371; x_wconf 86' lang='lat' dir='ltr'>scripta</span> <span class='ocrx_word' id='word_1_424' title='bbox 1294 3293 1499 3366; x_wconf 90' lang='lat' dir='ltr'>mandamus,</span> <span class='ocrx_word' id='word_1_425' title='bbox 1523 3295 1698 3372; x_wconf 84' lang='lat' dir='ltr'>quatenus,</span> <span class='ocrx_word' id='word_1_426' title='bbox 1720 3294 1751 3356; x_wconf 91' lang='lat' dir='ltr'>si</span> <span class='ocrx_word' id='word_1_427' title='bbox 1771 3310 1867 3372; x_wconf 72' lang='grc'><strong>666-</strong></span> 
     </span>
     <span class='ocr_line' id='line_1_75' title="bbox 1062 3390 1863 3468; baseline 0.004 -17"><span class='ocrx_word' id='word_1_428' title='bbox 1062 3390 1172 3452; x_wconf 90' lang='lat' dir='ltr'>missis</span> <span class='ocrx_word' id='word_1_429' title='bbox 1186 3391 1310 3453; x_wconf 83' lang='lat' dir='ltr'>raritas</span> <span class='ocrx_word' id='word_1_430' title='bbox 1325 3391 1538 3468; x_wconf 75' lang='lat' dir='ltr'>samagam,</span> <span class='ocrx_word' id='word_1_431' title='bbox 1554 3394 1710 3454; x_wconf 84' lang='lat' dir='ltr'>revocato</span> <span class='ocrx_word' id='word_1_432' title='bbox 1722 3392 1757 3453; x_wconf 93' lang='lat' dir='ltr'>in</span> <span class='ocrx_word' id='word_1_433' title='bbox 1773 3393 1863 3454; x_wconf 88' lang='lat' dir='ltr'>irri-</span> 
     </span>
     <span class='ocr_line' id='line_1_76' title="bbox 1060 3488 1865 3568; baseline 0.002 -18"><span class='ocrx_word' id='word_1_434' title='bbox 1060 3488 1130 3550; x_wconf 92' lang='lat' dir='ltr'>tum</span> <span class='ocrx_word' id='word_1_435' title='bbox 1176 3489 1333 3568; x_wconf 86' lang='lat' dir='ltr'>quidquid</span> <span class='ocrx_word' id='word_1_436' title='bbox 1378 3490 1575 3551; x_wconf 87' lang='lat' dir='ltr'>auctoritate</span> <span class='ocrx_word' id='word_1_437' title='bbox 1623 3490 1865 3567; x_wconf 78' lang='lat' dir='ltr'>praedictarum</span> 
     </span>
     <span class='ocr_line' id='line_1_77' title="bbox 1060 3586 1862 3662; baseline 0.002 -15"><span class='ocrx_word' id='word_1_438' title='bbox 1060 3586 1247 3648; x_wconf 88' lang='lat' dir='ltr'>litterarum</span> <span class='ocrx_word' id='word_1_439' title='bbox 1274 3587 1400 3649; x_wconf 89' lang='lat' dir='ltr'>temere</span> <span class='ocrx_word' id='word_1_440' title='bbox 1425 3588 1622 3650; x_wconf 84' lang='lat' dir='ltr'>inveneritis</span> <span class='ocrx_word' id='word_1_441' title='bbox 1647 3589 1862 3662; x_wconf 87' lang='lat' dir='ltr'>attentatum,</span> 
     </span>
     <span class='ocr_line' id='line_1_78' title="bbox 1060 3683 1864 3764; baseline 0.001 -18"><span class='ocrx_word' id='word_1_442' title='bbox 1060 3683 1203 3747; x_wconf 90' lang='lat' dir='ltr'>audiatis</span> <span class='ocrx_word' id='word_1_443' title='bbox 1227 3700 1361 3747; x_wconf 88' lang='lat' dir='ltr'>cansam</span> <span class='ocrx_word' id='word_1_444' title='bbox 1384 3686 1417 3747; x_wconf 87' lang='lat' dir='ltr'>et</span> <span class='ocrx_word' id='word_1_445' title='bbox 1437 3685 1523 3763; x_wconf 85' lang='lat' dir='ltr'>quod</span> <span class='ocrx_word' id='word_1_446' title='bbox 1533 3686 1660 3762; x_wconf 88' lang='lat' dir='ltr'>justum</span> <span class='ocrx_word' id='word_1_447' title='bbox 1675 3685 1777 3747; x_wconf 84' lang='lat' dir='ltr'>fuerit</span> <span class='ocrx_word' id='word_1_448' title='bbox 1797 3703 1864 3764; x_wconf 89' lang='lat' dir='ltr'>ap-</span> 
     </span>
     <span class='ocr_line' id='line_1_79' title="bbox 1060 3782 1860 3860; baseline 0.004 -16"><span class='ocrx_word' id='word_1_449' title='bbox 1060 3782 1238 3858; x_wconf 87' lang='lat' dir='ltr'>pellatione</span> <span class='ocrx_word' id='word_1_450' title='bbox 1251 3783 1432 3860; x_wconf 86' lang='lat' dir='ltr'>postposita</span> <span class='ocrx_word' id='word_1_451' title='bbox 1447 3782 1860 3856; x_wconf 60' lang='lat' dir='ltr'>statuattsraeientssetc.</span> 
     </span>
     <span class='ocr_line' id='line_1_80' title="bbox 1059 3879 1861 3959; baseline 0.005 -19"><span class='ocrx_word' id='word_1_452' title='bbox 1059 3880 1207 3958; x_wconf 85' lang='lat' dir='ltr'>alioquin</span> <span class='ocrx_word' id='word_1_453' title='bbox 1231 3881 1362 3957; x_wconf 83' lang='lat' dir='ltr'>partes3</span> <span class='ocrx_word' id='word_1_454' title='bbox 1387 3879 1619 3957; x_wconf 86' lang='lat' dir='ltr'>impetrantem</span> <span class='ocrx_word' id='word_1_455' title='bbox 1640 3881 1675 3942; x_wconf 92' lang='lat' dir='ltr'>in</span> <span class='ocrx_word' id='word_1_456' title='bbox 1700 3884 1861 3959; x_wconf 84' lang='lat' dir='ltr'>expensis</span> 
     </span>
     <span class='ocr_line' id='line_1_81' title="bbox 1058 3977 1858 4054; baseline 0.004 -16"><span class='ocrx_word' id='word_1_457' title='bbox 1058 3977 1216 4054; x_wconf 83' lang='lat' dir='ltr'>legitimis</span> <span class='ocrx_word' id='word_1_458' title='bbox 1232 3977 1500 4040; x_wconf 88' lang='lat' dir='ltr'>condemnantes.</span> <span class='ocrx_word' id='word_1_459' title='bbox 1516 3979 1632 4041; x_wconf 84' lang='lat' dir='ltr'>Testes</span> <span class='ocrx_word' id='word_1_460' title='bbox 1651 3980 1776 4053; x_wconf 90' lang='lat' dir='ltr'>autem,</span> <span class='ocrx_word' id='word_1_461' title='bbox 1792 3982 1858 4043; x_wconf 88' lang='lat' dir='ltr'>etc.</span> 
     </span>
     <span class='ocr_line' id='line_1_82' title="bbox 1058 4075 1861 4156; baseline 0.009 -20"><span class='ocrx_word' id='word_1_462' title='bbox 1058 4076 1177 4136; x_wconf 88' lang='lat' dir='ltr'>Datum</span> <span class='ocrx_word' id='word_1_463' title='bbox 1189 4075 1356 4147; x_wconf 87' lang='lat' dir='ltr'>Laterani,</span> <span class='ocrx_word' id='word_1_464' title='bbox 1370 4075 1479 4137; x_wconf 90' lang='lat' dir='ltr'>idibus</span> <span class='ocrx_word' id='word_1_465' title='bbox 1497 4076 1624 4155; x_wconf 85' lang='lat' dir='ltr'>aprilis,</span> <span class='ocrx_word' id='word_1_466' title='bbox 1642 4077 1861 4156; x_wconf 84' lang='lat' dir='ltr'>pontificatus</span> 
     </span>
     <span class='ocr_line' id='line_1_83' title="bbox 1058 4172 1395 4250; baseline 0.003 -17"><span class='ocrx_word' id='word_1_467' title='bbox 1058 4173 1164 4235; x_wconf 87' lang='lat' dir='ltr'>nostri</span> <span class='ocrx_word' id='word_1_468' title='bbox 1176 4188 1264 4235; x_wconf 90' lang='lat' dir='ltr'>anno</span> <span class='ocrx_word' id='word_1_469' title='bbox 1276 4172 1395 4250; x_wconf 91' lang='lat' dir='ltr'>primo.</span> 
     </span>
    </p>
   </div>
   <div class='ocr_carea' id='block_1_13' title="bbox 1359 4359 1548 4448">
    <p class='ocr_par' dir='ltr' id='par_1_16' title="bbox 1359 4359 1548 4448">
     <span class='ocr_line' id='line_1_84' title="bbox 1359 4359 1548 4448; baseline -0.005 0"><span class='ocrx_word' id='word_1_470' title='bbox 1359 4359 1548 4448; x_wconf 87' lang='lat' dir='ltr'>CCXCIII</span> 
     </span>
    </p>
   </div>
   <div class='ocr_carea' id='block_1_14' title="bbox 1147 4539 1763 4710">
    <p class='ocr_par' dir='ltr' id='par_1_17' title="bbox 1147 4539 1763 4710">
     <span class='ocr_line' id='line_1_85' title="bbox 1147 4539 1763 4616; baseline 0.003 -16"><span class='ocrx_word' id='word_1_471' title='bbox 1147 4539 1201 4600; x_wconf 83' lang='lat' dir='ltr'>Ad</span> <span class='ocrx_word' id='word_1_472' title='bbox 1220 4551 1339 4600; x_wconf 84' lang='lat' dir='ltr'>omncs</span> <span class='ocrx_word' id='word_1_473' title='bbox 1359 4539 1570 4613; x_wconf 76' lang='lat' dir='ltr'>praesentem</span> <span class='ocrx_word' id='word_1_474' title='bbox 1589 4542 1763 4616; x_wconf 81' lang='lat' dir='ltr'>popinam</span> 
     </span>
     <span class='ocr_line' id='line_1_86' title="bbox 1339 4636 1565 4710; baseline 0.013 -14"><span class='ocrx_word' id='word_1_475' title='bbox 1339 4636 1565 4710; x_wconf 79' lang='lat' dir='ltr'>inspecturos.</span> 
     </span>
    </p>
   </div>
   <div class='ocr_carea' id='block_1_15' title="bbox 1084 4784 1819 4960">
    <p class='ocr_par' dir='ltr' id='par_1_18' title="bbox 1084 4784 1819 4960">
     <span class='ocr_line' id='line_1_87' title="bbox 1344 4784 1560 4857; baseline 0 -16"><span class='ocrx_word' id='word_1_476' title='bbox 1344 4784 1378 4841; x_wconf 85' lang='grc'>16</span> <span class='ocrx_word' id='word_1_477' title='bbox 1397 4798 1458 4857; x_wconf 85' lang='lat' dir='ltr'>apr.</span> <span class='ocrx_word' id='word_1_478' title='bbox 1480 4784 1560 4844; x_wconf 79' lang='lat' dir='ltr'>latr.</span> 
     </span>
     <span class='ocr_line' id='line_1_88' title="bbox 1084 4888 1819 4960; baseline 0.007 -19"><span class='ocrx_word' id='word_1_479' title='bbox 1084 4888 1194 4954; x_wconf 78' lang='lat' dir='ltr'>[begeat.</span> <span class='ocrx_word' id='word_1_480' title='bbox 1210 4888 1256 4942; x_wconf 89' lang='lat' dir='ltr'>lib.</span> <span class='ocrx_word' id='word_1_481' title='bbox 1272 4889 1291 4949; x_wconf 92' lang='lat' dir='ltr'>l,</span> <span class='ocrx_word' id='word_1_482' title='bbox 1309 4888 1383 4955; x_wconf 81' lang='lat' dir='ltr'>epist.</span> <span class='ocrx_word' id='word_1_483' title='bbox 1396 4888 1521 4942; x_wconf 64' lang='grc'><strong>3161166.</strong></span> <span class='ocrx_word' id='word_1_484' title='bbox 1534 4891 1571 4943; x_wconf 83' lang='lat' dir='ltr'>Le</span> <span class='ocrx_word' id='word_1_485' title='bbox 1581 4890 1658 4942; x_wconf 83' lang='lat' dir='ltr'>Porta</span> <span class='ocrx_word' id='word_1_486' title='bbox 1671 4889 1709 4943; x_wconf 83' lang='lat' dir='ltr'>du</span> <span class='ocrx_word' id='word_1_487' title='bbox 1721 4893 1819 4960; x_wconf 81' lang='lat' dir='ltr'>l&#39;bsib]</span> 
     </span>
    </p>
   </div>
   <div class='ocr_carea' id='block_1_16' title="bbox 1052 5034 1956 5544">
    <p class='ocr_par' dir='ltr' id='par_1_19' title="bbox 1052 5034 1956 5544">
     <span class='ocr_line' id='line_1_89' title="bbox 1052 5034 1956 5117; baseline 0.008 -17"><span class='ocrx_word' id='word_1_488' title='bbox 1052 5044 1254 5101; x_wconf 86' lang='lat' dir='ltr'>investituram</span> <span class='ocrx_word' id='word_1_489' title='bbox 1272 5041 1413 5100; x_wconf 87' lang='lat' dir='ltr'>bonomm</span> <span class='ocrx_word' id='word_1_490' title='bbox 1431 5057 1464 5100; x_wconf 90' lang='grc'>66</span> <span class='ocrx_word' id='word_1_491' title='bbox 1477 5044 1690 5117; x_wconf 89' lang='lat' dir='ltr'>posscssionum</span> <span class='ocrx_word' id='word_1_492' title='bbox 1711 5046 1857 5106; x_wconf 87' lang='lat' dir='ltr'>Bonilacii</span> <span class='ocrx_word' id='word_1_493' title='bbox 1955 5034 1956 5039; x_wconf 32' lang='lat'>¹</span> 
     </span>
     <span class='ocr_line' id='line_1_90' title="bbox 1088 5131 1851 5208; baseline 0.008 -19"><span class='ocrx_word' id='word_1_494' title='bbox 1088 5146 1104 5189; x_wconf 97' lang='grc'>6</span> <span class='ocrx_word' id='word_1_495' title='bbox 1143 5146 1218 5190; x_wconf 88' lang='lat' dir='ltr'>novo</span> <span class='ocrx_word' id='word_1_496' title='bbox 1256 5131 1571 5205; x_wconf 88' lang='lat' dir='ltr'>Constantinopolitano</span> <span class='ocrx_word' id='word_1_497' title='bbox 1607 5135 1783 5208; x_wconf 87' lang='lat' dir='ltr'>imperatore</span> <span class='ocrx_word' id='word_1_498' title='bbox 1819 5139 1851 5195; x_wconf 87' lang='lat' dir='ltr'>P.</span> 
     </span>
     <span class='ocr_line' id='line_1_91' title="bbox 1086 5210 1955 5296; baseline 0.008 -19"><span class='ocrx_word' id='word_1_499' title='bbox 1086 5221 1191 5277; x_wconf 87' lang='lat' dir='ltr'>comite</span> <span class='ocrx_word' id='word_1_500' title='bbox 1218 5219 1477 5290; x_wconf 83' lang='lat' dir='ltr'>Altissiodiorensl,</span> <span class='ocrx_word' id='word_1_501' title='bbox 1501 5221 1531 5279; x_wconf 92' lang='grc'>16</span> <span class='ocrx_word' id='word_1_502' title='bbox 1560 5223 1683 5296; x_wconf 86' lang='lat' dir='ltr'>gratiam</span> <span class='ocrx_word' id='word_1_503' title='bbox 1714 5224 1855 5283; x_wconf 54' lang='lat' dir='ltr'>villielmi</span> <span class='ocrx_word' id='word_1_504' title='bbox 1954 5210 1955 5277; x_wconf 66' lang='grc'>1</span> 
     </span>
     <span class='ocr_line' id='line_1_92' title="bbox 1086 5307 1855 5378; baseline 0.01 -14"><span class='ocrx_word' id='word_1_505' title='bbox 1086 5307 1280 5378; x_wconf 84' lang='lat' dir='ltr'>marchionis,</span> <span class='ocrx_word' id='word_1_506' title='bbox 1311 5316 1340 5366; x_wconf 90' lang='grc'>61</span> <span class='ocrx_word' id='word_1_507' title='bbox 1372 5311 1509 5367; x_wconf 83' lang='lat' dir='ltr'>Demetrii</span> <span class='ocrx_word' id='word_1_508' title='bbox 1541 5310 1719 5370; x_wconf 83' lang='lat' dir='ltr'>marchionis</span> <span class='ocrx_word' id='word_1_509' title='bbox 1755 5311 1855 5373; x_wconf 75' lang='grc'><strong>1661616</strong></span> 
     </span>
     <span class='ocr_line' id='line_1_93' title="bbox 1085 5395 1954 5474; baseline 0.009 -21"><span class='ocrx_word' id='word_1_510' title='bbox 1085 5399 1163 5469; x_wconf 84' lang='lat' dir='ltr'>regis</span> <span class='ocrx_word' id='word_1_511' title='bbox 1186 5395 1471 5467; x_wconf 81' lang='lat' dir='ltr'>Thessalonicensis,</span> <span class='ocrx_word' id='word_1_512' title='bbox 1508 5400 1665 5473; x_wconf 79' lang='grc'><strong>6666611666</strong></span> <span class='ocrx_word' id='word_1_513' title='bbox 1689 5410 1851 5474; x_wconf 76' lang='lat' dir='ltr'>presente,</span> <span class='ocrx_word' id='word_1_514' title='bbox 1953 5458 1954 5461; x_wconf 74' lang='grc'>,</span> 
     </span>
     <span class='ocr_line' id='line_1_94' title="bbox 1084 5484 1366 5544; baseline 0 -2"><span class='ocrx_word' id='word_1_515' title='bbox 1084 5484 1192 5543; x_wconf 89' lang='lat' dir='ltr'>iactam</span> <span class='ocrx_word' id='word_1_516' title='bbox 1207 5493 1366 5544; x_wconf 85' lang='lat' dir='ltr'>attestatur.</span> 
     </span>
    </p>
   </div>
   <div class='ocr_carea' id='block_1_17' title="bbox 1089 5621 1953 5705">
    <p class='ocr_par' dir='ltr' id='par_1_20' title="bbox 1089 5621 1953 5705">
     <span class='ocr_line' id='line_1_95' title="bbox 1089 5621 1953 5705; baseline 0 -22"><span class='ocrx_word' id='word_1_517' title='bbox 1089 5621 1267 5692; x_wconf 90' lang='lat' dir='ltr'>Honorius,</span> <span class='ocrx_word' id='word_1_518' title='bbox 1292 5622 1367 5694; x_wconf 73' lang='lat' dir='ltr'>etc,</span> <span class='ocrx_word' id='word_1_519' title='bbox 1392 5621 1545 5683; x_wconf 87' lang='lat' dir='ltr'>omnibus</span> <span class='ocrx_word' id='word_1_520' title='bbox 1568 5626 1769 5702; x_wconf 89' lang='lat' dir='ltr'>praesentem</span> <span class='ocrx_word' id='word_1_521' title='bbox 1787 5641 1853 5705; x_wconf 89' lang='lat' dir='ltr'>pa·</span> <span class='ocrx_word' id='word_1_522' title='bbox 1952 5664 1953 5703; x_wconf 49' lang='lat'>4</span> 
     </span>
    </p>
   </div>
   <div class='ocr_carea' id='block_1_18' title="bbox 192 5711 1552 5799">
    <p class='ocr_par' dir='ltr' id='par_1_21' title="bbox 192 5711 1552 5799">
     <span class='ocr_line' id='line_1_96' title="bbox 192 5711 1552 5799; baseline 0.009 -29"><span class='ocrx_word' id='word_1_523' title='bbox 192 5711 372 5786; x_wconf 75' lang='lat' dir='ltr'>judiciario</span> <span class='ocrx_word' id='word_1_524' title='bbox 397 5730 464 5777; x_wconf 89' lang='lat' dir='ltr'>non</span> <span class='ocrx_word' id='word_1_525' title='bbox 492 5720 681 5795; x_wconf 85' lang='lat' dir='ltr'>expectato,</span> <span class='ocrx_word' id='word_1_526' title='bbox 704 5720 868 5782; x_wconf 78' lang='lat' dir='ltr'>violenter</span> <span class='ocrx_word' id='word_1_527' title='bbox 892 5721 991 5783; x_wconf 79' lang='lat' dir='ltr'>insa·</span> <span class='ocrx_word' id='word_1_528' title='bbox 1046 5720 1159 5796; x_wconf 89' lang='lat' dir='ltr'>ginam</span> <span class='ocrx_word' id='word_1_529' title='bbox 1171 5719 1383 5799; x_wconf 88' lang='lat' dir='ltr'>inspecturis,</span> <span class='ocrx_word' id='word_1_530' title='bbox 1400 5720 1552 5783; x_wconf 88' lang='lat' dir='ltr'>salutem.</span> 
     </span>
    </p>
   </div>
   <div class='ocr_carea' id='block_1_19' title="bbox 0 0 1978 6196">
    <p class='ocr_par' dir='ltr' id='par_1_22' title="bbox 0 0 1978 6196">
     <span class='ocr_line' id='line_1_97' title="bbox 0 0 1978 6196; baseline 0 6"><span class='ocrx_word' id='word_1_531' title='bbox 0 0 1978 6196; x_wconf 95' lang='lat' dir='ltr'> </span> 
     </span>
    </p>
   </div>
  </div>
 </body>
</html>
