3900 6202
244 337 304 397 307
861 329 1038 392 HONORII
1060 330 1105 390 ΙΙΙ
1127 329 1274 391 OPERA.
1836 334 1896 396 308

244 494 339 558 tanto
354 493 462 558 studio
477 495 510 559 et
525 491 650 565 labore,
665 489 820 569 passagio
835 489 1039 562 imminente,
1095 487 1348 562 observandam,
1365 490 1398 554 et
1412 490 1468 569 qui
1483 490 1695 568 acquiescere
1707 489 1794 556 forte
1810 510 1895 556 con-
1942 540 1943 547 κ

247 594 343 673 quasi
352 594 489 670 regione
499 590 687 653 albescente
697 590 739 651 ad
750 605 903 661 messem,
919 588 1041 650 astutia
1095 589 1291 660 temnerent,
1306 603 1366 666 per
1378 589 1755 652 excommunicationem
1768 592 1807 652 ln
1820 609 1896 669 per-

246 692 411 754 diabolica
432 690 615 752 retrorsum
636 688 790 751 videatur
811 687 974 759 converti,
999 701 1041 750 ne
1096 702 1206 758 sonas,
1231 687 1264 747 et
1283 685 1497 748 interdictum
1518 689 1554 749 in
1577 688 1686 750 terras
1707 690 1894 752 arctissime
1942 710 1943 713 ¹

246 786 428 850 ascendant
447 788 481 847 ln
500 786 661 863 palmam,
685 786 718 848 et
738 785 897 861 colligant
914 784 1041 846 fructus
1096 785 1307 860 cogerentur,
1334 785 1399 845 nisi
1425 785 1518 847 tanta
1545 788 1635 848 esset
1656 787 1895 866 injuriatorum
1942 796 1943 801 ’

245 889 333 964 eJus3
355 885 507 963 quodque
526 900 586 946 nos
606 885 714 971 magis
733 884 842 945 movet
861 900 900 945 ac
917 881 1039 955 turbat,
1095 882 1316 959 malitiaquod
1328 882 1394 961 ipsi
1405 884 1465 945 tali
1478 900 1545 946 non
1555 884 1806 962 deberentpace
1815 902 1896 962 gau-
1942 912 1943 959 1

245 983 463 1047 ecclesiarum
491 982 621 1061 praelati
644 982 794 1044 ridentes
815 981 879 1043 hoc
903 979 1039 1054 malum,
1096 982 1184 1043 dere.
1201 981 1294 1043 Licet
1305 981 1408 1059 igitur
1422 983 1530 1043 dictus
1545 982 1690 1043 Erardus
1707 1000 1787 1044 curn
1807 1000 1895 1045 com-
1942 966 1943 1007 ³

245 1079 312 1140 non
331 1079 439 1140 solum
459 1095 526 1140 non
541 1078 686 1140 habeant
704 1093 747 1140 ex
768 1077 832 1138 hoc
851 1076 987 1148 luctum,
1009 1077 1042 1138 et
1096 1080 1237 1158 plicibus
1273 1080 1306 1141 et
1337 1079 1583 1158 coadjutoribus
1612 1081 1699 1153 suis,
1738 1081 1830 1143 sicut
1857 1099 1896 1144 ex
1942 1088 1943 1155 t

245 1178 352 1239 eidem
365 1178 462 1256 prout
474 1177 516 1238 ad
526 1193 642 1238 eorum
653 1176 796 1237 odicium
807 1174 960 1253 pertinet,
975 1190 1042 1236 non
1096 1178 1215 1240 litteris
1240 1177 1352 1241 dilecti
1381 1178 1443 1239 filii
1467 1179 1573 1241 nostri
1597 1177 1720 1241 nobilis
1749 1178 1820 1239 viri
1848 1183 1894 1251 0.,

245 1276 566 1352 studeantobriare3
585 1275 817 1338 verumetiam
834 1273 920 1336 sicut
940 1289 1041 1335 acce·
1096 1275 1189 1338 ducis
1211 1277 1424 1352 Burgundios,
1450 1276 1684 1353 crucesignati,
1710 1275 1812 1337 nobis
1839 1277 1891 1338 in·
1942 1278 1943 1353 t

245 1374 365 1452 pimus,
386 1375 520 1452 quidam
542 1390 658 1436 eorum
679 1372 770 1435 tanto
790 1372 877 1434 malo
899 1371 1042 1434 incenti-
1096 1374 1213 1447 notuit,
1228 1375 1353 1436 terram
1368 1376 1497 1437 comitis
1510 1374 1685 1436 memorati
1697 1390 1810 1451 nuper
1819 1375 1896 1436 hos-
1942 1370 1943 1459 ff

244 1489 323 1535 rum
352 1474 460 1550 potius
493 1473 641 1534 tribuant
671 1473 704 1534 et
728 1470 921 1534 fomentum.
956 1469 1040 1531 Olim
1095 1472 1199 1534 tiliter
1212 1472 1354 1545 intrans,
1377 1472 1538 1550 quasdam
1551 1472 1650 1535 villas
1665 1472 1826 1534 incendio
1841 1473 1896 1533 de-
1942 1496 1943 1559 p

244 1586 326 1632 sane
340 1571 447 1633 felicis
457 1570 698 1633 recordatiouis
716 1569 930 1631 Innocentius
942 1583 1038 1645 papa,
1094 1572 1277 1633 vastaverit
1289 1572 1322 1632 et
1333 1571 1536 1633 mercatores
1546 1570 1664 1632 euntes
1673 1570 1715 1630 ad
1726 1570 1893 1631 nundinas
1942 1568 1943 1625 l

243 1669 471 1747 praedecessor
501 1670 623 1742 noster,
646 1670 762 1731 rolens
790 1666 1039 1728 imminentibus
1095 1668 1131 1730 in
1152 1668 1256 1731 strata
1276 1669 1408 1746 publica
1432 1667 1533 1730 fuerit
1552 1668 1776 1745 depraedatus,
1801 1684 1893 1729 eum-
1942 1704 1943 1723 2

243 1767 403 1846 periculis
424 1768 572 1840 obviare,
593 1767 705 1828 audito
727 1765 814 1843 quod
833 1765 978 1826 Erardus
1000 1763 1040 1825 de
1095 1767 1169 1828 dem
1185 1766 1338 1828 comitem
1353 1769 1386 1829 ot
1402 1769 1526 1828 terram
1541 1782 1635 1827 suam
1652 1765 1817 1828 infestare
1831 1782 1892 1827 non
1942 1848 1943 1853 ἵ

244 1867 363 1938 Brena,
387 1867 440 1926 cui
455 1881 515 1943 per
536 1866 659 1927 sanctae
680 1864 849 1925 memoriae
869 1862 1040 1924 albertum
1095 1880 1240 1937 cessans
1258 1881 1446 1943 quanquam
1467 1865 1589 1926 dilecta
1609 1864 1645 1924 in
1662 1864 1799 1926 Christo
1828 1864 1892 1925 iilia

243 1963 559 2041 ierosolymitanum
587 1961 812 2040 patriarcham
848 1959 1040 2022 solemniter
1094 1965 1120 2024 B
1141 1961 1290 2043 (lancha)
1306 1963 1486 2034 comitissa,
1503 1963 1610 2024 mater
1627 1962 1735 2039 ipsius
1752 1962 1890 2033 comitis,

242 2059 368 2123 fecerat
388 2061 558 2133 interdici,
584 2076 626 2121 ne
650 2076 725 2121 cum
744 2058 915 2136 Philippa,
941 2074 1040 2136 quam
1095 2078 1168 2139 quae
1187 2060 1326 2122 ballium
1345 2062 1433 2138 gerit
1449 2063 1613 2139 eJusdem‚
1636 2060 1758 2137 parata
1781 2059 1826 2122 sit
1843 2075 1893 2121 se-
1942 2086 1943 2139 3

243 2173 354 2220 comes
369 2159 534 2236 quondam
549 2159 714 2220 Henricus
732 2158 772 2219 de
792 2157 911 2234 copula
930 2157 1041 2218 inces—
1094 2160 1238 2221 cundum
1250 2158 1466 2237 approbatam
1480 2159 1576 2235 regni
1589 2161 1800 2220 Francorum
1815 2174 1892 2219 con·

241 2254 338 2317 tuosa
362 2258 565 2334 susceperat,
591 2255 790 2318 contrahere
811 2256 1037 2331 praesumeret,
1094 2257 1304 2320 suetudinem
1322 2262 1411 2319 stare
1426 2255 1508 2335 jnri,
1529 2256 1610 2318 dicti
1627 2258 1742 2318 tamen
1763 2256 1892 2318 archie-
1942 2286 1943 2325 ;

243 2369 319 2414 cum
339 2355 425 2415 sicut
445 2355 619 2431 acceperat
634 2353 749 2414 eadem
764 2353 872 2429 ipsum
887 2352 1040 2429 proxima
1094 2355 1220 2433 piscopi
1235 2355 1268 2418 et
1282 2355 1429 2433 episcopi
1444 2355 1512 2416 tam
1528 2354 1729 2432 praeceptum
1745 2353 1892 2433 ejusdem
1942 2346 1943 2409 3

242 2452 542 2527 consanguinitatis
562 2452 652 2512 linea
671 2451 887 2527 contingeret,
912 2450 945 2512 et
967 2449 1039 2528 ipse
1093 2455 1349 2531 praedecessoris
1362 2454 1468 2516 nostri
1479 2455 1512 2515 et
1522 2453 1684 2525 nostrum,
1698 2469 1801 2530 quam
1814 2469 1892 2515 con-
1942 2476 1943 2509 r

241 2549 468 2626 praedecessor
491 2551 604 2611 noster
626 2548 834 2610 mandaverit
857 2549 959 2610 testes
984 2563 1040 2608 ro-
1094 2552 1297 2615 stitutionem
1316 2551 1446 2630 praefati
1466 2550 1606 2612 concilii
1622 2551 1795 2627 generalis
1817 2566 1891 2610 sur·
1942 2572 1943 2619 t

244 2646 310 2724 cipi
333 2663 434 2724 super
457 2647 746 2723 consanguinitate
774 2646 948 2724 praedicta,
975 2661 1038 2707 cu·
1093 2649 1145 2710 dis
1163 2649 1299 2711 auribus
1322 2650 1544 2718 transeuntes,
1565 2664 1633 2709 non
1653 2648 1785 2710 tantum
1800 2646 1891 2726 ’prae-
1942 2662 1943 2721 ξ

242 2744 380 2821 piditate
406 2746 582 2808 ambitiosa
605 2746 748 2807 cecatus
777 2743 927 2807 eamdem
953 2743 1038 2804 Phi·
1093 2747 1173 2810 dicti
1186 2748 1303 2809 Erardi
1317 2748 1350 2809 et
1363 2745 1531 2809 fautorum
1545 2746 1652 2823 ipsius
1666 2745 1888 2807 temeritatem
1942 2732 1943 2809 t

242 2841 366 2920 lippam
395 2844 459 2905 sibi
487 2843 691 2906 clandestine
721 2842 909 2920 copularat,
941 2841 1039 2902 etde
1093 2847 1126 2908 et
1140 2846 1317 2918 malitiam,
1335 2845 1421 2906 sicut
1433 2843 1566 2916 dicitur,
1582 2860 1649 2904 nou
1664 2844 1888 2921 compescunt,

242 2941 392 3017 partibus
415 2943 548 3004 rediens
574 2941 809 3004 transmarinis
836 2940 871 3000 in
898 2955 1038 3015 regnum
1093 2944 1151 3004 sed
1162 2945 1194 3006 et
1206 2944 1341 3021 quidam
1354 2943 1514 3019 ipsorum,
1528 2941 1615 3019 quod
1629 2957 1731 3017 grave
1745 2941 1890 3018 gerimus
1942 2938 1943 3027 l

243 3039 393 3101 Franciae
417 3040 591 3101 festinaret
614 3039 784 3110 accedere,
813 3038 849 3099 ut
875 3038 904 3098 si
927 3037 1039 3113 posset
1093 3043 1125 3103 et
1140 3041 1325 3113 molestum,
1342 3042 1465 3103 omissa
1481 3038 1682 3117 pontificalis
1698 3039 1801 3101 officii
1814 3054 1892 3115 gra-
1942 3050 1943 3105 l

242 3136 387 3199 schisma
407 3141 522 3199 contra
538 3138 693 3199 dilectum
708 3136 814 3196 iillum
826 3134 971 3196 nobilem
981 3135 1037 3195 ui·
1093 3141 1214 3212 vitate,
1237 3139 1445 3201 ambulantes
1467 3137 1651 3199 secundum
1678 3152 1830 3209 carnem,
1859 3138 1892 3198 et

241 3249 316 3294 rum
335 3234 559 3296 Theobaldum
575 3235 763 3311 Campaniae
786 3234 938 3295 comitem
958 3249 1036 3293 sus-
1093 3238 1217 3299 luctum
1240 3238 1372 3299 riarum
1397 3236 1478 3297 Sion
1503 3236 1662 3297 ducentes
1685 3251 1747 3313 pro
1771 3234 1888 3306 nihilo,

242 3330 370 3401 citaret,
384 3349 450 3393 uon
461 3333 568 3394 solum
579 3333 613 3393 in
626 3348 728 3408 grave
738 3330 931 3392 scandalum
941 3331 1038 3407 regni
1093 3336 1200 3397 eidem
1215 3335 1379 3396 auxilium
1388 3333 1539 3395 tribuunt
1553 3333 1587 3395 et
1598 3332 1757 3403 favorem,
1771 3333 1840 3409 qui,
1856 3332 1892 3393 ut

240 3430 401 3507 ejusdem,
417 3447 532 3492 rerum
547 3432 646 3493 etiam
662 3431 697 3491 in
712 3446 814 3507 grave
829 3429 1037 3506 dispendium
1093 3434 1134 3495 de
1156 3434 1325 3512 praedictis
1347 3430 1533 3494 rationibus
1556 3433 1737 3503 taceamus,
1762 3431 1890 3492 ratione

239 3529 351 3589 Terrae
368 3528 770 3605 Sanctae3venerabilibus
786 3527 944 3589 fratribus
959 3542 1038 3587 nos·
1092 3532 1240 3608 homagii
1264 3530 1350 3608 quod
1372 3531 1569 3607 receperunt
1592 3529 1633 3591 ab
1658 3545 1709 3602 eo,
1732 3530 1891 3591 deberent
1942 3578 1943 3617 ,

240 3625 302 3687 tris
317 3627 588 3704 archiepiscopis,
606 3629 639 3690 et
652 3626 818 3704 episcopis
838 3625 933 3701 regni
950 3640 1038 3701 prae-
1091 3630 1243 3691 oumdem
1254 3628 1406 3690 comitem
1419 3627 1605 3689 defensare.
1616 3627 1781 3705 AdJuuxit
1792 3628 1890 3690 etiam
1942 3622 1943 3703 l

239 3722 299 3785 fati
318 3726 516 3802 apostolicis
537 3726 627 3787 dedit
649 3725 770 3786 litteris
789 3725 825 3784 in
849 3723 1034 3800 praeceptis,
1092 3727 1179 3789 idem
1197 3727 1275 3800 dux,
1292 3727 1378 3804 quod
1397 3726 1464 3786 nisi
1483 3725 1563 3787 huic
1579 3725 1694 3787 morbo
1714 3726 1816 3789 citius
1831 3742 1891 3803 ap-
1942 3712 1943 3761 ἕ

239 3821 275 3883 ut
289 3822 412 3885 dictum
426 3824 603 3895 smmum,
624 3826 729 3884 Deum
751 3838 820 3900 prae
841 3821 947 3882 oculis
970 3820 1037 3881 ba·
1091 3825 1234 3902 ponatur
1265 3811 1466 3895 remedium,
1499 3824 1573 3901 plus
1607 3839 1707 3901 quam
1743 3824 1888 3885 creditur

236 3918 362 3994 bentes,
379 3922 509 3983 sublato
522 3920 699 4000 cujuslibet
713 3919 989 3981 contradictionis
1003 3919 1036 3980 et
1091 3926 1203 3985 Terras
1211 3923 1339 3984 Sanctae
1350 3922 1549 3999 impedietur
1558 3937 1750 3995 succursus,
1759 3921 1889 3999 eoquod
1942 3930 1943 3967 ὲ

237 4019 472 4096 appellationis
493 4019 674 4091 obstaculO,
698 4034 758 4094 por
779 4033 955 4078 censuram
975 4032 1035 4078 ec·
1091 4038 1134 4083 ex
1148 4021 1338 4100 hujusmodi
1353 4035 1486 4096 guerra,
1500 4036 1567 4080 non
1582 4020 1689 4097 ipsius
1705 4022 1739 4082 et
1754 4034 1889 4081 suorum

237 4117 457 4180 olesiasticam
484 4117 747 4194 compescerent,
774 4116 802 4175 si
824 4114 909 4176 forte
936 4130 1036 4175 occa·
1091 4120 1267 4192 duntaxat,
1294 4118 1366 4197 qui,
1399 4118 1485 4180 sicut
1506 4118 1641 4191 asserit,
1667 4119 1806 4196 propter
1828 4118 1888 4179 boc

237 4215 330 4276 810110
340 4215 533 4292 praescripta
544 4212 965 4291 praesumerelmalignatit
982 4229 1036 4273 011·
1091 4220 1191 4281 etiam
1211 4219 1252 4279 de
1271 4216 1422 4293 partibus
1442 4216 1677 4277 transmarinis
1698 4216 1827 4278 rediret
1848 4214 1888 4275 ad

233 4314 291 4390 jns
311 4328 372 4373 nos
387 4312 539 4388 vestigiis
554 4311 768 4382 inhaerentes,
787 4326 830 4371 ne
845 4311 1035 4388 huJusmodi
1091 4317 1225 4395 propria
1249 4314 1461 4386 festinanter,
1485 4329 1559 4375 cum
1582 4314 1652 4376 tum
1675 4314 1807 4375 ratione
1828 4313 1888 4375 bo-

238 4410 412 4471 occasione
427 4411 539 4487 posset
549 4409 817 4487 ejusdemTerrae
827 4407 956 4469 Sanctae
971 4408 1036 4469 im·
1090 4415 1186 4476 minii
1203 4430 1268 4491 quo
1287 4414 1375 4474 idem
1397 4426 1507 4473 comes
1527 4410 1592 4472 sibi
1612 4412 1745 4473 tenetur
1769 4410 1889 4474 astric-

236 4508 344 4586 pediri
358 4523 547 4580 succursus,
564 4506 816 4568 contradictum
830 4506 1036 4568 Erardumet
1089 4515 1154 4586 tus,
1169 4514 1240 4576 tum
1261 4511 1394 4588 propter
1408 4510 1635 4587 juramentum
1650 4509 1737 4586 quod
1758 4511 1831 4587 ipse
1848 4508 1888 4570 de

237 4606 386 4668 eamdem
402 4606 590 4684 Philippam
605 4604 752 4682 praefatis
774 4604 1035 4681 archiepiscopis
1089 4611 1148 4673 1110
1155 4609 1304 4689 juvando
1319 4623 1379 4686 pro
1390 4606 1518 4669 viribus
1531 4608 1695 4683 praestitit,
1707 4608 1780 4670 tum
1792 4622 1887 4684 prop-

237 4706 270 4766 et
284 4705 446 4782 episcopis
464 4720 570 4782 nuper
589 4704 792 4780 praeceptum
811 4702 919 4763 simile
934 4718 1034 4763 reco—
1089 4710 1141 4771 ter
1164 4706 1443 4769 necessitudinem
1469 4704 1644 4781 sanguinis
1674 4703 1782 4765 eidem
1805 4704 1887 4763 ulla·

236 4801 1033 4877 limusdirexisse.1ngeneraliquoqueconei-
1089 4809 1185 4870 tenus
1206 4806 1321 4867 deesse
1344 4818 1412 4864 non
1438 4803 1557 4880 possit,
1584 4803 1617 4864 et
1640 4802 1750 4864 dictus
1776 4816 1885 4863 comes

236 4901 293 4973 lio,
326 4901 482 4978 quoniam
509 4900 549 4962 ³11
583 4899 693 4961 crucis
729 4899 898 4974 negOiium
931 4913 1034 4960 exse·
1089 4904 1315 4968 defensionem
1330 4901 1362 4963 et
1376 4900 1541 4962 auxilium
1560 4900 1725 4961 instanter
1740 4899 1885 4978 postulat

237 4999 404 5076 quendum
425 4999 476 5060 est
497 4998 702 5075 permaxime
730 4997 972 5069 necessarium,
998 4997 1035 5058 ut
1089 5004 1130 5066 ah
1151 5002 1278 5073 eodem,
1298 5016 1365 5061 non
1381 4998 1534 5061 executio
1553 4997 1752 5070 retardatur,
1769 5012 1883 5059 rerum

237 5096 404 5174 principes
429 5097 462 5157 et
488 5095 600 5172 populi
623 5094 797 5155 christiani
823 5093 865 5154 ad
891 5094 1034 5155 invicem
1089 5102 1191 5164 etiam
1207 5098 1353 5161 omnium
1369 5096 1532 5159 baronum
1545 5096 1642 5172 regni
1660 5096 1812 5157 Franciae
1828 5094 1884 5172 qui

236 5210 352 5274 pacem
365 5193 551 5265 observent,
567 5192 706 5269 prouida
719 5191 782 5253 fuit
795 5190 1034 5253 deliberatione
1089 5199 1269 5263 affixerunt
1292 5197 1362 5258 suis
1387 5194 1535 5255 humeris
1559 5194 1691 5270 signum
1711 5193 1832 5265 crucis,
1852 5192 1885 5253 et

237 5293 410 5363 statutum,
434 5290 470 5352 ut
493 5290 611 5351 saltem
636 5305 696 5366 per
715 5290 970 5366 quadriennium
998 5290 1034 5350 in
1089 5299 1146 5376 qui
1177 5296 1285 5358 adhue
1318 5295 1351 5355 id
1378 5293 1486 5369 ipsum
1510 5291 1633 5353 habent
1657 5292 1693 5352 in
1715 5290 1883 5369 proposito

132 5459 136 5466 ,
236 5391 306 5453 toto
321 5389 401 5451 orbe
416 5387 599 5450 christiano
619 5403 685 5463 pax
699 5386 902 5462 generaliter
919 5403 1035 5449 serva·
1090 5395 1246 5466 faciendi,
1257 5392 1412 5470 quoniam
1431 5404 1554 5466 guerra
1571 5389 1635 5450 ista
1654 5389 1766 5466 plures
1784 5402 1883 5466 quam

237 5490 344 5560 retur,
370 5488 416 5550 ita
440 5486 526 5565 quod
551 5500 609 5562 per
630 5484 849 5546 ecclesiarum
877 5485 1033 5562 Praelatos
1089 5492 1259 5556 estimetur
1283 5488 1437 5558 involvet,
1446 5487 1479 5548 et
1499 5486 1640 5563 pecunia
1656 5502 1717 5563 pro
1730 5486 1883 5547 votorum

237 5583 464 5646 diSCOI'dassieS
490 5581 728 5644 reducerentur
753 5581 794 5642 ad
819 5581 951 5658 Plenam
973 5597 1035 5658 pa-
1087 5589 1283 5654 executione
1298 5587 1414 5664 parata
1428 5584 1464 5645 in
1477 5583 1720 5661 expugnatione
1733 5582 1879 5644 bostium

239 5693 310 5737 cem
344 5681 401 5741 aut
432 5681 561 5741 firmam
600 5679 751 5757 treugam
793 5678 1033 5742 inviolabiliter
1090 5688 1198 5753 crucis
1220 5684 1342 5748 christi
1363 5681 1577 5745 consumetur
1595 5677 1641 5761 [in
1655 5678 1878 5756 vituperatio-
