3900 6202
848 366 1025 429 HONORII
1046 367 1092 430 111
1114 369 1261 432 OPERA.

536 535 694 623 CXCIII

220 733 273 793 Ad
300 735 496 806 episcopam
518 732 552 793 ct
577 734 745 794 decenam
770 733 804 796 ct
831 735 1018 808 capitutum

501 832 731 906 Engolisrnen.

526 981 540 1038 l
562 978 634 1038 lebr.
650 981 729 1038 litt.

263 1077 382 1142 thegein,
393 1077 465 1136 lib.l,
477 1077 550 1142 epist.
563 1077 617 1127 tlt.
628 1079 686 1128 llss.
701 1079 737 1129 lm
748 1079 823 1130 Porta
837 1078 871 1129 du
885 1078 978 1141 Thalli

224 1221 340 1279 Mandat
349 1228 380 1278 ut
392 1221 423 1279 Ρ.
436 1220 630 1279 Guilloudrum
646 1221 790 1291 clericum,
803 1224 850 1294 qui
862 1222 1019 1281 litterarum

259 1309 354 1368 studio
368 1309 474 1369 diutius
494 1310 638 1368 insudavit
654 1318 683 1368 et
696 1310 876 1369 landabiliter
895 1314 1021 1370 noscitur

259 1398 425 1472 profecisse,
436 1399 466 1457 in
480 1400 651 1457 canonicum
661 1399 810 1473 recipiant.

263 1545 443 1617 Honorius
459 1545 534 1618 etc„
546 1545 730 1608 venerabili
742 1544 838 1607 tratri
852 1546 1019 1625 episcopo,

224 1643 257 1705 et
277 1643 407 1705 dilectis
431 1643 509 1704 tiliis
531 1642 659 1730 decano
681 1643 714 1704 et
734 1642 880 1720 capitulo
907 1647 1020 1720 Engo-

223 1739 354 1802 lismen.

266 1838 335 1899 Etsi
351 1837 490 1915 quilibet
503 1838 641 1916 ascripti
663 1838 792 1901 milltiae
814 1839 962 1902 clericali
982 1839 1022 1902 de

226 1935 349 1996 Christi
363 1935 430 1995 siut
443 1936 642 2012 patrimonio
663 1938 881 2009 sustentandi,
898 1939 946 1998 eis
970 1939 1024 2000 ta-

226 2048 302 2092 men
327 2032 382 2108 qui
403 2031 587 2109 disciplinis
612 2033 811 2095 litteralibus
831 2035 1022 2097 Insistentes

226 2132 410 2191 noscuntur
422 2130 635 2192 laudabiliter
650 2131 841 2208 profecisse,
857 2134 949 2195 tanto
964 2134 1024 2195 de-

226 2225 281 2289 bet
295 2226 336 2288 ab
358 2227 575 2289 ecclesiarum
594 2229 742 2305 praelatis
760 2229 918 2293 libentius
940 2248 1022 2310 pro-

225 2325 349 2397 videri,
368 2325 492 2402 quanto
518 2325 618 2386 iidem
643 2312 702 2403 per
722 2327 786 2389 hoc
809 2330 979 2391 eccclesiis
1003 2346 1022 2391 a

227 2421 346 2500 quibus
358 2421 519 2484 beneficia
535 2422 750 2497 obtinuerint,
767 2426 876 2488 sciunt
890 2429 923 2488 et
940 2444 1022 2505 pos-

226 2522 304 2582 sunt
323 2520 438 2581 utilius
460 2520 639 2581 deservire.
669 2522 747 2583 lude
769 2525 830 2596 est,
852 2525 937 2602 quod
963 2542 1022 2602 pro

227 2616 347 2679 dilecto
361 2618 430 2679 lilio
447 2621 483 2679 Ρ.
498 2618 691 2680 Guilloudro
709 2620 841 2693 clerico,
859 2624 915 2699 qui
937 2623 1024 2685 sicut

226 2714 349 2777 dicitur
364 2716 549 2778 litterarum
572 2717 680 2779 studIo
695 2718 820 2780 diutius
841 2719 1021 2790 insudavit,

227 2813 260 2875 et
275 2813 488 2876 laudabiliter
503 2815 651 2876 noscitur
669 2816 863 2893 profecisse,
886 2820 1024 2880 univer-

226 2910 358 2972 sitatem
373 2914 518 2973 vestram
533 2914 715 2989 rogandam
731 2914 886 2976 duximus
906 2917 938 2978 et
950 2933 1024 2978 mo-

186 3004 189 3009 ’
225 3008 382 3081 nondam,
402 3025 461 3086 per
475 3010 657 3087 apostolica
677 3010 770 3072 vobis
784 3013 906 3090 scripta
922 3030 1020 3075 mau-

225 3105 352 3178 dantes,
368 3108 530 3183 quatenus
540 3106 581 3168 oh
592 3108 813 3170 revereutIam
822 3112 1021 3186 apostolieae

227 3203 322 3264 Sedis
338 3204 370 3265 et
385 3204 544 3275 nostram,
561 3204 670 3281 ipsum
685 3206 948 3269 ecclesiasticum
962 3209 1023 3270 be-

225 3299 381 3361 neficium
398 3317 463 3362 non
479 3300 668 3375 habentem,
687 3303 723 3364 in
737 3303 874 3366 fratrem
889 3307 923 3367 et
936 3323 1020 3368 con-

224 3397 424 3458 canonicum
445 3399 592 3461 vestrum
618 3399 802 3463 liberaliter
826 3403 1019 3478 admittatis,

225 3511 341 3572 preces
366 3498 399 3558 et
420 3497 612 3559 mandatum
638 3500 788 3562 nostrum
816 3501 928 3564 taliter
952 3503 1021 3564 im·

224 3592 357 3670 pleturi,
381 3594 467 3671 quod
495 3595 583 3657 idern
609 3597 797 3659 assecutum
821 3615 858 3661 se
878 3602 1023 3675 gaudeat

225 3690 312 3768 quod
336 3691 488 3766 intendit,
507 3695 540 3755 et
563 3709 625 3755 uos
644 3695 852 3758 devotionern
876 3700 1021 3760 vestram

224 3788 390 3864 possimus
408 3789 445 3850 ln
468 3791 608 3852 Domino
633 3794 876 3856 commendare.
901 3797 1021 3858 Datum

224 3885 397 3960 Laterani,
429 3886 582 3950 kalendis
607 3888 780 3961 februarii,
810 3891 1021 3969 pontificatus

222 3984 330 4045 nostri
344 4000 432 4047 anuo
447 3985 565 4062 primo.

548 4153 701 4243 CXCIV

282 4301 335 4361 Ad
363 4302 628 4377 Leodamantem
657 4304 692 4366 et
729 4307 956 4370 Viennensem

476 4402 761 4476 archiepiscopos.

513 4528 637 4587 lvrlebr.
654 4530 733 4589 1²17.

252 4641 375 4705 [liegest.,
394 4640 439 4693 lib.
450 4642 470 4703 l,
481 4642 556 4709 epist.
568 4645 624 4695 alt.
636 4646 695 4696 llss.
705 4647 741 4697 La
752 4648 828 4700 Porta
840 4649 875 4701 du
884 4650 977 4714 rnen]

219 4801 336 4859 llandet
349 4810 381 4861 ut
400 4803 602 4863 archidiacono
616 4806 812 4880 lugdunensi,
834 4811 882 4882 qui
901 4810 1015 4869 hereti·

252 4903 352 4947 corum
367 4890 459 4950 lueret
473 4892 617 4965 defensor,
641 4896 664 4953 si
679 4912 765 4969 snper
784 4899 951 4957 excessibus
965 4916 1017 4958 uo·

252 4978 332 5034 toriis
347 4993 398 5049 pro
410 4981 513 5053 quibus
535 4982 571 5039 sit
585 4986 891 5043 excommunicationis
902 4988 1017 5045 vinculo

252 5064 406 5124 innodatus
422 5069 574 5127 emendam
585 5073 748 5144 praetiterit
762 5082 972 5147 competentem
988 5085 1017 5135 et

251 5154 607 5227 cautionem,lbanellcium
623 5159 809 5220 absolutiouIs
828 5163 1014 5237 impendent3

253 5243 360 5300 sivero
374 5245 416 5301 sic
429 5243 512 5301 luerit
529 5246 676 5304 induratus
690 5249 766 5320 quod
781 5253 850 5309 nolit
866 5268 951 5325 super
963 5269 1013 5311 ex·

249 5331 379 5390 cassibus
399 5333 461 5391 suis
474 5334 648 5407 Apostolicae
664 5337 746 5395 Sedis
753 5338 930 5413 jussionibus
944 5342 1012 5399 obe·

248 5417 319 5488 dire,
338 5423 618 5481 excommunicatum
632 5425 744 5498 publice
761 5426 867 5486 iaciant
878 5431 1012 5489 nuntiari.

252 5589 431 5662 Honorius,
465 5593 542 5666 eto,
575 5595 823 5658 venerabilibus
853 5598 1013 5664 iratribus

215 5681 408 5754 Lugduneu.
424 5688 457 5749 et
471 5689 632 5753 viennen.
649 5694 922 5774 archiepiscopis.

1788 378 1838 440 am

1108 533 1183 595 Jam
1204 530 1362 593 debuerat
1386 529 1642 593 archidiaconus
1657 532 1711 593 ille
1724 534 1840 611 Lugdu-

1070 644 1160 700 nen,
1181 629 1237 706 qui
1251 645 1311 707 per
1329 628 1559 690 detestabilem
1578 629 1707 690 vivendi
1719 646 1842 695 consue-

1069 726 1218 788 tudinem
1236 727 1398 788 convertit
1421 726 1541 788 villum
1561 727 1595 787 in
1620 728 1774 800 naturam,
1788 730 1841 790 ab·

1067 826 1190 901 jecisse
1209 841 1268 886 cor
1287 824 1465 902 lapideum,
1489 828 1522 886 et
1545 826 1686 886 mentem
1708 841 1843 889 carneam

1071 923 1230 993 induisse,
1251 939 1312 984 nec
1338 939 1373 983 se
1390 924 1439 984 sic
1465 922 1578 985 debuit
1606 923 1640 983 in
1662 923 1839 999 protundum

1071 1021 1263 1097 demergere
1271 1022 1492 1098 peecatorum,
1506 1023 1542 1082 ut
1552 1020 1764 1096 caliginosum
1773 1038 1844 1084 mor·

1072 1119 1115 1180 tis
1135 1118 1283 1180 obtutum
1298 1118 1339 1181 ad
1354 1119 1449 1179 illum
1465 1134 1531 1179 non
1549 1119 1702 1195 erigeret,
1716 1135 1774 1196 quo
1787 1135 1842 1180 res·

1072 1216 1217 1293 piciente
1240 1217 1275 1277 in
1299 1233 1432 1278 amaras
1449 1217 1616 1293 lacrymas
1637 1215 1844 1292 Apostolorum

1074 1315 1227 1391 princeps
1251 1314 1392 1376 effluxit.
1420 1318 1544 1376 Verum
1569 1315 1647 1391 quia
1666 1317 1842 1391 jumentum,

1074 1411 1160 1489 quod
1175 1413 1413 1489 computruerit
1428 1413 1462 1472 in
1478 1414 1626 1474 stercore
1645 1412 1778 1483 suo,'vi1
1795 1428 1847 1473 uu-

1074 1525 1172 1586 quam
1192 1510 1340 1587 pristinae
1366 1509 1571 1572 sinceritatis
1590 1524 1779 1586 recuperare
1798 1526 1846 1586 po-

1074 1608 1153 1669 terit
1165 1608 1352 1680 sanitatem,
1367 1624 1441 1668 cum
1454 1608 1556 1670 etiam
1572 1607 1758 1667 adolescens
1768 1608 1846 1683 juxta

1074 1705 1162 1766 viam
1176 1721 1270 1766 suam
1286 1707 1457 1783 postquam
1474 1704 1657 1766 invaluerit
1669 1720 1726 1781 per
1739 1705 1846 1764 aetatem

1075 1819 1141 1864 non
1169 1803 1303 1864 recedat
1326 1803 1368 1864 ab
1397 1803 1483 1879 ipsa,
1519 1820 1596 1864 cum
1625 1800 1787 1878 desperata
1814 1801 1848 1861 sit

1075 1901 1174 1978 plaga
1202 1905 1275 1978 ejus
1304 1901 1337 1962 et
1363 1900 1562 1961 insanabilis
1590 1900 1732 1961 fractura
1763 1898 1846 1970 illius,

1076 2000 1194 2060 merito
1209 2000 1250 2060 de
1273 1999 1345 2076 ipso
1370 1999 1492 2076 poterit
1511 1998 1695 2068 formidari,
1718 2012 1756 2057 ne
1776 1997 1846 2057 totus

1076 2097 1229 2159 absortus
1254 2113 1315 2174 per
1340 2097 1585 2173 desperationis
1619 2093 1798 2169 voraginem
1820 2093 1847 2153 in

1076 2194 1220 2272 peccatis
1244 2195 1315 2256 suis
1335 2193 1576 2256 miserabiliter
1604 2192 1767 2254 moriatur.
1788 2193 1846 2253 tam

1076 2293 1165 2354 enim
1186 2292 1234 2354 sic
1258 2294 1346 2355 totus
1373 2292 1511 2353 deduxit
1532 2293 1568 2353 in
1592 2292 1717 2361 sitium,
1741 2291 1846 2351 utnon

1075 2390 1240 2465 intelligat
1254 2391 1332 2467 quid
1349 2390 1393 2451 sit
1414 2390 1554 2462 bonum,
1577 2407 1637 2451 nec
1652 2392 1758 2452 credat
1777 2385 1846 2467 quod

1075 2489 1105 2549 is
1120 2487 1176 2565 qui
1189 2488 1288 2549 fluxit
1306 2487 1439 2549 oculum
1460 2489 1524 2549 ista
1542 2490 1735 2560 consideret,
1751 2504 1802 2548 nec
1814 2486 1848 2546 sit

1076 2585 1215 2646 scientia
1230 2585 1265 2646 in
1280 2586 1432 2660 Encelso,
1453 2586 1533 2663 quin
1552 2587 1659 2662 potius
1673 2603 1742 2647 oum
1760 2584 1846 2645 morto

1076 2683 1200 2762 pepigit
1214 2682 1331 2756 loedus,
1357 2687 1391 2744 et
1405 2700 1480 2745 cum
1500 2684 1634 2746 interno
1652 2684 1724 2745 iniit
1741 2682 1847 2760 pactio·

1076 2797 1162 2842 nem.
1194 2781 1286 2842 Licet
1316 2782 1427 2842 autern
1455 2784 1530 2858 ejus
1559 2782 1730 2843 infirmitas
1757 2780 1795 2840 sit
1813 2777 1845 2839 ad

1076 2880 1226 2949 mortem,
1243 2878 1320 2955 quia
1336 2881 1447 2940 tamen
1462 2880 1566 2955 isqui
1582 2880 1750 2942 mortitlcat
1761 2875 1844 2938 etvi-

1076 2976 1197 3048 vificat,
1214 2992 1450 3053 nonnunquam
1473 2976 1610 3039 deducit
1625 2978 1664 3039 ad
1685 2976 1804 3045 interos,
1818 2973 1843 3032 et
1913 2990 1914 3015 1

1074 3075 1213 3145 reducit,
1228 3088 1327 3163 qqum
1350 3073 1389 3134 de
1405 3075 1540 3136 nemine
1564 3073 1791 3152 desperandum
1809 3070 1843 3129 sit

1075 3173 1151 3232 dum
1168 3173 1218 3233 est
1233 3168 1267 3261 in'
1289 3172 1352 3233 hoc
1374 3188 1513 3249 corpore
1529 3174 1736 3243 constitutus,
1759 3182 1845 3247 quau-

1075 3285 1174 3347 quam
1189 3264 1349 3331 hactenus
1365 3270 1544 3331 lenimenta
1559 3287 1632 3332 non
1647 3270 1775 3331 senserit
1787 3279 1844 3326 me-

1075 3367 1205 3439 dicinae,
1223 3368 1254 3429 ei
1268 3369 1378 3428 tamen
1401 3367 1430 3427 si
1455 3367 1572 3429 redire
1595 3368 1744 3438 voluerit,
1766 3364 1844 3425 clau·

1075 3465 1153 3526 dere
1169 3481 1235 3526 non
1247 3465 1342 3526 debet
1355 3464 1518 3541 gremium
1533 3464 1594 3542 pla
1606 3468 1718 3537 mater,
1734 3465 1787 3524 hac
1799 3462 1844 3521 ta·

1075 3578 1150 3624 men
1166 3562 1278 3624 hahita
1297 3563 1551 3640 temperamenti
1571 3564 1710 3635 cautela,
1729 3564 1760 3623 ut
1772 3558 1843 3621 cirea

1075 3661 1183 3737 ipsum
1199 3661 1256 3737 qui
1279 3663 1415 3738 peccata
1435 3677 1497 3722 sua
1512 3660 1603 3725 sicut
1622 3662 1753 3723 Sodoma
1774 3669 1845 3734 pra·

1075 3758 1209 3831 dicavit,
1226 3774 1293 3819 non
1308 3758 1498 3835 negligatur
1510 3761 1692 3821 enormiter
1704 3758 1796 3819 forma
1803 3755 1844 3830 ju·

1074 3855 1138 3927 ris,
1153 3855 1336 3933 praesertim
1353 3872 1426 3917 cnm
1442 3856 1471 3916 si
1486 3872 1604 3918 verum
1618 3853 1758 3933 estquod
1773 3864 1844 3912 asse·

1073 3953 1170 4026 ritur,
1188 3968 1264 4014 eum
1279 3955 1354 4030 post
1367 3953 1608 4030 depositionem
1621 3954 1719 4014 fuisse
1732 3964 1784 4029 per
1793 3946 1843 4008 dis·

1073 4050 1279 4127 pausationis
1295 4050 1600 4127 sedisapostolicae
1612 4051 1843 4122 restitutumper

1073 4146 1323 4223 ingratitudinis
1337 4147 1455 4209 vitIum
1468 4148 1572 4210 totius
1588 4149 1721 4210 offensa
1742 4142 1844 4222 prate-

1072 4243 1146 4306 ritae
1169 4259 1205 4305 se
1220 4244 1430 4306 constituerit
1444 4243 1638 4307 debitorem.
1659 4243 1737 4306 Illud
1751 4240 1842 4302 antem

1072 4358 1133 4404 uos
1157 4341 1335 4418 plurimum
1354 4345 1474 4414 movet,
1498 4343 1585 4419 quod
1605 4343 1721 4421 preter
1736 4339 1843 4415 depra-

1072 4438 1233 4509 dationes,
1258 4438 1407 4515 rapinas,
1423 4441 1458 4501 et
1471 4455 1628 4502 excessus
1648 4439 1728 4500 alios
1750 4429 1841 4495 mani-

977 4522 986 4539 “
1071 4535 1174 4597 festos
1195 4534 1229 4596 in
1249 4535 1368 4613 quibus
1390 4552 1452 4597 nee
1471 4536 1669 4599 inliciatieni
1687 4536 1770 4596 locus
1790 4527 1839 4596 est,

1071 4649 1133 4694 nec
1156 4649 1199 4694 ex
1217 4633 1492 4709 tergiversatione
1511 4636 1601 4711 patet
1622 4634 1726 4695 aditus
1744 4641 1838 4706 quaes·

1070 4731 1165 4799 tioni,
1183 4730 1287 4792 lactus
1302 4732 1353 4791 est
1365 4730 1597 4793 haereticorum
1607 4730 1698 4810 quasi
1711 4725 1839 4806 publicus

1071 4827 1270 4898 defensator,
1287 4828 1364 4887 dum
1381 4829 1495 4889 contra
1511 4829 1665 4891 dilectum
1679 4826 1774 4887 filium
1791 4833 1841 4880 no-

1069 4924 1170 4985 bilem
1185 4926 1295 4986 virum
1309 4927 1342 4984 S.
1359 4926 1512 4987 comitem
1527 4924 1738 4987 Montisiortis
1749 4916 1840 4980 deleu-

1070 5038 1179 5083 sorem
1194 5022 1271 5083 tidei
1293 5021 1485 5084 christianae
1507 5023 1619 5085 hostili
1634 5021 1757 5083 feritate
1771 5027 1839 5092 pro·

1069 5120 1180 5192 cessit,
1211 5118 1294 5180 nihil
1323 5121 1481 5197 reputans
1514 5136 1550 5182 se
1584 5119 1701 5181 secisse
1728 5112 1785 5176 nisi
1809 5122 1839 5167 se

1069 5216 1264 5295 partIcipem
1290 5216 1437 5277 omnium
1463 5217 1620 5278 vitiorum
1648 5202 1839 5276 constitueret

1068 5315 1167 5377 etiam
1184 5331 1277 5375 reum
1293 5314 1458 5375 haereticae
1469 5313 1652 5391 pravitatis.
1668 5315 1743 5373 Ciam
1755 5305 1839 5381 igitur

1067 5411 1154 5473 idem
1170 5427 1189 5472 a
1203 5413 1247 5483 te,
1264 5410 1368 5474 frater
1380 5411 1573 5487 Lugdunen,
1589 5426 1705 5474 munus
1719 5400 1837 5466 absolu-

1066 5508 1168 5570 tionis
1191 5510 1282 5585 petat
1296 5509 1470 5580 instanter,
1491 5508 1577 5571 sicut
1590 5504 1739 5571 exhibita
1756 5494 1836 5559 nobis

1066 5607 1132 5667 tuae
1165 5606 1284 5668 litterae
1319 5604 1543 5679 continebant,
1580 5623 1618 5669 ae
1656 5604 1690 5664 tu
1721 5594 1837 5677 propter

1067 5703 1225 5781 quasdam
1243 5718 1361 5764 causas
1381 5702 1598 5766 rationabiles
1612 5702 1644 5764 in
1665 5694 1774 5759 litteris
1789 5690 1834 5766 ip-
