3968 6204
205 316 267 381 115
669 317 848 382 HONORII
867 316 914 377 ltl
935 315 1084 378 OPERA.
1101 345 1139 363 -
1155 314 1389 384 SERMONES.
1793 328 1855 393 116

203 476 310 540 nutrit
331 475 511 551 flammam,
528 478 724 555 supernatat
738 475 870 540 caeteris
891 476 1002 554 liquo-
1055 476 1657 558 meotum,quand0dcclarerittldem
1666 485 1856 560 Trinitatis,

203 574 307 639 ribus.
333 575 450 637 Oleum
475 576 565 638 enim
590 591 712 652 graece,
737 574 840 639 latine
867 575 1002 639 miseri·
1055 577 1202 656 smequa
1212 578 1428 643 omnishomo
1439 580 1628 644 inconditus
1638 586 1856 663 estetpecus.

202 673 316 735 cordia
345 676 564 751 nuncupatur.
596 674 726 737 Oleum·
746 674 846 737 sanat
861 672 1000 739 vulnera
1056 674 1341 739 Undellominus:
1361 680 1519 741 Vosestr's
1531 686 1583 743 sat
1598 680 1706 743 terrra
1721 682 1856 761 (maun.

201 772 362 848 corporis,
380 772 427 832 ita
441 773 474 833 ct
494 769 725 837 misericordia
746 775 842 835 sanat
860 771 999 835 uulnera
1054 789 1086 846 v,
1107 772 1170 852 13).
1185 775 1345 837 Praestitit
1358 777 1559 850 unctionem,
1574 779 1706 856 quando
1722 798 1781 859 par
1793 783 1860 844 im-

202 869 334 941 mentis,
355 869 433 946 quia
452 884 512 946 per
531 869 793 933 misericordiam
809 869 867 933 Dei
890 873 1000 947 Apus·
1056 871 1252 947 positionem
1273 891 1390 937 manus
1413 876 1646 953 Apostolorum
1669 878 1859 943 donabatur

202 966 289 1028 tolus
305 965 481 1028 mundatus
496 970 581 1031 esta
600 968 746 1045 peccatis
761 968 951 1046 praeteritis,
968 970 1002 1030 et
1056 970 1200 1046 Spiritus
1217 975 1370 1047 Sanctus,
1386 974 1473 1037 siam
1486 975 1646 1053 seriptum
1668 979 1719 1038 est
1736 977 1771 1038 in
1789 983 1859 1041 ltc-

202 1063 386 1126 custoditus
401 1066 452 1128 est
465 1082 485 1126 a
496 1066 628 1129 tuturis.
646 1066 739 1129 Unde
751 1067 824 1144 ipse
840 1083 847 1122 τ
863 1070 1001 1131 Miseri·
1054 1067 1147 1132 tibus
1159 1072 1392 1149 Apostolorum
1408 1077 1518 1136 :Cum
1539 1078 1759 1151 imposuisset
1782 1081 1860 1140 dis-

201 1165 358 1224 cordiam
386 1165 588 1227 consecutus
608 1180 705 1237 sura,
729 1169 811 1240 guia
833 1169 1005 1242 muudus·
1054 1173 1175 1247 crpus
1186 1176 1464 1245 annueramus,
1481 1174 1576 1235 verret
1589 1174 1743 1251 Spiritus
1751 1178 1859 1237 Sarm-

201 1263 278 1336 sect,
297 1262 338 1325 tu
351 1263 601 1327 incredulitate.
617 1264 917 1338 supernumerari
930 1278 998 1324 au·
1055 1269 1111 1331 tus
1132 1284 1240 1345 super
1260 1284 1318 1331 eos
1345 1267 1430 1347 (Act.
1455 1286 1526 1344 mn,
1547 1269 1594 1352 6).
1616 1273 1722 1334 Erant
1742 1274 1859 1337 autem

202 1360 273 1421 tem
304 1361 421 1437 gratie
450 1364 590 1423 Domini
622 1361 738 1423 uostrt
763 1363 849 1425 Jesu
872 1360 1000 1424 tiarati
1054 1367 1230 1430 duodecim
1254 1367 1411 1446 discipuli
1429 1369 1581 1431 loannis.
1610 1370 1650 1431 st
1668 1370 1756 1432 sicut
1779 1371 1859 1434 oleo

202 1462 233 1545 (1
242 1466 325 1528 Tim.
340 1482 363 1539 l,
374 1465 439 1549 14).
454 1466 700 1531 ΒοΙΙοοοΙοοίιι
710 1467 795 1530 libro
807 1466 999 1544 Regumdi-
1054 1465 1183 1529 risibili
1195 1465 1366 1543 unguntur
1379 1466 1476 1528 modo
1491 1468 1691 1540 sacerdotes,
1708 1468 1756 1531 ita
1773 1486 1859 1547 gra·

202 1564 305 1638 citur:
321 1566 422 1627 Dicit
434 1568 593 1629 viduaad
607 1569 763 1629 Ettseum
776 1582 787 1625 :
801 1569 881 1629 Non
893 1570 1000 1629 debeo
1056 1564 1101 1628 tia
1112 1564 1279 1643 spirituali
1288 1564 1491 1627 intrinsecus
1501 1564 1711 1639 roborantur,
1723 1568 1859 1645 quando

201 1667 313 1725 oleum
326 1666 395 1727 atsi
404 1680 534 1739 parurn
550 1668 589 1725 tu
601 1666 731 1740 martio
746 1661 807 1744 (ΙΙΙ
817 1667 898 1741 Reg.
914 1680 998 1737 xro,
1055 1678 1174 1727 manus
1188 1662 1239 1724 eis
1249 1663 1466 1741 imponuntur
1478 1679 1500 1725 a
1511 1663 1735 1741 pontificibus.
1753 1666 1859 1727 Simi-

202 1759 253 1841 12)
266 1760 361 1833 idest,
378 1777 496 1839 parum
510 1762 798 1825 misericordiaein
813 1763 997 1824 cordesuo.
1054 1760 1131 1823 liter
1159 1760 1196 1823 et
1220 1761 1256 1822 in
1284 1760 1495 1833 Christianis,
1526 1763 1658 1839 quando
1685 1764 1858 1839 unguntm·

200 1860 240 1922 nt
249 1858 420 1921 benedixit
428 1876 546 1937 parum
556 1861 633 1933 olei,
645 1862 724 1939 quia
734 1861 844 1924 omnis
853 1860 998 1923 humana
1054 1858 1251 1935 chrismate3
1265 1860 1298 1921 et
1310 1859 1346 1920 io
1361 1859 1514 1933 infirmis,
1534 1860 1667 1938 quando
1683 1862 1857 1937 unguntur

200 1957 431 2023 misericordia
455 1974 556 2034 parva
583 1961 643 2023 est.
673 1960 766 2021 Unde
789 1960 825 2021 in
842 1960 998 2023 Psalmo:
1054 1957 1089 2018 in
1104 1957 1276 2019 exuemis.

199 2058 442 2117 Misericordia
460 2060 599 2119 Domine·
614 2062 718 2133 pauo
739 2058 792 2119 est
810 2058 909 2121 terre
928 2056 998 2135 (Ps.
1095 2055 1255 2119 Praestitit
1278 2055 1443 2128 decorem,
1467 2055 1598 2133 quando
1624 2056 1769 2119 erudivit
1791 2073 1856 2119 uos

199 2155 251 2226 33,
268 2152 313 2233 5),
341 2153 374 2215 et
398 2154 525 2217 David:
545 2158 652 2227 Sana,
673 2158 820 2218 Domine
843 2159 1000 2217 animaru
1054 2152 1279 2232 perexempla
1293 2153 1390 2215 bonae
1404 2153 1745 2232 ritaeadaequitatem.
1758 2155 1856 2218 Unde

198 2267 313 2313 racem
328 2255 410 2326 quia
422 2256 564 2327 peccave·
581 2253 643 2315 titt
659 2252 732 2332 (Ps.
744 2254 797 2326 40,
818 2251 864 2331 5).
882 2253 1000 2315 Oleum
1054 2252 1230 2329 Apostolus
1250 2252 1474 2314 :imitatores
1487 2255 1558 2313 met
1571 2253 1689 2324 estote,
1710 2254 1799 2314 stcad
1819 2254 1857 2315 et

200 2349 306 2413 nutrit
315 2349 493 2437 dammam,
507 2350 555 2413 ita
569 2350 803 2415 misericordia
812 2351 998 2430 iuitApos·
1054 2364 1115 2426 epo
1131 2351 1260 2413 Christi
1275 2348 1414 2428 (Philip.
1435 2365 1486 2422 111,
1510 2347 1575 2434 17).
1590 2350 1767 2428 Apostolus
1782 2351 1860 2412 dio-

199 2447 268 2510 tolo
293 2448 532 2509 nutrimentum
552 2449 695 2527 justius
715 2448 751 2517 in
771 2448 859 2513 bona
879 2464 1000 2529 opera
1054 2449 1108 2509 tus
1117 2448 1167 2510 est
1180 2447 1302 2519 oleum,
1313 2447 1606 2525 quiailluminatus
1616 2450 1697 2510 esta
1709 2448 1855 2521 Christo,

199 2546 300 2611 tione.
313 2548 454 2624 Lampas
464 2546 616 2611 siaeoleo
623 2563 692 2609 non
701 2547 942 2624 potestluoere,
952 2547 1000 2609 ita
1053 2546 1184 2627 quando
1198 2546 1290 2608 venit
1303 2561 1489 2625 supereum
1502 2546 1562 2607 lux
1572 2546 1613 2609 de
1627 2546 1723 2617 caelo,
1737 2548 1770 2609 et
1780 2547 1859 2626 ipse

200 2647 234 2705 et
248 2643 371 2705 bonum
386 2660 469 2727 opus
482 2645 561 2706 sine
569 2644 880 2711 misericordiauon
891 2646 1000 2722 potest
1053 2644 1257 2708 illuminavit
1270 2644 1368 2717 alios,
1384 2644 1515 2707 dicende
1528 2644 1695 2723 adipsum
1709 2648 1778 2707 Deo
1792 2661 1862 2721 per

200 2742 355 2820 cuiquam
381 2743 550 2821 prodesse.
581 2743 676 2807 Unde
696 2743 874 2807 psalmista
901 2746 996 2807 orat:
1053 2743 1271 2822 propnetam:
1287 2747 1396 2805 Posui
1409 2744 1447 2805 te
1458 2747 1496 2805 tra
1509 2748 1619 2806 iucem
1631 2745 1800 2819 peretrum,
1813 2743 1857 2805 ut

199 2844 442 2903 Misericordia
460 2842 522 2903 tua
534 2843 761 2919 subsequetur
774 2858 830 2904 me
855 2841 925 2921 (Ps.
944 2842 995 2914 22,
1052 2845 1208 2907 meamus
1221 2856 1311 2914 mea,
1337 2844 1508 2917 moue-ad
1521 2841 1722 2903 eatremurrr
1746 2841 1857 2903 terrae

198 2937 245 3019 6).
262 2940 303 3001 nt
313 2938 469 3003 Salomon
482 2962 491 3000 x
504 2942 611 3002 Uram
626 2940 780 3015 tempore
792 2941 999 3003 vestimenta
1052 2936 1112 3017 (Is.
1126 2955 1219 3012 mx,
1235 2938 1281 3018 6).
1298 2940 1338 3003 Et
1349 2938 1466 3000 reiecit
1476 2937 1578 3000 verbo
1591 2938 1859 3015 praedicationis,

200 3038 262 3099 tua
283 3039 355 3099 strat
372 3040 529 3110 candida,
550 3038 585 3099 et
605 3043 718 3100 oleam
740 3038 916 3114 decapite
940 3039 1000 3101 tuo
1053 3038 1090 3101 ut
1123 3038 1240 3099 dicem
1271 3037 1385 3117 posset
1423 3053 1498 3099 cum
1536 3035 1626 3101 isaia
1662 3036 1853 3113 propbeta:

198 3148 269 3199 nort
282 3135 419 3205 deficta
433 3132 535 3212 (Eccl.
550 3148 597 3207 ix,
610 3132 645 3217 8)
663 3134 759 3207 idest,
780 3150 916 3211 semper
926 3136 998 3195 esto
1052 3136 1246 3197 «Dominus
1265 3135 1355 3198 dedit
1382 3134 1465 3197 mihi
1490 3134 1640 3211 linguam
1665 3134 1846 3206 auditam,

198 3231 401 3293 misericors.
417 3232 623 3295 Vestimenta
650 3232 792 3295 candida
817 3233 895 3301 sunt
910 3232 999 3295 bona
1053 3236 1089 3296 ut
1112 3234 1216 3297 sciam
1243 3234 1431 3297 sustentare
1457 3249 1533 3295 eum
1564 3233 1622 3311 qui
1653 3232 1768 3310 lapsus
1802 3233 1856 3296 est

199 3345 322 3407 opera;
350 3328 503 3391 candidis
522 3330 730 3393 vestimentis
752 3330 914 3402 induitur,
941 3331 999 3408 qui
1052 3333 1164 3405 verbo,
1182 3350 1200 3393 a
1215 3334 1249 3394 et
1269 3333 1348 3410 quia
1367 3331 1485 3393 lenivit
1503 3347 1560 3393 eos
1579 3332 1637 3409 qui
1655 3331 1731 3392 duri
1753 3330 1853 3392 eraut

199 3426 297 3493 bonis
312 3427 467 3504 operibus
485 3427 678 3491 adornatur.
698 3428 816 3491 Oleum
834 3443 999 3506 superna·
1052 3431 1086 3495 et
1100 3432 1211 3508 asperi
1225 3447 1285 3509 per
1301 3429 1544 3502 infidelitatem,
1558 3429 1592 3491 et
1609 3428 1774 3491 convertit
1790 3443 1850 3489 eos

198 3525 250 3587 tat
262 3524 414 3591 omnibus
427 3525 612 3603 liquoribus
627 3547 635 3587 ε
651 3526 699 3589 ita
715 3526 753 3588 et
766 3525 998 3588 misericordia
1052 3528 1096 3591 ad
1108 3529 1284 3592 raritatem
1306 3527 1492 3604 Evangelii,
1513 3529 1547 3589 et
1560 3527 1603 3590 ad
1627 3526 1705 3591 fidei
1723 3526 1856 3591 lenita-

199 3623 604 3705 supereminetuniuersis
629 3623 825 3687 virtutibus.
848 3623 942 3687 Unde
960 3625 997 3685 io
1053 3629 1132 3690 tem.

198 3720 361 3799 psalmo:
397 3724 524 3785 Suavis
555 3724 725 3784 Domtrrus
750 3702 939 3794 universis,
964 3722 999 3783 et
1433 3748 1469 3837 Χ

198 3821 442 3883 miserationes
456 3823 534 3894 mus
552 3834 659 3897 super
671 3824 789 3884 oruata
801 3834 909 3896 opera
922 3823 998 3894 eius

199 3916 271 3998 (rs.
289 3921 360 3992 144.
374 3918 421 3998 a).
1053 3942 1096 4002 11.
1118 3972 1163 3987 -
1186 3941 1232 4001 ΙΝ
1253 3939 1553 4001 mmvuasrorm
1569 3940 1692 3999 amri
1713 3937 1859 4001 raom.

238 4020 385 4089 Quatuor
398 4018 476 4080 sunt
498 4016 660 4081 utilitates
682 4018 768 4079 olei:
785 4017 896 4079 oleum
913 4017 996 4079 sub-

198 4115 493 4187 ministratlucem,
505 4116 643 4192 praestat
652 4113 908 4189 condimentum,
921 4132 999 4179 unc·
1099 4122 1183 4182 Vtro
1204 4133 1282 4196 epo,
1302 4118 1386 4180 aar
1403 4117 1591 4180 Dominae:
1605 4114 1682 4176 reolo
1702 4115 1855 4176 mortem

198 4215 335 4288 tionem,
358 4215 391 4276 et
412 4214 576 4275 decorem.
602 4215 746 4276 Praestat
768 4213 891 4286 lumen,
919 4215 998 4293 quia
1049 4217 1260 4293 peccatores,
1283 4218 1346 4277 sed
1371 4215 1411 4276 ut
1442 4212 1669 4276 cmroertatur
1694 4213 1857 4286 peccator

199 4310 278 4377 iude
293 4312 520 4375 accenduntur
535 4312 724 4390 larnpades3
738 4313 998 4391 praestatcoudi-
1053 4318 1149 4377 auto
1160 4319 1338 4385 suueuia,
1351 4311 1494 4375 etaient
1507 4308 1641 4389 (Erech.
1652 4325 1774 4382 namn,
1788 4307 1855 4388 11).

198 4413 366 4486 umatum,
403 4410 481 4489 quia
514 4410 595 4473 inde
629 4411 830 4474 conduntur
866 4410 997 4487 fecula3
1094 4411 1352 4475 conversionem
1380 4409 1469 4471 beati
1488 4408 1587 4472 Pauli
1612 4406 1762 4485 Apostoli
1785 4406 1853 4469 bo·
1914 4488 1920 4497 .

198 4511 335 4590 praestat
352 4511 555 4584 unctionem,
572 4509 650 4589 quia
664 4508 743 4571 inde
759 4509 929 4587 unguntur
942 4525 1000 4572 sa·-
1053 4511 1171 4573 dierum
1197 4510 1251 4573 die
1274 4508 1433 4584 colimus,
1453 4508 1490 4570 ut
1516 4507 1675 4585 quantum
1699 4504 1859 4568 utilitatis

197 4611 355 4673 cerdotes
370 4611 403 4672 et
419 4625 527 4686 reges,
546 4610 579 4672 et
598 4608 699 4671 etiam
723 4608 858 4682 infirmi,
874 4608 999 4672 atinde
1054 4609 1213 4673 Ecclesia
1252 4608 1313 4671 Dei
1347 4605 1524 4670 conversio
1555 4608 1627 4684 ejus
1660 4602 1852 4676 contulerit,

197 4709 373 4773 coniicitur
394 4708 556 4777 'chrisma
584 4707 671 4769 unde
697 4708 868 4786 ungrotnr
888 4706 1001 4770 chris·
1049 4710 1124 4787 jugi
1151 4706 1367 4771 meditatione
1399 4720 1591 4784 pensemus,
1625 4703 1659 4765 et
1684 4704 1788 4763 Deum
1813 4700 1858 4762 ad

197 4807 293 4869 tiani.
310 4805 626 4877 Praestatdecorem,
641 4804 719 4882 quia
733 4803 814 4867 inde
825 4804 1000 4882 poliuntur
1053 4806 1293 4884 ignoscendum
1303 4804 1471 4883 peccatori
1481 4802 1615 4873 facilem
1625 4800 1667 4862 ab
1677 4799 1856 4877 iniquitate

199 4905 372 4976 columnae,
389 4904 423 4966 et
436 4905 558 4966 caetera
572 4903 811 4983 quaerolumus
826 4918 902 4965 esse
913 4903 997 4971 niti·
1053 4921 1215 4968 courmso
1237 4918 1488 4980 cognoscamus.
1505 4899 1660 4976 Legimus
1683 4897 1769 4975 quod
1789 4898 1857 4960 tria

199 5001 394 5074 diora-Vel,
418 5002 527 5063 oleum
542 5001 710 5078 significat
723 5002 866 5078 gratiam
887 5001 998 5079 spiri-
1054 5006 1134 5065 snnt
1145 5007 1295 5079 tempora
1312 5018 1319 5061 :
1336 5002 1465 5077 tempus
1481 4999 1559 5060 ante
1581 4998 1700 5074 legem,
1722 4995 1859 5072 tempus

197 5101 253 5163 tus
273 5100 398 5172 Sancti,
417 5115 492 5177 qum
508 5100 670 5176 preclare
692 5100 815 5162 claruit
836 5101 872 5161 in
891 5103 1000 5179 Apos-
1054 5093 1857 5178 sublege,ettcmpusgratiae.Aotelegemnullus

198 5198 279 5271 tolo,
291 5197 381 5275 quia,
398 5197 434 5258 ut
444 5198 515 5273 jam
530 5196 687 5271 diximus,
704 5198 922 5276 pergratiam
938 5199 999 5260 Dei
1054 5199 1233 5279 pugnabat,
1249 5197 1310 5260 sub
1321 5198 1394 5272 lege
1405 5196 1517 5257 nullus
1528 5193 1714 5255 resistebat.
1729 5195 1776 5254 De
1786 5192 1859 5253 illis

199 5296 275 5374 plus
294 5294 447 5380 omnibus
461 5293 637 5358 laboravit.
662 5297 742 5357 ilaec
761 5295 870 5372 gratia
889 5297 1001 5359 mani·
1053 5315 1134 5376 ergo
1145 5294 1520 5359 nullusvincebat.dute
1537 5293 1645 5369 legem
1658 5290 1862 5368 enimquid-

199 5394 336 5456 testarii
368 5393 480 5453 lumen
509 5408 570 5469 per
594 5392 867 5471 praedicationem
905 5397 996 5472 ejus,
1054 5396 1132 5475 quid
1147 5397 1220 5457 erat
1236 5394 1395 5465 liberum,
1417 5391 1597 5471 putabatur
1617 5390 1746 5451 licitum
1768 5404 1855 5451 esse.

201 5496 235 5556 et
257 5492 417 5568 effugarit
435 5491 603 5565 tenebras,
622 5492 719 5565 idest,
741 5508 872 5554 errores
891 5493 1000 5555 idolo·
1053 5495 1173 5557 Nullus
1183 5490 1353 5570 pugnabat
1364 5489 1590 5562 cumdiabolo,
1603 5489 1704 5549 immo
1716 5486 1860 5564 quisque

200 5608 286 5653 rum.
296 5590 390 5652 Unde
403 5592 563 5655 Dominus
574 5591 611 5653 in
621 5589 825 5668 Evangelio:
842 5595 906 5655 Vos
915 5592 999 5655 estu
1053 5591 1253 5671 sequebatur
1267 5605 1342 5652 eum
1355 5590 1482 5660 volens,
1500 5588 1533 5651 ct
1544 5587 1593 5649 sic
1607 5601 1674 5647 non
1686 5585 1760 5647 erat
1773 5585 1858 5646 viu-

197 5693 394 5754 turrrruuadr‘
415 5687 546 5771 (matu.
562 5706 602 5765 r,
619 5687 684 5770 11).
701 5689 863 5754 Praestitit
878 5690 997 5757 coodi-
1054 5708 1145 5757 cens
1167 5692 1242 5753 Non
1269 5687 1373 5765 igitur
1396 5689 1476 5749 tunc
1500 5687 1552 5749 est
1577 5685 1650 5748 baec
1677 5682 1861 5763 promissio
