<?xml version="1.0" encoding="UTF-8"?>
<!DOCTYPE html PUBLIC "-//W3C//DTD XHTML 1.0 Transitional//EN"
    "http://www.w3.org/TR/xhtml1/DTD/xhtml1-transitional.dtd">
<html xmlns="http://www.w3.org/1999/xhtml" xml:lang="en" lang="en">
 <head>
  <title>
</title>
<meta http-equiv="Content-Type" content="text/html;charset=utf-8" />
  <meta name='ocr-system' content='tesseract 3.04.00' />
  <meta name='ocr-capabilities' content='ocr_page ocr_carea ocr_par ocr_line ocrx_word'/>
</head>
<body>
  <div class='ocr_page' id='page_1' title='image "./mediiaevibiblio00bottgoog_0668.png"; bbox 0 0 3980 6206; ppageno 0'>
   <div class='ocr_carea' id='block_1_1' title="bbox 82 263 145 326">
    <p class='ocr_par' dir='ltr' id='par_1_1' title="bbox 82 263 145 326">
     <span class='ocr_line' id='line_1_1' title="bbox 82 263 145 326; baseline 0 -34"><span class='ocrx_word' id='word_1_1' title='bbox 82 263 145 326; x_wconf 59' lang='lat'><strong>,23</strong></span> 
     </span>
    </p>
   </div>
   <div class='ocr_carea' id='block_1_2' title="bbox 720 256 1115 322">
    <p class='ocr_par' dir='ltr' id='par_1_2' title="bbox 720 256 1115 322">
     <span class='ocr_line' id='line_1_2' title="bbox 720 256 1115 322; baseline -0.005 -1"><span class='ocrx_word' id='word_1_2' title='bbox 720 256 949 322; x_wconf 67' lang='lat' dir='ltr'><strong>aristone.</strong></span> <span class='ocrx_word' id='word_1_3' title='bbox 973 257 1051 322; x_wconf 85' lang='lat' dir='ltr'><strong>LIB.</strong></span> <span class='ocrx_word' id='word_1_4' title='bbox 1074 257 1115 322; x_wconf 84' lang='lat'><strong>11.</strong></span> 
     </span>
    </p>
   </div>
   <div class='ocr_carea' id='block_1_3' title="bbox 1680 266 1740 328">
    <p class='ocr_par' dir='ltr' id='par_1_3' title="bbox 1680 266 1740 328">
     <span class='ocr_line' id='line_1_3' title="bbox 1680 266 1740 328; baseline 0.05 -3"><span class='ocrx_word' id='word_1_5' title='bbox 1680 266 1740 328; x_wconf 86' lang='grc'><strong>826</strong></span> 
     </span>
    </p>
   </div>
   <div class='ocr_carea' id='block_1_4' title="bbox 82 416 1738 504">
    <p class='ocr_par' dir='ltr' id='par_1_4' title="bbox 82 416 1738 504">
     <span class='ocr_line' id='line_1_4' title="bbox 82 416 1738 504; baseline 0.003 -20"><span class='ocrx_word' id='word_1_6' title='bbox 82 419 239 485; x_wconf 88' lang='lat' dir='ltr'><strong>salinarii</strong></span> <span class='ocrx_word' id='word_1_7' title='bbox 259 420 458 500; x_wconf 74' lang='lat' dir='ltr'><strong>quicumque</strong></span> <span class='ocrx_word' id='word_1_8' title='bbox 471 417 597 483; x_wconf 84' lang='lat' dir='ltr'><strong>suerint</strong></span> <span class='ocrx_word' id='word_1_9' title='bbox 610 419 831 498; x_wconf 87' lang='lat' dir='ltr'><strong>protempore</strong></span> <span class='ocrx_word' id='word_1_10' title='bbox 849 420 885 481; x_wconf 92' lang='lat' dir='ltr'><strong>in</strong></span> <span class='ocrx_word' id='word_1_11' title='bbox 935 420 1027 498; x_wconf 88' lang='lat' dir='ltr'><strong>juste</strong></span> <span class='ocrx_word' id='word_1_12' title='bbox 1047 435 1088 483; x_wconf 88' lang='lat' dir='ltr'><strong>ac</strong></span> <span class='ocrx_word' id='word_1_13' title='bbox 1115 417 1254 498; x_wconf 86' lang='lat' dir='ltr'><strong>pacifice</strong></span> <span class='ocrx_word' id='word_1_14' title='bbox 1278 416 1447 496; x_wconf 91' lang='lat' dir='ltr'><strong>obtinetis,</strong></span> <span class='ocrx_word' id='word_1_15' title='bbox 1477 422 1511 487; x_wconf 90' lang='lat' dir='ltr'><strong>et</strong></span> <span class='ocrx_word' id='word_1_16' title='bbox 1536 421 1572 486; x_wconf 92' lang='lat' dir='ltr'><strong>ln</strong></span> <span class='ocrx_word' id='word_1_17' title='bbox 1591 424 1738 504; x_wconf 89' lang='lat' dir='ltr'><strong>ejusdem</strong></span> 
     </span>
    </p>
   </div>
   <div class='ocr_carea' id='block_1_5' title="bbox 81 518 894 3513">
    <p class='ocr_par' dir='ltr' id='par_1_5' title="bbox 81 518 894 3140">
     <span class='ocr_line' id='line_1_5' title="bbox 83 518 888 595; baseline -0.004 -12"><span class='ocrx_word' id='word_1_18' title='bbox 83 520 217 593; x_wconf 87' lang='lat' dir='ltr'><strong>Salech,</strong></span> <span class='ocrx_word' id='word_1_19' title='bbox 233 518 317 591; x_wconf 84' lang='grc'><strong>11111</strong></span> <span class='ocrx_word' id='word_1_20' title='bbox 332 519 453 585; x_wconf 88' lang='lat' dir='ltr'><strong>litteris</strong></span> <span class='ocrx_word' id='word_1_21' title='bbox 470 518 611 580; x_wconf 78' lang='lat' dir='ltr'><strong>fratrum</strong></span> <span class='ocrx_word' id='word_1_22' title='bbox 638 518 804 595; x_wconf 76' lang='lat' dir='ltr'><strong>praedictae</strong></span> <span class='ocrx_word' id='word_1_23' title='bbox 823 518 888 580; x_wconf 90' lang='lat' dir='ltr'><strong>do-</strong></span> 
     </span>
     <span class='ocr_line' id='line_1_6' title="bbox 81 616 886 693; baseline -0.004 -13"><span class='ocrx_word' id='word_1_24' title='bbox 81 635 170 690; x_wconf 89' lang='lat' dir='ltr'><strong>mus,</strong></span> <span class='ocrx_word' id='word_1_25' title='bbox 184 617 219 679; x_wconf 90' lang='lat' dir='ltr'><strong>in</strong></span> <span class='ocrx_word' id='word_1_26' title='bbox 231 616 489 679; x_wconf 87' lang='lat' dir='ltr'><strong>sancta-Pascha</strong></span> <span class='ocrx_word' id='word_1_27' title='bbox 500 616 677 692; x_wconf 87' lang='lat' dir='ltr'><strong>praedictas</strong></span> <span class='ocrx_word' id='word_1_28' title='bbox 687 616 886 693; x_wconf 88' lang='lat' dir='ltr'><strong>quingentas</strong></span> 
     </span>
     <span class='ocr_line' id='line_1_7' title="bbox 81 714 883 791; baseline -0.004 -14"><span class='ocrx_word' id='word_1_29' title='bbox 81 714 703 791; x_wconf 68' lang='grc'><strong>111111111111111111111111111111</strong></span> <span class='ocrx_word' id='word_1_30' title='bbox 712 715 883 776; x_wconf 87' lang='lat' dir='ltr'><strong>omittant:</strong></span> 
     </span>
     <span class='ocr_line' id='line_1_8' title="bbox 81 812 884 891; baseline -0.002 -16"><span class='ocrx_word' id='word_1_31' title='bbox 81 814 236 891; x_wconf 88' lang='lat' dir='ltr'><strong>alioquin</strong></span> <span class='ocrx_word' id='word_1_32' title='bbox 251 812 461 885; x_wconf 76' lang='grc'><strong>1111111111</strong></span> <span class='ocrx_word' id='word_1_33' title='bbox 476 812 561 879; x_wconf 87' lang='lat' dir='ltr'><strong>iram</strong></span> <span class='ocrx_word' id='word_1_34' title='bbox 573 812 702 889; x_wconf 88' lang='lat' dir='ltr'><strong>regiam</strong></span> <span class='ocrx_word' id='word_1_35' title='bbox 715 812 884 885; x_wconf 88' lang='lat' dir='ltr'><strong>incidisse,</strong></span> 
     </span>
     <span class='ocr_line' id='line_1_9' title="bbox 83 910 887 990; baseline -0.001 -17"><span class='ocrx_word' id='word_1_36' title='bbox 83 927 185 990; x_wconf 87' lang='lat' dir='ltr'><strong>quam</strong></span> <span class='ocrx_word' id='word_1_37' title='bbox 199 911 293 986; x_wconf 87' lang='lat' dir='ltr'><strong>regia</strong></span> <span class='ocrx_word' id='word_1_38' title='bbox 317 913 475 988; x_wconf 88' lang='lat' dir='ltr'><strong>majestas</strong></span> <span class='ocrx_word' id='word_1_39' title='bbox 500 910 593 973; x_wconf 91' lang='lat' dir='ltr'><strong>nullo</strong></span> <span class='ocrx_word' id='word_1_40' title='bbox 620 926 695 972; x_wconf 88' lang='lat' dir='ltr'><strong>eam</strong></span> <span class='ocrx_word' id='word_1_41' title='bbox 711 910 887 988; x_wconf 85' lang='lat' dir='ltr'><strong>praemittet</strong></span> 
     </span>
     <span class='ocr_line' id='line_1_10' title="bbox 81 1006 888 1084; baseline -0.002 -13"><span class='ocrx_word' id='word_1_42' title='bbox 81 1010 238 1071; x_wconf 89' lang='lat' dir='ltr'><strong>inultam.</strong></span> <span class='ocrx_word' id='word_1_43' title='bbox 269 1009 312 1071; x_wconf 90' lang='lat' dir='ltr'><strong>Ui</strong></span> <span class='ocrx_word' id='word_1_44' title='bbox 334 1008 438 1084; x_wconf 88' lang='lat' dir='ltr'><strong>igitur</strong></span> <span class='ocrx_word' id='word_1_45' title='bbox 463 1009 536 1070; x_wconf 86' lang='lat' dir='ltr'><strong>haec</strong></span> <span class='ocrx_word' id='word_1_46' title='bbox 565 1023 585 1069; x_wconf 93' lang='grc'><strong>1</strong></span> <span class='ocrx_word' id='word_1_47' title='bbox 610 1007 706 1070; x_wconf 91' lang='lat' dir='ltr'><strong>nohis</strong></span> <span class='ocrx_word' id='word_1_48' title='bbox 737 1006 888 1070; x_wconf 89' lang='lat' dir='ltr'><strong>liberali-</strong></span> 
     </span>
     <span class='ocr_line' id='line_1_11' title="bbox 82 1104 885 1195; baseline -0.005 -25"><span class='ocrx_word' id='word_1_49' title='bbox 82 1107 155 1170; x_wconf 90' lang='lat' dir='ltr'><strong>tate</strong></span> <span class='ocrx_word' id='word_1_50' title='bbox 177 1106 271 1182; x_wconf 90' lang='lat' dir='ltr'><strong>regia</strong></span> <span class='ocrx_word' id='word_1_51' title='bbox 294 1104 408 1168; x_wconf 89' lang='lat' dir='ltr'><strong>nostra</strong></span> <span class='ocrx_word' id='word_1_52' title='bbox 431 1106 688 1195; x_wconf 82' lang='lat' dir='ltr'><strong>nostrorumque</strong></span> <span class='ocrx_word' id='word_1_53' title='bbox 710 1105 885 1178; x_wconf 88' lang='lat' dir='ltr'><strong>baronum,</strong></span> 
     </span>
     <span class='ocr_line' id='line_1_12' title="bbox 86 1202 889 1283; baseline 0 -19"><span class='ocrx_word' id='word_1_54' title='bbox 86 1205 146 1283; x_wconf 88' lang='lat' dir='ltr'><strong>qui</strong></span> <span class='ocrx_word' id='word_1_55' title='bbox 176 1202 350 1265; x_wconf 90' lang='lat' dir='ltr'><strong>nobiscum</strong></span> <span class='ocrx_word' id='word_1_56' title='bbox 372 1203 408 1264; x_wconf 91' lang='lat' dir='ltr'><strong>in</strong></span> <span class='ocrx_word' id='word_1_57' title='bbox 422 1203 653 1265; x_wconf 73' lang='lat' dir='ltr'><strong>ultramarinis</strong></span> <span class='ocrx_word' id='word_1_58' title='bbox 671 1202 821 1280; x_wconf 88' lang='lat' dir='ltr'><strong>partibus</strong></span> <span class='ocrx_word' id='word_1_59' title='bbox 836 1202 889 1264; x_wconf 84' lang='lat' dir='ltr'><strong>di-</strong></span> 
     </span>
     <span class='ocr_line' id='line_1_13' title="bbox 84 1300 886 1378; baseline -0.004 -14"><span class='ocrx_word' id='word_1_60' title='bbox 84 1303 171 1365; x_wconf 89' lang='lat' dir='ltr'><strong>vino</strong></span> <span class='ocrx_word' id='word_1_61' title='bbox 184 1303 263 1364; x_wconf 89' lang='lat' dir='ltr'><strong>tuno</strong></span> <span class='ocrx_word' id='word_1_62' title='bbox 273 1300 433 1378; x_wconf 89' lang='lat' dir='ltr'><strong>temporis</strong></span> <span class='ocrx_word' id='word_1_63' title='bbox 445 1301 611 1363; x_wconf 83' lang='lat' dir='ltr'><strong>vacabant</strong></span> <span class='ocrx_word' id='word_1_64' title='bbox 632 1301 780 1373; x_wconf 84' lang='lat' dir='ltr'><strong>servitio,</strong></span> <span class='ocrx_word' id='word_1_65' title='bbox 797 1300 886 1362; x_wconf 87' lang='lat' dir='ltr'><strong>Petri</strong></span> 
     </span>
     <span class='ocr_line' id='line_1_14' title="bbox 82 1398 886 1477; baseline -0.004 -15"><span class='ocrx_word' id='word_1_66' title='bbox 82 1398 244 1462; x_wconf 79' lang='lat' dir='ltr'><strong>uidelicet</strong></span> <span class='ocrx_word' id='word_1_67' title='bbox 261 1399 454 1460; x_wconf 86' lang='lat' dir='ltr'><strong>Gauriensis</strong></span> <span class='ocrx_word' id='word_1_68' title='bbox 469 1399 616 1477; x_wconf 80' lang='lat' dir='ltr'><strong>episcopi</strong></span> <span class='ocrx_word' id='word_1_69' title='bbox 628 1403 661 1461; x_wconf 90' lang='lat' dir='ltr'><strong>et</strong></span> <span class='ocrx_word' id='word_1_70' title='bbox 673 1400 807 1460; x_wconf 69' lang='lat' dir='ltr'><strong>Thomas</strong></span> <span class='ocrx_word' id='word_1_71' title='bbox 819 1401 886 1461; x_wconf 81' lang='lat' dir='ltr'><strong>Ar·</strong></span> 
     </span>
     <span class='ocr_line' id='line_1_15' title="bbox 83 1496 889 1574; baseline -0.001 -16"><span class='ocrx_word' id='word_1_72' title='bbox 83 1497 233 1573; x_wconf 87' lang='lat' dir='ltr'><strong>griensis</strong></span> <span class='ocrx_word' id='word_1_73' title='bbox 248 1497 358 1567; x_wconf 89' lang='lat' dir='ltr'><strong>electi,</strong></span> <span class='ocrx_word' id='word_1_74' title='bbox 375 1497 537 1574; x_wconf 84' lang='lat' dir='ltr'><strong>Dionysii,</strong></span> <span class='ocrx_word' id='word_1_75' title='bbox 558 1497 710 1574; x_wconf 83' lang='lat' dir='ltr'><strong>magistri</strong></span> <span class='ocrx_word' id='word_1_76' title='bbox 725 1496 889 1560; x_wconf 83' lang='lat' dir='ltr'><strong>Tauarni·</strong></span> 
     </span>
     <span class='ocr_line' id='line_1_16' title="bbox 85 1591 888 1668; baseline -0.002 -11"><span class='ocrx_word' id='word_1_77' title='bbox 85 1593 592 1668; x_wconf 80' lang='lat' dir='ltr'><strong>ccrumetcomitichvicastri,</strong></span> <span class='ocrx_word' id='word_1_78' title='bbox 605 1591 737 1657; x_wconf 87' lang='lat' dir='ltr'><strong>Nicolai</strong></span> <span class='ocrx_word' id='word_1_79' title='bbox 758 1594 888 1657; x_wconf 87' lang='lat' dir='ltr'><strong>comitis</strong></span> 
     </span>
     <span class='ocr_line' id='line_1_17' title="bbox 85 1692 888 1771; baseline 0 -17"><span class='ocrx_word' id='word_1_80' title='bbox 85 1694 151 1755; x_wconf 85' lang='lat' dir='ltr'><strong>filii</strong></span> <span class='ocrx_word' id='word_1_81' title='bbox 174 1697 289 1766; x_wconf 82' lang='lat' dir='ltr'><strong>Borea,</strong></span> <span class='ocrx_word' id='word_1_82' title='bbox 321 1692 506 1770; x_wconf 87' lang='lat' dir='ltr'><strong>smaragdi,</strong></span> <span class='ocrx_word' id='word_1_83' title='bbox 522 1693 652 1771; x_wconf 74' lang='lat' dir='ltr'><strong>Moysi,</strong></span> <span class='ocrx_word' id='word_1_84' title='bbox 675 1694 751 1756; x_wconf 88' lang='lat' dir='ltr'><strong>Jule</strong></span> <span class='ocrx_word' id='word_1_85' title='bbox 775 1693 888 1755; x_wconf 88' lang='lat' dir='ltr'><strong>fratris</strong></span> 
     </span>
     <span class='ocr_line' id='line_1_18' title="bbox 86 1791 890 1864; baseline -0.002 -10"><span class='ocrx_word' id='word_1_86' title='bbox 86 1791 262 1864; x_wconf 86' lang='lat' dir='ltr'><strong>Ratholth,</strong></span> <span class='ocrx_word' id='word_1_87' title='bbox 274 1793 306 1854; x_wconf 90' lang='grc'><strong>11</strong></span> <span class='ocrx_word' id='word_1_88' title='bbox 316 1791 418 1853; x_wconf 85' lang='lat' dir='ltr'><strong>Sebez</strong></span> <span class='ocrx_word' id='word_1_89' title='bbox 433 1792 565 1853; x_wconf 90' lang='lat' dir='ltr'><strong>comitis</strong></span> <span class='ocrx_word' id='word_1_90' title='bbox 584 1792 646 1852; x_wconf 88' lang='lat' dir='ltr'><strong>lilii</strong></span> <span class='ocrx_word' id='word_1_91' title='bbox 658 1792 804 1860; x_wconf 83' lang='lat' dir='ltr'><strong>Thomae,</strong></span> <span class='ocrx_word' id='word_1_92' title='bbox 821 1794 890 1853; x_wconf 89' lang='lat' dir='ltr'><strong>De-</strong></span> 
     </span>
     <span class='ocr_line' id='line_1_19' title="bbox 84 1889 890 1962; baseline -0.001 -11"><span class='ocrx_word' id='word_1_93' title='bbox 84 1889 199 1952; x_wconf 88' lang='lat' dir='ltr'><strong>metrii</strong></span> <span class='ocrx_word' id='word_1_94' title='bbox 228 1889 427 1962; x_wconf 81' lang='lat' dir='ltr'><strong>senescalci,</strong></span> <span class='ocrx_word' id='word_1_95' title='bbox 453 1889 601 1952; x_wconf 87' lang='lat' dir='ltr'><strong>Ladislai</strong></span> <span class='ocrx_word' id='word_1_96' title='bbox 634 1889 828 1951; x_wconf 87' lang='lat' dir='ltr'><strong>marescalci</strong></span> <span class='ocrx_word' id='word_1_97' title='bbox 857 1890 890 1950; x_wconf 89' lang='lat' dir='ltr'><strong>et</strong></span> 
     </span>
     <span class='ocr_line' id='line_1_20' title="bbox 86 1986 889 2064; baseline -0.001 -15"><span class='ocrx_word' id='word_1_98' title='bbox 86 1987 234 2049; x_wconf 90' lang='lat' dir='ltr'><strong>aliorum</strong></span> <span class='ocrx_word' id='word_1_99' title='bbox 258 1986 419 2048; x_wconf 91' lang='lat' dir='ltr'><strong>nobilium</strong></span> <span class='ocrx_word' id='word_1_100' title='bbox 441 1988 623 2064; x_wconf 89' lang='lat' dir='ltr'><strong>Hungariae</strong></span> <span class='ocrx_word' id='word_1_101' title='bbox 651 1987 889 2050; x_wconf 85' lang='lat' dir='ltr'><strong>deliberatione</strong></span> 
     </span>
     <span class='ocr_line' id='line_1_21' title="bbox 87 2084 890 2162; baseline 0 -16"><span class='ocrx_word' id='word_1_102' title='bbox 87 2085 241 2161; x_wconf 88' lang='lat' dir='ltr'><strong>legitima</strong></span> <span class='ocrx_word' id='word_1_103' title='bbox 256 2084 345 2147; x_wconf 86' lang='lat' dir='ltr'><strong>facte</strong></span> <span class='ocrx_word' id='word_1_104' title='bbox 354 2084 489 2147; x_wconf 90' lang='lat' dir='ltr'><strong>donatio</strong></span> <span class='ocrx_word' id='word_1_105' title='bbox 501 2086 626 2147; x_wconf 87' lang='lat' dir='ltr'><strong>nostris</strong></span> <span class='ocrx_word' id='word_1_106' title='bbox 636 2086 890 2162; x_wconf 90' lang='lat' dir='ltr'><strong>nostrorumque</strong></span> 
     </span>
     <span class='ocr_line' id='line_1_22' title="bbox 90 2181 891 2260; baseline -0.002 -16"><span class='ocrx_word' id='word_1_107' title='bbox 90 2198 326 2244; x_wconf 89' lang='lat' dir='ltr'><strong>successorum</strong></span> <span class='ocrx_word' id='word_1_108' title='bbox 336 2181 540 2260; x_wconf 87' lang='lat' dir='ltr'><strong>temporibus</strong></span> <span class='ocrx_word' id='word_1_109' title='bbox 555 2184 647 2245; x_wconf 84' lang='lat' dir='ltr'><strong>salva</strong></span> <span class='ocrx_word' id='word_1_110' title='bbox 658 2199 790 2260; x_wconf 86' lang='lat' dir='ltr'><strong>semper</strong></span> <span class='ocrx_word' id='word_1_111' title='bbox 802 2184 836 2244; x_wconf 89' lang='lat' dir='ltr'><strong>et</strong></span> <span class='ocrx_word' id='word_1_112' title='bbox 842 2183 891 2243; x_wconf 92' lang='lat' dir='ltr'><strong>in·</strong></span> 
     </span>
     <span class='ocr_line' id='line_1_23' title="bbox 89 2281 889 2358; baseline -0.003 -15"><span class='ocrx_word' id='word_1_113' title='bbox 89 2296 256 2343; x_wconf 87' lang='lat' dir='ltr'><strong>concussa</strong></span> <span class='ocrx_word' id='word_1_114' title='bbox 264 2283 467 2357; x_wconf 88' lang='lat' dir='ltr'><strong>permaneat,</strong></span> <span class='ocrx_word' id='word_1_115' title='bbox 478 2282 678 2358; x_wconf 82' lang='lat' dir='ltr'><strong>praesentem</strong></span> <span class='ocrx_word' id='word_1_116' title='bbox 687 2282 720 2343; x_wconf 93' lang='grc'><strong>11</strong></span> <span class='ocrx_word' id='word_1_117' title='bbox 734 2281 834 2342; x_wconf 90' lang='lat' dir='ltr'><strong>aliam</strong></span> <span class='ocrx_word' id='word_1_118' title='bbox 848 2281 889 2341; x_wconf 90' lang='lat' dir='ltr'><strong>ad</strong></span> 
     </span>
     <span class='ocr_line' id='line_1_24' title="bbox 92 2377 891 2455; baseline 0 -16"><span class='ocrx_word' id='word_1_119' title='bbox 92 2377 333 2449; x_wconf 84' lang='lat' dir='ltr'><strong>abundantiam</strong></span> <span class='ocrx_word' id='word_1_120' title='bbox 348 2379 485 2455; x_wconf 89' lang='lat' dir='ltr'><strong>majoris</strong></span> <span class='ocrx_word' id='word_1_121' title='bbox 507 2380 646 2440; x_wconf 81' lang='lat' dir='ltr'><strong>cautelae</strong></span> <span class='ocrx_word' id='word_1_122' title='bbox 665 2379 821 2455; x_wconf 90' lang='lat' dir='ltr'><strong>paginam</strong></span> <span class='ocrx_word' id='word_1_123' title='bbox 843 2379 891 2439; x_wconf 91' lang='grc'><strong>11-</strong></span> 
     </span>
     <span class='ocr_line' id='line_1_25' title="bbox 91 2476 891 2553; baseline 0.001 -16"><span class='ocrx_word' id='word_1_124' title='bbox 91 2476 293 2553; x_wconf 89' lang='lat' dir='ltr'><strong>gillincstri,</strong></span> <span class='ocrx_word' id='word_1_125' title='bbox 305 2491 416 2537; x_wconf 86' lang='lat' dir='ltr'><strong>aureae</strong></span> <span class='ocrx_word' id='word_1_126' title='bbox 426 2476 581 2538; x_wconf 79' lang='lat' dir='ltr'><strong>videlicet</strong></span> <span class='ocrx_word' id='word_1_127' title='bbox 592 2477 704 2548; x_wconf 89' lang='lat' dir='ltr'><strong>bullae,</strong></span> <span class='ocrx_word' id='word_1_128' title='bbox 721 2477 891 2539; x_wconf 85' lang='lat' dir='ltr'><strong>caractere</strong></span> 
     </span>
     <span class='ocr_line' id='line_1_26' title="bbox 91 2573 892 2651; baseline -0.001 -15"><span class='ocrx_word' id='word_1_129' title='bbox 91 2574 233 2636; x_wconf 89' lang='lat' dir='ltr'><strong>fecimus</strong></span> <span class='ocrx_word' id='word_1_130' title='bbox 248 2573 412 2646; x_wconf 89' lang='lat' dir='ltr'><strong>roborari,</strong></span> <span class='ocrx_word' id='word_1_131' title='bbox 427 2589 567 2651; x_wconf 87' lang='lat' dir='ltr'><strong>quarum</strong></span> <span class='ocrx_word' id='word_1_132' title='bbox 577 2590 677 2636; x_wconf 89' lang='lat' dir='ltr'><strong>unam</strong></span> <span class='ocrx_word' id='word_1_133' title='bbox 689 2575 801 2636; x_wconf 91' lang='lat' dir='ltr'><strong>domui</strong></span> <span class='ocrx_word' id='word_1_134' title='bbox 812 2576 892 2637; x_wconf 90' lang='lat' dir='ltr'><strong>hos-</strong></span> 
     </span>
     <span class='ocr_line' id='line_1_27' title="bbox 92 2671 893 2750; baseline 0 -17"><span class='ocrx_word' id='word_1_135' title='bbox 92 2672 209 2750; x_wconf 87' lang='lat' dir='ltr'><strong>pitalis</strong></span> <span class='ocrx_word' id='word_1_136' title='bbox 228 2671 264 2733; x_wconf 93' lang='lat' dir='ltr'><strong>in</strong></span> <span class='ocrx_word' id='word_1_137' title='bbox 292 2673 434 2733; x_wconf 83' lang='lat' dir='ltr'><strong>tenram</strong></span> <span class='ocrx_word' id='word_1_138' title='bbox 459 2673 565 2749; x_wconf 86' lang='lat' dir='ltr'><strong>Syriae</strong></span> <span class='ocrx_word' id='word_1_139' title='bbox 586 2672 796 2746; x_wconf 83' lang='lat' dir='ltr'><strong>tradidimus,</strong></span> <span class='ocrx_word' id='word_1_140' title='bbox 811 2672 893 2735; x_wconf 89' lang='lat' dir='ltr'><strong>reli·</strong></span> 
     </span>
     <span class='ocr_line' id='line_1_28' title="bbox 92 2769 891 2847; baseline -0.001 -17"><span class='ocrx_word' id='word_1_141' title='bbox 92 2785 195 2847; x_wconf 91' lang='lat' dir='ltr'><strong>quam</strong></span> <span class='ocrx_word' id='word_1_142' title='bbox 215 2785 297 2831; x_wconf 87' lang='grc'><strong>1111</strong></span> <span class='ocrx_word' id='word_1_143' title='bbox 317 2770 442 2831; x_wconf 80' lang='grc'><strong>1111111</strong></span> <span class='ocrx_word' id='word_1_144' title='bbox 472 2769 659 2846; x_wconf 82' lang='lat' dir='ltr'><strong>posteritati</strong></span> <span class='ocrx_word' id='word_1_145' title='bbox 683 2770 891 2832; x_wconf 88' lang='lat' dir='ltr'><strong>ostensuram</strong></span> 
     </span>
     <span class='ocr_line' id='line_1_29' title="bbox 94 2867 892 2944; baseline -0.001 -15"><span class='ocrx_word' id='word_1_146' title='bbox 94 2868 133 2929; x_wconf 93' lang='lat' dir='ltr'><strong>in</strong></span> <span class='ocrx_word' id='word_1_147' title='bbox 161 2867 333 2944; x_wconf 87' lang='lat' dir='ltr'><strong>Hungaria</strong></span> <span class='ocrx_word' id='word_1_148' title='bbox 356 2888 363 2926; x_wconf 93' lang='lat'>:</span> <span class='ocrx_word' id='word_1_149' title='bbox 389 2868 426 2928; x_wconf 91' lang='lat' dir='ltr'><strong>ut</strong></span> <span class='ocrx_word' id='word_1_150' title='bbox 454 2867 535 2928; x_wconf 85' lang='lat' dir='ltr'><strong>fides</strong></span> <span class='ocrx_word' id='word_1_151' title='bbox 568 2867 739 2930; x_wconf 90' lang='lat' dir='ltr'><strong>donationi</strong></span> <span class='ocrx_word' id='word_1_152' title='bbox 770 2868 892 2929; x_wconf 91' lang='lat' dir='ltr'><strong>nostrae</strong></span> 
     </span>
     <span class='ocr_line' id='line_1_30' title="bbox 95 2963 894 3041; baseline 0 -15"><span class='ocrx_word' id='word_1_153' title='bbox 95 2963 324 3033; x_wconf 87' lang='lat' dir='ltr'><strong>adhiberetur,</strong></span> <span class='ocrx_word' id='word_1_154' title='bbox 337 2964 449 3025; x_wconf 90' lang='lat' dir='ltr'><strong>domui</strong></span> <span class='ocrx_word' id='word_1_155' title='bbox 460 2964 635 3041; x_wconf 89' lang='lat' dir='ltr'><strong>hospitalis</strong></span> <span class='ocrx_word' id='word_1_156' title='bbox 644 2965 779 3041; x_wconf 88' lang='lat' dir='ltr'><strong>dignum</strong></span> <span class='ocrx_word' id='word_1_157' title='bbox 793 2965 894 3026; x_wconf 80' lang='lat' dir='ltr'><strong>duxi-</strong></span> 
     </span>
     <span class='ocr_line' id='line_1_31' title="bbox 95 3058 823 3140; baseline 0.001 -19"><span class='ocrx_word' id='word_1_158' title='bbox 95 3076 172 3121; x_wconf 85' lang='lat' dir='ltr'><strong>mus</strong></span> <span class='ocrx_word' id='word_1_159' title='bbox 185 3058 486 3131; x_wconf 87' lang='lat' dir='ltr'><strong>transmittendam,</strong></span> <span class='ocrx_word' id='word_1_160' title='bbox 498 3065 562 3121; x_wconf 86' lang='lat' dir='ltr'><strong>etc.</strong></span> <span class='ocrx_word' id='word_1_161' title='bbox 575 3058 627 3139; x_wconf 82' lang='lat' dir='ltr'><strong>(ui</strong></span> <span class='ocrx_word' id='word_1_162' title='bbox 641 3059 777 3140; x_wconf 81' lang='lat' dir='ltr'><strong>supro).</strong></span> <span class='ocrx_word' id='word_1_163' title='bbox 817 3094 823 3102; x_wconf 83' lang='lat'><em>·</em></span> 
     </span>
    </p>

    <p class='ocr_par' dir='ltr' id='par_1_6' title="bbox 91 3157 893 3513">
     <span class='ocr_line' id='line_1_32' title="bbox 132 3157 890 3233; baseline -0.003 -14"><span class='ocrx_word' id='word_1_164' title='bbox 132 3157 226 3219; x_wconf 90' lang='lat' dir='ltr'><strong>Nulli</strong></span> <span class='ocrx_word' id='word_1_165' title='bbox 256 3172 346 3233; x_wconf 88' lang='lat' dir='ltr'><strong>erge,</strong></span> <span class='ocrx_word' id='word_1_166' title='bbox 372 3159 448 3228; x_wconf 69' lang='lat' dir='ltr'><strong>etc„</strong></span> <span class='ocrx_word' id='word_1_167' title='bbox 474 3159 598 3220; x_wconf 77' lang='lat' dir='ltr'><strong>nostra</strong></span> <span class='ocrx_word' id='word_1_168' title='bbox 627 3158 890 3220; x_wconf 84' lang='lat' dir='ltr'><strong>confirmationis</strong></span> 
     </span>
     <span class='ocr_line' id='line_1_33' title="bbox 91 3254 893 3332; baseline -0.002 -15"><span class='ocrx_word' id='word_1_169' title='bbox 91 3254 289 3331; x_wconf 87' lang='lat' dir='ltr'><strong>infringere,</strong></span> <span class='ocrx_word' id='word_1_170' title='bbox 313 3256 377 3316; x_wconf 89' lang='grc'><strong>111.</strong></span> <span class='ocrx_word' id='word_1_171' title='bbox 401 3256 437 3317; x_wconf 86' lang='lat' dir='ltr'><strong>si</strong></span> <span class='ocrx_word' id='word_1_172' title='bbox 451 3254 525 3332; x_wconf 90' lang='lat' dir='ltr'><strong>quis</strong></span> <span class='ocrx_word' id='word_1_173' title='bbox 548 3256 671 3327; x_wconf 80' lang='grc'><strong>111111,</strong></span> <span class='ocrx_word' id='word_1_174' title='bbox 686 3260 749 3317; x_wconf 92' lang='lat' dir='ltr'><strong>etc.</strong></span> <span class='ocrx_word' id='word_1_175' title='bbox 773 3255 893 3317; x_wconf 88' lang='lat' dir='ltr'><strong>Datum</strong></span> 
     </span>
     <span class='ocr_line' id='line_1_34' title="bbox 93 3350 892 3429; baseline -0.001 -15"><span class='ocrx_word' id='word_1_176' title='bbox 93 3352 253 3414; x_wconf 87' lang='lat' dir='ltr'><strong>Laterani</strong></span> <span class='ocrx_word' id='word_1_177' title='bbox 273 3354 333 3414; x_wconf 89' lang='lat' dir='ltr'><strong>Vll</strong></span> <span class='ocrx_word' id='word_1_178' title='bbox 357 3350 425 3413; x_wconf 85' lang='lat' dir='ltr'><strong>kal.</strong></span> <span class='ocrx_word' id='word_1_179' title='bbox 438 3352 528 3428; x_wconf 83' lang='lat' dir='ltr'><strong>julii,</strong></span> <span class='ocrx_word' id='word_1_180' title='bbox 550 3354 765 3429; x_wconf 76' lang='lat' dir='ltr'><strong>pontificatus</strong></span> <span class='ocrx_word' id='word_1_181' title='bbox 784 3352 892 3415; x_wconf 90' lang='lat' dir='ltr'><strong>nestri</strong></span> 
     </span>
     <span class='ocr_line' id='line_1_35' title="bbox 93 3449 353 3513; baseline -0.008 0"><span class='ocrx_word' id='word_1_182' title='bbox 93 3465 184 3513; x_wconf 90' lang='lat' dir='ltr'><strong>auno</strong></span> <span class='ocrx_word' id='word_1_183' title='bbox 197 3449 353 3512; x_wconf 90' lang='lat' dir='ltr'><strong>secundo.</strong></span> 
     </span>
    </p>
   </div>
   <div class='ocr_carea' id='block_1_6' title="bbox 412 3590 580 3679">
    <p class='ocr_par' dir='ltr' id='par_1_7' title="bbox 412 3590 580 3679">
     <span class='ocr_line' id='line_1_36' title="bbox 412 3590 580 3679; baseline -0.012 0"><span class='ocrx_word' id='word_1_184' title='bbox 412 3590 580 3679; x_wconf 82' lang='lat' dir='ltr'><strong>cccxli</strong></span> 
     </span>
    </p>
   </div>
   <div class='ocr_carea' id='block_1_7' title="bbox 92 3725 896 3897">
    <p class='ocr_par' dir='ltr' id='par_1_8' title="bbox 92 3725 896 3897">
     <span class='ocr_line' id='line_1_37' title="bbox 92 3725 896 3803; baseline -0.002 -15"><span class='ocrx_word' id='word_1_185' title='bbox 92 3729 146 3788; x_wconf 79' lang='lat' dir='ltr'><strong>Ad</strong></span> <span class='ocrx_word' id='word_1_186' title='bbox 158 3726 370 3803; x_wconf 70' lang='lat' dir='ltr'><strong>coaptatione</strong></span> <span class='ocrx_word' id='word_1_187' title='bbox 384 3726 418 3787; x_wconf 87' lang='lat' dir='ltr'><strong>et</strong></span> <span class='ocrx_word' id='word_1_188' title='bbox 437 3727 570 3800; x_wconf 76' lang='lat' dir='ltr'><strong>scotres</strong></span> <span class='ocrx_word' id='word_1_189' title='bbox 583 3727 705 3787; x_wconf 82' lang='lat' dir='ltr'><strong>domus</strong></span> <span class='ocrx_word' id='word_1_190' title='bbox 717 3725 896 3799; x_wconf 78' lang='lat' dir='ltr'><strong>hosptialis</strong></span> 
     </span>
     <span class='ocr_line' id='line_1_38' title="bbox 325 3822 662 3897; baseline -0.009 -12"><span class='ocrx_word' id='word_1_191' title='bbox 325 3822 662 3897; x_wconf 79' lang='lat' dir='ltr'><strong>Hierosotpmttacoe.</strong></span> 
     </span>
    </p>
   </div>
   <div class='ocr_carea' id='block_1_8' title="bbox 93 3934 903 5673">
    <p class='ocr_par' dir='ltr' id='par_1_9' title="bbox 390 3934 598 4009">
     <span class='ocr_line' id='line_1_39' title="bbox 390 3934 598 4009; baseline -0.014 -15"><span class='ocrx_word' id='word_1_192' title='bbox 390 3936 425 3994; x_wconf 78' lang='grc'><strong>11</strong></span> <span class='ocrx_word' id='word_1_193' title='bbox 437 3934 499 4009; x_wconf 74' lang='lat' dir='ltr'><strong>iun.</strong></span> <span class='ocrx_word' id='word_1_194' title='bbox 519 3936 598 3994; x_wconf 78' lang='grc'><strong>1118.</strong></span> 
     </span>
    </p>

    <p class='ocr_par' dir='ltr' id='par_1_10' title="bbox 94 4040 895 4301">
     <span class='ocr_line' id='line_1_40' title="bbox 212 4040 772 4107; baseline 0 -16"><span class='ocrx_word' id='word_1_195' title='bbox 212 4041 346 4107; x_wconf 63' lang='lat' dir='ltr'><strong>[Thalnam</strong></span> <span class='ocrx_word' id='word_1_196' title='bbox 362 4042 429 4093; x_wconf 80' lang='lat' dir='ltr'><strong>lton</strong></span> <span class='ocrx_word' id='word_1_197' title='bbox 443 4040 619 4105; x_wconf 63' lang='grc'><strong>1111111111,</strong></span> <span class='ocrx_word' id='word_1_198' title='bbox 630 4042 669 4102; x_wconf 85' lang='grc'><strong>11,</strong></span> <span class='ocrx_word' id='word_1_199' title='bbox 680 4055 707 4093; x_wconf 88' lang='grc'><strong>1.</strong></span> <span class='ocrx_word' id='word_1_200' title='bbox 720 4041 772 4106; x_wconf 76' lang='lat' dir='ltr'><strong>aa]</strong></span> 
     </span>
     <span class='ocr_line' id='line_1_41' title="bbox 94 4136 895 4213; baseline -0.006 -13"><span class='ocrx_word' id='word_1_201' title='bbox 94 4136 895 4213; x_wconf 73' lang='lat' dir='ltr'><strong>Eisdemocnflrmetpomessicnesetprivitegiequedam</strong></span> 
     </span>
     <span class='ocr_line' id='line_1_42' title="bbox 287 4227 710 4301; baseline -0.005 -17"><span class='ocrx_word' id='word_1_202' title='bbox 287 4242 303 4284; x_wconf 89' lang='grc'><strong>1</strong></span> <span class='ocrx_word' id='word_1_203' title='bbox 325 4241 396 4301; x_wconf 90' lang='lat' dir='ltr'><strong>rege</strong></span> <span class='ocrx_word' id='word_1_204' title='bbox 410 4227 567 4300; x_wconf 78' lang='lat' dir='ltr'><strong>hungarie</strong></span> <span class='ocrx_word' id='word_1_205' title='bbox 581 4235 710 4299; x_wconf 79' lang='lat' dir='ltr'><strong>accepte.</strong></span> 
     </span>
    </p>

    <p class='ocr_par' dir='ltr' id='par_1_11' title="bbox 93 4336 900 4691">
     <span class='ocr_line' id='line_1_43' title="bbox 133 4336 895 4413; baseline -0.003 -15"><span class='ocrx_word' id='word_1_206' title='bbox 133 4336 304 4398; x_wconf 87' lang='lat' dir='ltr'><strong>Honorius</strong></span> <span class='ocrx_word' id='word_1_207' title='bbox 319 4336 495 4413; x_wconf 88' lang='lat' dir='ltr'><strong>episcopus</strong></span> <span class='ocrx_word' id='word_1_208' title='bbox 508 4350 625 4397; x_wconf 87' lang='lat' dir='ltr'><strong>servus</strong></span> <span class='ocrx_word' id='word_1_209' title='bbox 636 4351 809 4397; x_wconf 87' lang='lat' dir='ltr'><strong>servorum</strong></span> <span class='ocrx_word' id='word_1_210' title='bbox 822 4336 895 4408; x_wconf 86' lang='lat' dir='ltr'><strong>Del,</strong></span> 
     </span>
     <span class='ocr_line' id='line_1_44' title="bbox 95 4432 898 4509; baseline 0 -14"><span class='ocrx_word' id='word_1_211' title='bbox 95 4434 228 4496; x_wconf 89' lang='lat' dir='ltr'><strong>dilectis</strong></span> <span class='ocrx_word' id='word_1_212' title='bbox 243 4433 359 4495; x_wconf 84' lang='grc'><strong>111111...</strong></span> <span class='ocrx_word' id='word_1_213' title='bbox 375 4433 535 4509; x_wconf 89' lang='lat' dir='ltr'><strong>magistro</strong></span> <span class='ocrx_word' id='word_1_214' title='bbox 560 4434 593 4494; x_wconf 90' lang='lat' dir='ltr'><strong>et</strong></span> <span class='ocrx_word' id='word_1_215' title='bbox 606 4432 765 4495; x_wconf 86' lang='lat' dir='ltr'><strong>iratribus</strong></span> <span class='ocrx_word' id='word_1_216' title='bbox 780 4434 898 4495; x_wconf 87' lang='lat' dir='ltr'><strong>domus</strong></span> 
     </span>
     <span class='ocr_line' id='line_1_45' title="bbox 93 4530 900 4609; baseline 0.001 -17"><span class='ocrx_word' id='word_1_217' title='bbox 93 4531 272 4609; x_wconf 78' lang='lat' dir='ltr'><strong>hospitalis</strong></span> <span class='ocrx_word' id='word_1_218' title='bbox 282 4530 606 4607; x_wconf 82' lang='lat' dir='ltr'><strong>Hierosolymitanae,</strong></span> <span class='ocrx_word' id='word_1_219' title='bbox 619 4531 758 4594; x_wconf 89' lang='lat' dir='ltr'><strong>salutem</strong></span> <span class='ocrx_word' id='word_1_220' title='bbox 773 4531 807 4593; x_wconf 90' lang='lat' dir='ltr'><strong>et</strong></span> <span class='ocrx_word' id='word_1_221' title='bbox 817 4544 900 4609; x_wconf 87' lang='lat' dir='ltr'><strong>apc-</strong></span> 
     </span>
     <span class='ocr_line' id='line_1_46' title="bbox 94 4627 542 4691; baseline -0.009 0"><span class='ocrx_word' id='word_1_222' title='bbox 94 4629 251 4691; x_wconf 87' lang='lat' dir='ltr'><strong>stolicam</strong></span> <span class='ocrx_word' id='word_1_223' title='bbox 264 4627 542 4691; x_wconf 87' lang='lat' dir='ltr'><strong>benedictionem.</strong></span> 
     </span>
    </p>

    <p class='ocr_par' dir='ltr' id='par_1_12' title="bbox 94 4724 903 5673">
     <span class='ocr_line' id='line_1_47' title="bbox 138 4724 897 4803; baseline -0.001 -16"><span class='ocrx_word' id='word_1_224' title='bbox 138 4727 223 4787; x_wconf 85' lang='lat' dir='ltr'><strong>Cum</strong></span> <span class='ocrx_word' id='word_1_225' title='bbox 235 4741 255 4787; x_wconf 90' lang='lat' dir='ltr'><strong>a</strong></span> <span class='ocrx_word' id='word_1_226' title='bbox 265 4724 362 4787; x_wconf 85' lang='lat' dir='ltr'><strong>nohis</strong></span> <span class='ocrx_word' id='word_1_227' title='bbox 377 4726 585 4802; x_wconf 91' lang='lat' dir='ltr'><strong>petitur,eto.</strong></span> <span class='ocrx_word' id='word_1_228' title='bbox 601 4727 793 4803; x_wconf 80' lang='lat' dir='ltr'><strong>Eapropter,</strong></span> <span class='ocrx_word' id='word_1_229' title='bbox 809 4727 897 4789; x_wconf 89' lang='lat' dir='ltr'><strong>etc...</strong></span> 
     </span>
     <span class='ocr_line' id='line_1_48' title="bbox 94 4822 897 4901; baseline -0.005 -14"><span class='ocrx_word' id='word_1_230' title='bbox 94 4837 206 4898; x_wconf 78' lang='lat' dir='ltr'><strong>usque</strong></span> <span class='ocrx_word' id='word_1_231' title='bbox 220 4838 371 4884; x_wconf 87' lang='lat' dir='ltr'><strong>assensu.</strong></span> <span class='ocrx_word' id='word_1_232' title='bbox 388 4823 564 4885; x_wconf 89' lang='lat' dir='ltr'><strong>Redditum</strong></span> <span class='ocrx_word' id='word_1_233' title='bbox 575 4826 684 4884; x_wconf 82' lang='lat' dir='ltr'><strong>Portae</strong></span> <span class='ocrx_word' id='word_1_234' title='bbox 699 4822 740 4883; x_wconf 91' lang='lat' dir='ltr'><strong>de</strong></span> <span class='ocrx_word' id='word_1_235' title='bbox 756 4826 897 4901; x_wconf 82' lang='lat' dir='ltr'><strong>Supran,</strong></span> 
     </span>
     <span class='ocr_line' id='line_1_49' title="bbox 96 4919 901 4999; baseline -0.001 -17"><span class='ocrx_word' id='word_1_236' title='bbox 96 4922 155 4999; x_wconf 88' lang='lat' dir='ltr'><strong>qui</strong></span> <span class='ocrx_word' id='word_1_237' title='bbox 179 4919 284 4983; x_wconf 91' lang='lat' dir='ltr'><strong>Bobet</strong></span> <span class='ocrx_word' id='word_1_238' title='bbox 306 4919 439 4992; x_wconf 85' lang='lat' dir='ltr'><strong>dicitur,</strong></span> <span class='ocrx_word' id='word_1_239' title='bbox 463 4920 496 4982; x_wconf 89' lang='lat' dir='ltr'><strong>et</strong></span> <span class='ocrx_word' id='word_1_240' title='bbox 509 4923 644 4993; x_wconf 90' lang='lat' dir='ltr'><strong>terram,</strong></span> <span class='ocrx_word' id='word_1_241' title='bbox 662 4922 799 4998; x_wconf 80' lang='lat' dir='ltr'><strong>quaeest</strong></span> <span class='ocrx_word' id='word_1_242' title='bbox 814 4921 901 4983; x_wconf 90' lang='lat' dir='ltr'><strong>inter</strong></span> 
     </span>
     <span class='ocr_line' id='line_1_50' title="bbox 95 5016 901 5094; baseline -0.005 -13"><span class='ocrx_word' id='word_1_243' title='bbox 95 5022 244 5081; x_wconf 81' lang='lat' dir='ltr'><strong>Drauam</strong></span> <span class='ocrx_word' id='word_1_244' title='bbox 258 5018 292 5079; x_wconf 91' lang='lat' dir='ltr'><strong>et</strong></span> <span class='ocrx_word' id='word_1_245' title='bbox 312 5016 475 5094; x_wconf 82' lang='lat' dir='ltr'><strong>Chergou,</strong></span> <span class='ocrx_word' id='word_1_246' title='bbox 495 5017 590 5079; x_wconf 83' lang='lat' dir='ltr'><strong>robis</strong></span> <span class='ocrx_word' id='word_1_247' title='bbox 615 5034 690 5079; x_wconf 90' lang='lat' dir='ltr'><strong>cum</strong></span> <span class='ocrx_word' id='word_1_248' title='bbox 710 5017 901 5081; x_wconf 90' lang='lat' dir='ltr'><strong>nemoribus</strong></span> 
     </span>
     <span class='ocr_line' id='line_1_51' title="bbox 95 5111 901 5188; baseline -0.002 -12"><span class='ocrx_word' id='word_1_249' title='bbox 95 5117 131 5176; x_wconf 94' lang='lat' dir='ltr'><strong>et</strong></span> <span class='ocrx_word' id='word_1_250' title='bbox 156 5112 235 5173; x_wconf 88' lang='lat' dir='ltr'><strong>aliis</strong></span> <span class='ocrx_word' id='word_1_251' title='bbox 263 5111 474 5188; x_wconf 88' lang='lat' dir='ltr'><strong>pertinentiis</strong></span> <span class='ocrx_word' id='word_1_252' title='bbox 507 5113 578 5173; x_wconf 89' lang='lat' dir='ltr'><strong>suis</strong></span> <span class='ocrx_word' id='word_1_253' title='bbox 609 5128 629 5173; x_wconf 91' lang='lat' dir='ltr'><strong>a</strong></span> <span class='ocrx_word' id='word_1_254' title='bbox 657 5113 831 5174; x_wconf 88' lang='lat' dir='ltr'><strong>carissimo</strong></span> <span class='ocrx_word' id='word_1_255' title='bbox 866 5112 901 5174; x_wconf 92' lang='lat' dir='ltr'><strong>in</strong></span> 
     </span>
     <span class='ocr_line' id='line_1_52' title="bbox 96 5208 902 5286; baseline -0.001 -14"><span class='ocrx_word' id='word_1_256' title='bbox 96 5208 309 5285; x_wconf 84' lang='lat' dir='ltr'><strong>Christclllio</strong></span> <span class='ocrx_word' id='word_1_257' title='bbox 322 5211 435 5271; x_wconf 90' lang='lat' dir='ltr'><strong>nostro</strong></span> <span class='ocrx_word' id='word_1_258' title='bbox 443 5209 575 5272; x_wconf 77' lang='lat' dir='ltr'><strong>andrea</strong></span> <span class='ocrx_word' id='word_1_259' title='bbox 587 5209 709 5272; x_wconf 83' lang='lat' dir='ltr'><strong>illustri</strong></span> <span class='ocrx_word' id='word_1_260' title='bbox 721 5226 800 5286; x_wconf 89' lang='lat' dir='ltr'><strong>rege</strong></span> <span class='ocrx_word' id='word_1_261' title='bbox 813 5213 902 5272; x_wconf 83' lang='lat' dir='ltr'><strong>liuu-</strong></span> 
     </span>
     <span class='ocr_line' id='line_1_53' title="bbox 95 5305 903 5384; baseline -0.004 -14"><span class='ocrx_word' id='word_1_262' title='bbox 95 5307 205 5384; x_wconf 86' lang='lat' dir='ltr'><strong>gariae</strong></span> <span class='ocrx_word' id='word_1_263' title='bbox 214 5306 348 5383; x_wconf 90' lang='lat' dir='ltr'><strong>pietatis</strong></span> <span class='ocrx_word' id='word_1_264' title='bbox 363 5305 498 5370; x_wconf 89' lang='lat' dir='ltr'><strong>obtentu</strong></span> <span class='ocrx_word' id='word_1_265' title='bbox 506 5307 638 5378; x_wconf 91' lang='lat' dir='ltr'><strong>collata,</strong></span> <span class='ocrx_word' id='word_1_266' title='bbox 655 5323 784 5369; x_wconf 91' lang='lat' dir='ltr'><strong>necnon</strong></span> <span class='ocrx_word' id='word_1_267' title='bbox 799 5307 903 5369; x_wconf 85' lang='lat' dir='ltr'><strong>liber·</strong></span> 
     </span>
     <span class='ocr_line' id='line_1_54' title="bbox 96 5403 902 5481; baseline -0.007 -10"><span class='ocrx_word' id='word_1_268' title='bbox 96 5407 198 5476; x_wconf 82' lang='lat' dir='ltr'><strong>tates,</strong></span> <span class='ocrx_word' id='word_1_269' title='bbox 225 5403 450 5467; x_wconf 88' lang='lat' dir='ltr'><strong>immunitates</strong></span> <span class='ocrx_word' id='word_1_270' title='bbox 472 5405 506 5467; x_wconf 92' lang='lat' dir='ltr'><strong>et</strong></span> <span class='ocrx_word' id='word_1_271' title='bbox 523 5406 750 5481; x_wconf 85' lang='lat' dir='ltr'><strong>exemptiones</strong></span> <span class='ocrx_word' id='word_1_272' title='bbox 758 5405 902 5467; x_wconf 80' lang='lat' dir='ltr'><strong>saecula·</strong></span> 
     </span>
     <span class='ocr_line' id='line_1_55' title="bbox 98 5503 903 5580; baseline 0 -15"><span class='ocrx_word' id='word_1_273' title='bbox 98 5504 190 5566; x_wconf 88' lang='lat' dir='ltr'><strong>rium</strong></span> <span class='ocrx_word' id='word_1_274' title='bbox 212 5503 426 5565; x_wconf 80' lang='lat' dir='ltr'><strong>exactionum</strong></span> <span class='ocrx_word' id='word_1_275' title='bbox 449 5503 492 5564; x_wconf 89' lang='lat' dir='ltr'><strong>ab</strong></span> <span class='ocrx_word' id='word_1_276' title='bbox 515 5503 631 5565; x_wconf 89' lang='lat' dir='ltr'><strong>eodem</strong></span> <span class='ocrx_word' id='word_1_277' title='bbox 660 5518 739 5580; x_wconf 91' lang='lat' dir='ltr'><strong>rege</strong></span> <span class='ocrx_word' id='word_1_278' title='bbox 760 5503 855 5565; x_wconf 80' lang='lat' dir='ltr'><strong>uobis</strong></span> <span class='ocrx_word' id='word_1_279' title='bbox 871 5506 903 5566; x_wconf 91' lang='grc'><strong>11</strong></span> 
     </span>
     <span class='ocr_line' id='line_1_56' title="bbox 99 5599 903 5673; baseline -0.001 -10"><span class='ocrx_word' id='word_1_280' title='bbox 99 5599 297 5667; x_wconf 86' lang='lat' dir='ltr'><strong>bominibus</strong></span> <span class='ocrx_word' id='word_1_281' title='bbox 310 5600 431 5667; x_wconf 80' lang='lat' dir='ltr'><strong>vestris</strong></span> <span class='ocrx_word' id='word_1_282' title='bbox 452 5600 610 5673; x_wconf 87' lang='lat' dir='ltr'><strong>indultas,</strong></span> <span class='ocrx_word' id='word_1_283' title='bbox 632 5600 717 5663; x_wconf 88' lang='lat' dir='ltr'><strong>sicut</strong></span> <span class='ocrx_word' id='word_1_284' title='bbox 736 5617 776 5663; x_wconf 90' lang='lat' dir='ltr'><strong>ea</strong></span> <span class='ocrx_word' id='word_1_285' title='bbox 791 5601 903 5663; x_wconf 90' lang='lat' dir='ltr'><strong>omnia</strong></span> 
     </span>
    </p>
   </div>
   <div class='ocr_carea' id='block_1_9' title="bbox 940 518 1758 5677">
    <p class='ocr_par' dir='ltr' id='par_1_13' title="bbox 940 518 1758 5677">
     <span class='ocr_line' id='line_1_57' title="bbox 940 518 1741 596; baseline 0.011 -18"><span class='ocrx_word' id='word_1_286' title='bbox 940 519 1029 595; x_wconf 90' lang='lat' dir='ltr'><strong>regis</strong></span> <span class='ocrx_word' id='word_1_287' title='bbox 1055 518 1177 581; x_wconf 89' lang='lat' dir='ltr'><strong>litteris</strong></span> <span class='ocrx_word' id='word_1_288' title='bbox 1205 518 1336 596; x_wconf 88' lang='lat' dir='ltr'><strong>plenius</strong></span> <span class='ocrx_word' id='word_1_289' title='bbox 1365 519 1563 592; x_wconf 87' lang='lat' dir='ltr'><strong>continetur,</strong></span> <span class='ocrx_word' id='word_1_290' title='bbox 1593 522 1687 585; x_wconf 86' lang='lat' dir='ltr'><strong>vebis</strong></span> <span class='ocrx_word' id='word_1_291' title='bbox 1707 526 1741 587; x_wconf 89' lang='lat' dir='ltr'><strong>et</strong></span> 
     </span>
     <span class='ocr_line' id='line_1_58' title="bbox 940 616 1739 697; baseline 0.011 -22"><span class='ocrx_word' id='word_1_292' title='bbox 940 631 1000 693; x_wconf 93' lang='lat' dir='ltr'><strong>per</strong></span> <span class='ocrx_word' id='word_1_293' title='bbox 1013 632 1074 678; x_wconf 81' lang='lat' dir='ltr'><strong>vos</strong></span> <span class='ocrx_word' id='word_1_294' title='bbox 1088 616 1739 697; x_wconf 73' lang='grc'><strong>11111111111111111111111111111111</strong></span> 
     </span>
     <span class='ocr_line' id='line_1_59' title="bbox 940 713 1739 794; baseline 0.008 -19"><span class='ocrx_word' id='word_1_295' title='bbox 940 713 1187 788; x_wconf 82' lang='lat' dir='ltr'><strong>confirmamus,</strong></span> <span class='ocrx_word' id='word_1_296' title='bbox 1200 717 1235 776; x_wconf 87' lang='lat' dir='ltr'><strong>et</strong></span> <span class='ocrx_word' id='word_1_297' title='bbox 1246 716 1419 792; x_wconf 89' lang='lat' dir='ltr'><strong>praesentis</strong></span> <span class='ocrx_word' id='word_1_298' title='bbox 1427 717 1542 793; x_wconf 90' lang='lat' dir='ltr'><strong>scripti</strong></span> <span class='ocrx_word' id='word_1_299' title='bbox 1554 718 1739 794; x_wconf 88' lang='lat' dir='ltr'><strong>patrocinio</strong></span> 
     </span>
     <span class='ocr_line' id='line_1_60' title="bbox 940 812 1742 889; baseline 0.009 -17"><span class='ocrx_word' id='word_1_300' title='bbox 940 812 1193 873; x_wconf 84' lang='lat' dir='ltr'><strong>communimus.</strong></span> <span class='ocrx_word' id='word_1_301' title='bbox 1209 812 1258 873; x_wconf 81' lang='lat' dir='ltr'><strong>Ad</strong></span> <span class='ocrx_word' id='word_1_302' title='bbox 1280 815 1440 889; x_wconf 87' lang='lat' dir='ltr'><strong>majorem</strong></span> <span class='ocrx_word' id='word_1_303' title='bbox 1462 817 1572 876; x_wconf 89' lang='lat' dir='ltr'><strong>autem</strong></span> <span class='ocrx_word' id='word_1_304' title='bbox 1593 815 1644 877; x_wconf 90' lang='lat' dir='ltr'><strong>rei</strong></span> <span class='ocrx_word' id='word_1_305' title='bbox 1668 818 1742 878; x_wconf 86' lang='lat' dir='ltr'><strong>evi·</strong></span> 
     </span>
     <span class='ocr_line' id='line_1_61' title="bbox 941 908 1739 988; baseline 0.01 -20"><span class='ocrx_word' id='word_1_306' title='bbox 941 908 1104 981; x_wconf 87' lang='lat' dir='ltr'><strong>dentiam,</strong></span> <span class='ocrx_word' id='word_1_307' title='bbox 1132 910 1282 972; x_wconf 90' lang='lat' dir='ltr'><strong>tenorem</strong></span> <span class='ocrx_word' id='word_1_308' title='bbox 1311 909 1497 973; x_wconf 89' lang='lat' dir='ltr'><strong>litterarum</strong></span> <span class='ocrx_word' id='word_1_309' title='bbox 1524 913 1674 988; x_wconf 87' lang='lat' dir='ltr'><strong>ipsarum</strong></span> <span class='ocrx_word' id='word_1_310' title='bbox 1697 915 1739 976; x_wconf 93' lang='lat' dir='ltr'><strong>de</strong></span> 
     </span>
     <span class='ocr_line' id='line_1_62' title="bbox 940 1005 1738 1086; baseline 0.006 -18"><span class='ocrx_word' id='word_1_311' title='bbox 940 1005 1041 1069; x_wconf 88' lang='lat' dir='ltr'><strong>verbo</strong></span> <span class='ocrx_word' id='word_1_312' title='bbox 1054 1007 1096 1069; x_wconf 91' lang='grc'><strong>11</strong></span> <span class='ocrx_word' id='word_1_313' title='bbox 1110 1007 1247 1069; x_wconf 82' lang='lat' dir='ltr'><strong>uerbum</strong></span> <span class='ocrx_word' id='word_1_314' title='bbox 1257 1008 1419 1085; x_wconf 89' lang='lat' dir='ltr'><strong>jussimus</strong></span> <span class='ocrx_word' id='word_1_315' title='bbox 1433 1010 1652 1086; x_wconf 87' lang='lat' dir='ltr'><strong>praesentibus</strong></span> <span class='ocrx_word' id='word_1_316' title='bbox 1671 1029 1738 1073; x_wconf 92' lang='lat' dir='ltr'><strong>an-</strong></span> 
     </span>
     <span class='ocr_line' id='line_1_63' title="bbox 942 1102 1742 1177; baseline 0.008 -12"><span class='ocrx_word' id='word_1_317' title='bbox 942 1102 1306 1177; x_wconf 76' lang='grc'><strong>111111.011111111111;</strong></span> <span class='ocrx_word' id='word_1_318' title='bbox 1324 1108 1361 1166; x_wconf 90' lang='lat' dir='ltr'><strong>In</strong></span> <span class='ocrx_word' id='word_1_319' title='bbox 1376 1107 1511 1168; x_wconf 91' lang='lat' dir='ltr'><strong>nomine</strong></span> <span class='ocrx_word' id='word_1_320' title='bbox 1526 1109 1657 1171; x_wconf 85' lang='lat' dir='ltr'><strong>Sanctae</strong></span> <span class='ocrx_word' id='word_1_321' title='bbox 1663 1111 1742 1170; x_wconf 83' lang='lat' dir='ltr'><strong>Tri-</strong></span> 
     </span>
     <span class='ocr_line' id='line_1_64' title="bbox 941 1202 1739 1269; baseline 0.008 -6"><span class='ocrx_word' id='word_1_322' title='bbox 941 1202 1056 1265; x_wconf 91' lang='lat' dir='ltr'><strong>nitatis</strong></span> <span class='ocrx_word' id='word_1_323' title='bbox 1072 1204 1105 1265; x_wconf 92' lang='lat' dir='ltr'><strong>et</strong></span> <span class='ocrx_word' id='word_1_324' title='bbox 1126 1203 1308 1265; x_wconf 81' lang='lat' dir='ltr'><strong>individuae</strong></span> <span class='ocrx_word' id='word_1_325' title='bbox 1331 1203 1480 1267; x_wconf 88' lang='lat' dir='ltr'><strong>unitatis.</strong></span> <span class='ocrx_word' id='word_1_326' title='bbox 1506 1205 1656 1267; x_wconf 81' lang='lat' dir='ltr'><strong>Andreas</strong></span> <span class='ocrx_word' id='word_1_327' title='bbox 1678 1209 1739 1269; x_wconf 87' lang='lat' dir='ltr'><strong>Dei</strong></span> 
     </span>
     <span class='ocr_line' id='line_1_65' title="bbox 941 1300 1738 1379; baseline 0.008 -18"><span class='ocrx_word' id='word_1_328' title='bbox 941 1300 1050 1376; x_wconf 89' lang='lat' dir='ltr'><strong>gratia</strong></span> <span class='ocrx_word' id='word_1_329' title='bbox 1088 1301 1292 1379; x_wconf 84' lang='lat' dir='ltr'><strong>Hungariae,</strong></span> <span class='ocrx_word' id='word_1_330' title='bbox 1327 1302 1525 1374; x_wconf 83' lang='lat' dir='ltr'><strong>Dalmatiae,</strong></span> <span class='ocrx_word' id='word_1_331' title='bbox 1568 1305 1738 1379; x_wconf 82' lang='lat' dir='ltr'><strong>croatiae,</strong></span> 
     </span>
     <span class='ocr_line' id='line_1_66' title="bbox 942 1399 1740 1479; baseline 0.005 -19"><span class='ocrx_word' id='word_1_332' title='bbox 942 1401 1067 1472; x_wconf 87' lang='lat' dir='ltr'><strong>Ramae,</strong></span> <span class='ocrx_word' id='word_1_333' title='bbox 1085 1400 1221 1471; x_wconf 82' lang='lat' dir='ltr'><strong>serviae,</strong></span> <span class='ocrx_word' id='word_1_334' title='bbox 1234 1399 1387 1471; x_wconf 81' lang='grc'><strong>(11111111,</strong></span> <span class='ocrx_word' id='word_1_335' title='bbox 1397 1401 1667 1479; x_wconf 89' lang='lat' dir='ltr'><strong>Lodomiroaeque</strong></span> <span class='ocrx_word' id='word_1_336' title='bbox 1678 1419 1740 1465; x_wconf 81' lang='lat' dir='ltr'><strong>rex</strong></span> 
     </span>
     <span class='ocr_line' id='line_1_67' title="bbox 943 1495 1739 1575; baseline 0.009 -20"><span class='ocrx_word' id='word_1_337' title='bbox 943 1495 1192 1573; x_wconf 89' lang='lat' dir='ltr'><strong>inperpetuum.</strong></span> <span class='ocrx_word' id='word_1_338' title='bbox 1220 1498 1313 1558; x_wconf 90' lang='lat' dir='ltr'><strong>Licet</strong></span> <span class='ocrx_word' id='word_1_339' title='bbox 1326 1498 1528 1575; x_wconf 82' lang='lat' dir='ltr'><strong>·juxtaillud</strong></span> <span class='ocrx_word' id='word_1_340' title='bbox 1555 1500 1739 1562; x_wconf 87' lang='lat' dir='ltr'><strong>veridicum</strong></span> 
     </span>
     <span class='ocr_line' id='line_1_68' title="bbox 943 1593 1740 1675; baseline 0.01 -22"><span class='ocrx_word' id='word_1_341' title='bbox 943 1594 1065 1656; x_wconf 87' lang='grc'><strong>1111111</strong></span> <span class='ocrx_word' id='word_1_342' title='bbox 1079 1593 1232 1656; x_wconf 89' lang='lat' dir='ltr'><strong>lectionis</strong></span> <span class='ocrx_word' id='word_1_343' title='bbox 1248 1594 1491 1667; x_wconf 89' lang='lat' dir='ltr'><strong>documentum,</strong></span> <span class='ocrx_word' id='word_1_344' title='bbox 1507 1598 1598 1658; x_wconf 92' lang='lat' dir='ltr'><strong>omni</strong></span> <span class='ocrx_word' id='word_1_345' title='bbox 1615 1598 1740 1675; x_wconf 87' lang='lat' dir='ltr'><strong>petenti</strong></span> 
     </span>
     <span class='ocr_line' id='line_1_69' title="bbox 942 1692 1741 1770; baseline 0.006 -17"><span class='ocrx_word' id='word_1_346' title='bbox 942 1693 975 1753; x_wconf 93' lang='lat' dir='ltr'><strong>te</strong></span> <span class='ocrx_word' id='word_1_347' title='bbox 986 1692 1096 1757; x_wconf 90' lang='lat' dir='ltr'><strong>tribue</strong></span> <span class='ocrx_word' id='word_1_348' title='bbox 1110 1692 1152 1754; x_wconf 90' lang='lat' dir='ltr'><strong>ad</strong></span> <span class='ocrx_word' id='word_1_349' title='bbox 1162 1693 1448 1770; x_wconf 84' lang='lat' dir='ltr'><strong>eleemosynarum</strong></span> <span class='ocrx_word' id='word_1_350' title='bbox 1457 1694 1668 1770; x_wconf 90' lang='lat' dir='ltr'><strong>largitionem</strong></span> <span class='ocrx_word' id='word_1_351' title='bbox 1676 1696 1741 1758; x_wconf 87' lang='lat' dir='ltr'><strong>ele·</strong></span> 
     </span>
     <span class='ocr_line' id='line_1_70' title="bbox 942 1790 1741 1869; baseline 0.008 -19"><span class='ocrx_word' id='word_1_352' title='bbox 942 1790 1186 1866; x_wconf 87' lang='lat' dir='ltr'><strong>gantissimum,</strong></span> <span class='ocrx_word' id='word_1_353' title='bbox 1210 1790 1367 1853; x_wconf 82' lang='lat' dir='ltr'><strong>videlicet</strong></span> <span class='ocrx_word' id='word_1_354' title='bbox 1392 1792 1522 1854; x_wconf 87' lang='lat' dir='ltr'><strong>naturae</strong></span> <span class='ocrx_word' id='word_1_355' title='bbox 1554 1808 1649 1869; x_wconf 89' lang='lat' dir='ltr'><strong>opus,</strong></span> <span class='ocrx_word' id='word_1_356' title='bbox 1672 1811 1741 1856; x_wconf 90' lang='lat' dir='ltr'><strong>non</strong></span> 
     </span>
     <span class='ocr_line' id='line_1_71' title="bbox 944 1888 1744 1965; baseline 0.004 -15"><span class='ocrx_word' id='word_1_357' title='bbox 944 1888 1124 1951; x_wconf 89' lang='lat' dir='ltr'><strong>secundum</strong></span> <span class='ocrx_word' id='word_1_358' title='bbox 1150 1903 1369 1965; x_wconf 86' lang='lat' dir='ltr'><strong>personarum</strong></span> <span class='ocrx_word' id='word_1_359' title='bbox 1395 1888 1603 1952; x_wconf 87' lang='lat' dir='ltr'><strong>differentias</strong></span> <span class='ocrx_word' id='word_1_360' title='bbox 1625 1894 1744 1953; x_wconf 89' lang='lat' dir='ltr'><strong>tenea·</strong></span> 
     </span>
     <span class='ocr_line' id='line_1_72' title="bbox 944 1985 1742 2065; baseline 0.006 -19"><span class='ocrx_word' id='word_1_361' title='bbox 944 2002 1027 2058; x_wconf 90' lang='lat' dir='ltr'><strong>mur,</strong></span> <span class='ocrx_word' id='word_1_362' title='bbox 1045 1985 1092 2046; x_wconf 91' lang='lat' dir='ltr'><strong>ihi</strong></span> <span class='ocrx_word' id='word_1_363' title='bbox 1106 1987 1217 2049; x_wconf 83' lang='lat' dir='ltr'><strong>tamen</strong></span> <span class='ocrx_word' id='word_1_364' title='bbox 1228 1986 1394 2063; x_wconf 89' lang='lat' dir='ltr'><strong>praecipue</strong></span> <span class='ocrx_word' id='word_1_365' title='bbox 1409 1987 1568 2049; x_wconf 87' lang='lat' dir='ltr'><strong>memoria</strong></span> <span class='ocrx_word' id='word_1_366' title='bbox 1591 1988 1742 2065; x_wconf 87' lang='lat' dir='ltr'><strong>largien-</strong></span> 
     </span>
     <span class='ocr_line' id='line_1_73' title="bbox 943 2083 1745 2169; baseline 0.002 -23"><span class='ocrx_word' id='word_1_367' title='bbox 943 2083 1026 2146; x_wconf 90' lang='lat' dir='ltr'><strong>tium</strong></span> <span class='ocrx_word' id='word_1_368' title='bbox 1045 2084 1081 2145; x_wconf 94' lang='lat' dir='ltr'><strong>in</strong></span> <span class='ocrx_word' id='word_1_369' title='bbox 1102 2083 1242 2146; x_wconf 88' lang='lat' dir='ltr'><strong>deciduo</strong></span> <span class='ocrx_word' id='word_1_370' title='bbox 1264 2084 1510 2169; x_wconf 85' lang='lat' dir='ltr'><strong>recordationis</strong></span> <span class='ocrx_word' id='word_1_371' title='bbox 1528 2085 1626 2147; x_wconf 90' lang='lat' dir='ltr'><strong>titulo</strong></span> <span class='ocrx_word' id='word_1_372' title='bbox 1650 2102 1745 2148; x_wconf 92' lang='lat' dir='ltr'><strong>com-</strong></span> 
     </span>
     <span class='ocr_line' id='line_1_74' title="bbox 944 2181 1742 2261; baseline 0.003 -18"><span class='ocrx_word' id='word_1_373' title='bbox 944 2181 1742 2261; x_wconf 81' lang='lat' dir='ltr'><strong>mandatur,ubisollersetinsopitarecipientium</strong></span> 
     </span>
     <span class='ocr_line' id='line_1_75' title="bbox 945 2279 1744 2357; baseline 0.004 -17"><span class='ocrx_word' id='word_1_374' title='bbox 945 2279 1121 2357; x_wconf 91' lang='lat' dir='ltr'><strong>prudentia</strong></span> <span class='ocrx_word' id='word_1_375' title='bbox 1147 2279 1211 2357; x_wconf 87' lang='lat' dir='ltr'><strong>piae</strong></span> <span class='ocrx_word' id='word_1_376' title='bbox 1237 2279 1423 2342; x_wconf 82' lang='lat' dir='ltr'><strong>devotionis</strong></span> <span class='ocrx_word' id='word_1_377' title='bbox 1449 2279 1592 2342; x_wconf 90' lang='lat' dir='ltr'><strong>fructum</strong></span> <span class='ocrx_word' id='word_1_378' title='bbox 1620 2281 1657 2342; x_wconf 89' lang='lat' dir='ltr'><strong>in</strong></span> <span class='ocrx_word' id='word_1_379' title='bbox 1683 2282 1744 2343; x_wconf 87' lang='lat' dir='ltr'><strong>Dei</strong></span> 
     </span>
     <span class='ocr_line' id='line_1_76' title="bbox 945 2376 1743 2456; baseline 0.004 -18"><span class='ocrx_word' id='word_1_380' title='bbox 945 2377 1077 2439; x_wconf 91' lang='lat' dir='ltr'><strong>laudem</strong></span> <span class='ocrx_word' id='word_1_381' title='bbox 1091 2376 1297 2440; x_wconf 90' lang='lat' dir='ltr'><strong>ethonorem</strong></span> <span class='ocrx_word' id='word_1_382' title='bbox 1321 2377 1551 2440; x_wconf 87' lang='lat' dir='ltr'><strong>indesinenter</strong></span> <span class='ocrx_word' id='word_1_383' title='bbox 1574 2379 1743 2456; x_wconf 91' lang='lat' dir='ltr'><strong>operatur.</strong></span> 
     </span>
     <span class='ocr_line' id='line_1_77' title="bbox 946 2476 1746 2554; baseline 0.005 -19"><span class='ocrx_word' id='word_1_384' title='bbox 946 2477 1027 2537; x_wconf 85' lang='lat' dir='ltr'><strong>Cum</strong></span> <span class='ocrx_word' id='word_1_385' title='bbox 1041 2476 1144 2552; x_wconf 88' lang='lat' dir='ltr'><strong>igitur</strong></span> <span class='ocrx_word' id='word_1_386' title='bbox 1155 2478 1253 2554; x_wconf 77' lang='lat' dir='ltr'><strong>Juxta</strong></span> <span class='ocrx_word' id='word_1_387' title='bbox 1268 2476 1389 2537; x_wconf 89' lang='lat' dir='ltr'><strong>collata</strong></span> <span class='ocrx_word' id='word_1_388' title='bbox 1404 2476 1499 2538; x_wconf 87' lang='lat' dir='ltr'><strong>nohis</strong></span> <span class='ocrx_word' id='word_1_389' title='bbox 1513 2476 1672 2538; x_wconf 86' lang='lat' dir='ltr'><strong>divinitus</strong></span> <span class='ocrx_word' id='word_1_390' title='bbox 1689 2492 1746 2539; x_wconf 92' lang='lat' dir='ltr'><strong>re-</strong></span> 
     </span>
     <span class='ocr_line' id='line_1_78' title="bbox 946 2573 1746 2651; baseline 0.004 -17"><span class='ocrx_word' id='word_1_391' title='bbox 946 2573 1639 2651; x_wconf 67' lang='grc'><strong>11111111111111111111111111111111111</strong></span> <span class='ocrx_word' id='word_1_392' title='bbox 1650 2576 1746 2637; x_wconf 90' lang='lat' dir='ltr'><strong>caete·</strong></span> 
     </span>
     <span class='ocr_line' id='line_1_79' title="bbox 946 2671 1747 2749; baseline 0.002 -17"><span class='ocrx_word' id='word_1_393' title='bbox 946 2672 995 2733; x_wconf 92' lang='lat' dir='ltr'><strong>ris</strong></span> <span class='ocrx_word' id='word_1_394' title='bbox 1009 2671 1245 2734; x_wconf 85' lang='lat' dir='ltr'><strong>munificentiae</strong></span> <span class='ocrx_word' id='word_1_395' title='bbox 1256 2671 1365 2733; x_wconf 90' lang='lat' dir='ltr'><strong>studio</strong></span> <span class='ocrx_word' id='word_1_396' title='bbox 1378 2687 1478 2749; x_wconf 92' lang='lat' dir='ltr'><strong>super</strong></span> <span class='ocrx_word' id='word_1_397' title='bbox 1488 2687 1610 2748; x_wconf 88' lang='lat' dir='ltr'><strong>egenos</strong></span> <span class='ocrx_word' id='word_1_398' title='bbox 1622 2673 1655 2734; x_wconf 94' lang='grc'><strong>11</strong></span> <span class='ocrx_word' id='word_1_399' title='bbox 1666 2688 1747 2748; x_wconf 90' lang='lat' dir='ltr'><strong>pau·</strong></span> 
     </span>
     <span class='ocr_line' id='line_1_80' title="bbox 950 2768 1747 2845; baseline 0 -14"><span class='ocrx_word' id='word_1_400' title='bbox 950 2782 1047 2845; x_wconf 87' lang='lat' dir='ltr'><strong>peres</strong></span> <span class='ocrx_word' id='word_1_401' title='bbox 1059 2769 1231 2833; x_wconf 88' lang='lat' dir='ltr'><strong>intendere</strong></span> <span class='ocrx_word' id='word_1_402' title='bbox 1241 2768 1431 2842; x_wconf 90' lang='lat' dir='ltr'><strong>debeamus,</strong></span> <span class='ocrx_word' id='word_1_403' title='bbox 1452 2769 1571 2831; x_wconf 84' lang='lat' dir='ltr'><strong>debitae</strong></span> <span class='ocrx_word' id='word_1_404' title='bbox 1583 2770 1747 2831; x_wconf 89' lang='lat' dir='ltr'><strong>circums-</strong></span> 
     </span>
     <span class='ocr_line' id='line_1_81' title="bbox 947 2864 1746 2943; baseline -0.001 -16"><span class='ocrx_word' id='word_1_405' title='bbox 947 2865 1109 2942; x_wconf 87' lang='lat' dir='ltr'><strong>pectionis</strong></span> <span class='ocrx_word' id='word_1_406' title='bbox 1124 2865 1367 2943; x_wconf 88' lang='lat' dir='ltr'><strong>providentiam</strong></span> <span class='ocrx_word' id='word_1_407' title='bbox 1379 2864 1574 2927; x_wconf 87' lang='lat' dir='ltr'><strong>adhibentes</strong></span> <span class='ocrx_word' id='word_1_408' title='bbox 1589 2865 1746 2926; x_wconf 88' lang='lat' dir='ltr'><strong>animad-</strong></span> 
     </span>
     <span class='ocr_line' id='line_1_82' title="bbox 947 2962 1747 3041; baseline 0.004 -19"><span class='ocrx_word' id='word_1_409' title='bbox 947 2964 1119 3035; x_wconf 84' lang='lat' dir='ltr'><strong>vertimus,</strong></span> <span class='ocrx_word' id='word_1_410' title='bbox 1154 2963 1202 3024; x_wconf 87' lang='lat' dir='ltr'><strong>ibi</strong></span> <span class='ocrx_word' id='word_1_411' title='bbox 1234 2979 1294 3025; x_wconf 89' lang='lat' dir='ltr'><strong>nos</strong></span> <span class='ocrx_word' id='word_1_412' title='bbox 1332 2962 1452 3024; x_wconf 89' lang='lat' dir='ltr'><strong>debere</strong></span> <span class='ocrx_word' id='word_1_413' title='bbox 1483 2963 1592 3041; x_wconf 88' lang='lat' dir='ltr'><strong>potius</strong></span> <span class='ocrx_word' id='word_1_414' title='bbox 1623 2963 1747 3025; x_wconf 89' lang='lat' dir='ltr'><strong>nostrae</strong></span> 
     </span>
     <span class='ocr_line' id='line_1_83' title="bbox 948 3060 1746 3138; baseline 0.003 -17"><span class='ocrx_word' id='word_1_415' title='bbox 948 3061 1135 3138; x_wconf 82' lang='lat' dir='ltr'><strong>largitionis</strong></span> <span class='ocrx_word' id='word_1_416' title='bbox 1150 3061 1302 3123; x_wconf 90' lang='lat' dir='ltr'><strong>surculos</strong></span> <span class='ocrx_word' id='word_1_417' title='bbox 1316 3060 1537 3133; x_wconf 88' lang='lat' dir='ltr'><strong>interserere,</strong></span> <span class='ocrx_word' id='word_1_418' title='bbox 1562 3060 1618 3122; x_wconf 92' lang='lat' dir='ltr'><strong>ubi</strong></span> <span class='ocrx_word' id='word_1_419' title='bbox 1633 3061 1666 3122; x_wconf 93' lang='lat' dir='ltr'><strong>et</strong></span> <span class='ocrx_word' id='word_1_420' title='bbox 1678 3064 1746 3123; x_wconf 88' lang='lat' dir='ltr'><strong>Deo</strong></span> 
     </span>
     <span class='ocr_line' id='line_1_84' title="bbox 948 3158 1744 3235; baseline 0 -16"><span class='ocrx_word' id='word_1_421' title='bbox 948 3158 1165 3223; x_wconf 80' lang='lat' dir='ltr'><strong>servientium</strong></span> <span class='ocrx_word' id='word_1_422' title='bbox 1179 3175 1336 3221; x_wconf 88' lang='lat' dir='ltr'><strong>numerus</strong></span> <span class='ocrx_word' id='word_1_423' title='bbox 1355 3159 1565 3235; x_wconf 90' lang='lat' dir='ltr'><strong>augmentari</strong></span> <span class='ocrx_word' id='word_1_424' title='bbox 1581 3158 1613 3221; x_wconf 91' lang='lat' dir='ltr'><strong>et</strong></span> <span class='ocrx_word' id='word_1_425' title='bbox 1638 3158 1744 3219; x_wconf 86' lang='lat' dir='ltr'><strong>divini</strong></span> 
     </span>
     <span class='ocr_line' id='line_1_85' title="bbox 948 3254 1746 3332; baseline -0.003 -14"><span class='ocrx_word' id='word_1_426' title='bbox 948 3256 1094 3318; x_wconf 88' lang='lat' dir='ltr'><strong>nominis</strong></span> <span class='ocrx_word' id='word_1_427' title='bbox 1105 3256 1213 3317; x_wconf 90' lang='lat' dir='ltr'><strong>cultus</strong></span> <span class='ocrx_word' id='word_1_428' title='bbox 1227 3256 1260 3318; x_wconf 90' lang='lat' dir='ltr'><strong>ei</strong></span> <span class='ocrx_word' id='word_1_429' title='bbox 1273 3255 1381 3332; x_wconf 89' lang='lat' dir='ltr'><strong>gloria</strong></span> <span class='ocrx_word' id='word_1_430' title='bbox 1391 3255 1426 3315; x_wconf 91' lang='lat' dir='ltr'><strong>in</strong></span> <span class='ocrx_word' id='word_1_431' title='bbox 1438 3254 1671 3331; x_wconf 80' lang='lat' dir='ltr'><strong>generationes</strong></span> <span class='ocrx_word' id='word_1_432' title='bbox 1691 3270 1746 3332; x_wconf 91' lang='lat' dir='ltr'><strong>ge-</strong></span> 
     </span>
     <span class='ocr_line' id='line_1_86' title="bbox 948 3352 1744 3430; baseline -0.003 -14"><span class='ocrx_word' id='word_1_433' title='bbox 948 3355 1158 3417; x_wconf 87' lang='lat' dir='ltr'><strong>nerationum</strong></span> <span class='ocrx_word' id='word_1_434' title='bbox 1173 3352 1277 3430; x_wconf 89' lang='lat' dir='ltr'><strong>possit</strong></span> <span class='ocrx_word' id='word_1_435' title='bbox 1297 3352 1440 3413; x_wconf 82' lang='lat' dir='ltr'><strong>feliciter</strong></span> <span class='ocrx_word' id='word_1_436' title='bbox 1458 3352 1591 3414; x_wconf 86' lang='lat' dir='ltr'><strong>dilatari</strong></span> <span class='ocrx_word' id='word_1_437' title='bbox 1607 3375 1614 3413; x_wconf 75' lang='grc' dir='ltr'><strong><em>ε</em></strong></span> <span class='ocrx_word' id='word_1_438' title='bbox 1628 3369 1744 3415; x_wconf 77' lang='lat' dir='ltr'><strong>aerum</strong></span> 
     </span>
     <span class='ocr_line' id='line_1_87' title="bbox 949 3448 1747 3529; baseline 0 -17"><span class='ocrx_word' id='word_1_439' title='bbox 949 3448 1747 3529; x_wconf 85' lang='lat' dir='ltr'><strong>quiasacratisslmamdomumHospitalissancti</strong></span> 
     </span>
     <span class='ocr_line' id='line_1_88' title="bbox 947 3545 1747 3623; baseline -0.001 -13"><span class='ocrx_word' id='word_1_440' title='bbox 947 3548 1111 3611; x_wconf 79' lang='lat' dir='ltr'><strong>iohannis</strong></span> <span class='ocrx_word' id='word_1_441' title='bbox 1120 3545 1278 3623; x_wconf 78' lang='lat' dir='ltr'><strong>Baptistae</strong></span> <span class='ocrx_word' id='word_1_442' title='bbox 1289 3545 1639 3623; x_wconf 81' lang='lat' dir='ltr'><strong>deierusalem,prout</strong></span> <span class='ocrx_word' id='word_1_443' title='bbox 1649 3549 1747 3609; x_wconf 88' lang='lat' dir='ltr'><strong>antea</strong></span> 
     </span>
     <span class='ocr_line' id='line_1_89' title="bbox 948 3642 1748 3715; baseline -0.003 -7"><span class='ocrx_word' id='word_1_444' title='bbox 948 3645 1171 3708; x_wconf 90' lang='lat' dir='ltr'><strong>didiceramus</strong></span> <span class='ocrx_word' id='word_1_445' title='bbox 1186 3643 1311 3715; x_wconf 91' lang='lat' dir='ltr'><strong>auditu,</strong></span> <span class='ocrx_word' id='word_1_446' title='bbox 1335 3659 1409 3704; x_wconf 91' lang='lat' dir='ltr'><strong>cum</strong></span> <span class='ocrx_word' id='word_1_447' title='bbox 1429 3642 1471 3703; x_wconf 90' lang='lat' dir='ltr'><strong>ad</strong></span> <span class='ocrx_word' id='word_1_448' title='bbox 1492 3644 1622 3705; x_wconf 77' lang='lat' dir='ltr'><strong>Sanctae</strong></span> <span class='ocrx_word' id='word_1_449' title='bbox 1636 3646 1748 3706; x_wconf 81' lang='lat' dir='ltr'><strong>Terrae</strong></span> 
     </span>
     <span class='ocr_line' id='line_1_90' title="bbox 950 3739 1750 3813; baseline -0.001 -9"><span class='ocrx_word' id='word_1_450' title='bbox 950 3743 1134 3805; x_wconf 92' lang='lat' dir='ltr'><strong>subsidium</strong></span> <span class='ocrx_word' id='word_1_451' title='bbox 1169 3740 1391 3813; x_wconf 86' lang='lat' dir='ltr'><strong>accessimus,</strong></span> <span class='ocrx_word' id='word_1_452' title='bbox 1419 3739 1560 3803; x_wconf 84' lang='lat' dir='ltr'><strong>diversis</strong></span> <span class='ocrx_word' id='word_1_453' title='bbox 1590 3740 1750 3803; x_wconf 81' lang='lat' dir='ltr'><strong>virtutum</strong></span> 
     </span>
     <span class='ocr_line' id='line_1_91' title="bbox 950 3837 1748 3920; baseline -0.004 -17"><span class='ocrx_word' id='word_1_454' title='bbox 950 3839 1105 3920; x_wconf 89' lang='lat' dir='ltr'><strong>operibus</strong></span> <span class='ocrx_word' id='word_1_455' title='bbox 1118 3839 1153 3902; x_wconf 90' lang='lat' dir='ltr'><strong>in</strong></span> <span class='ocrx_word' id='word_1_456' title='bbox 1177 3839 1278 3901; x_wconf 87' lang='lat' dir='ltr'><strong>totius</strong></span> <span class='ocrx_word' id='word_1_457' title='bbox 1297 3837 1552 3919; x_wconf 81' lang='lat' dir='ltr'><strong>christianitatis</strong></span> <span class='ocrx_word' id='word_1_458' title='bbox 1565 3837 1748 3915; x_wconf 84' lang='lat' dir='ltr'><strong>proficuum</strong></span> 
     </span>
     <span class='ocr_line' id='line_1_92' title="bbox 950 3936 1748 4014; baseline -0.008 -11"><span class='ocrx_word' id='word_1_459' title='bbox 950 3942 984 4003; x_wconf 90' lang='lat' dir='ltr'><strong>et</strong></span> <span class='ocrx_word' id='word_1_460' title='bbox 1014 3939 1176 4001; x_wconf 90' lang='lat' dir='ltr'><strong>honorem</strong></span> <span class='ocrx_word' id='word_1_461' title='bbox 1204 3936 1476 4014; x_wconf 88' lang='lat' dir='ltr'><strong>resplendescere</strong></span> <span class='ocrx_word' id='word_1_462' title='bbox 1511 3936 1748 4011; x_wconf 87' lang='lat' dir='ltr'><strong>cognovimus,</strong></span> 
     </span>
     <span class='ocr_line' id='line_1_93' title="bbox 950 4033 1749 4117; baseline -0.006 -18"><span class='ocrx_word' id='word_1_463' title='bbox 950 4039 1050 4117; x_wconf 88' lang='lat' dir='ltr'><strong>hujus</strong></span> <span class='ocrx_word' id='word_1_464' title='bbox 1065 4034 1282 4098; x_wconf 88' lang='lat' dir='ltr'><strong>sacratissimi</strong></span> <span class='ocrx_word' id='word_1_465' title='bbox 1304 4034 1437 4110; x_wconf 91' lang='lat' dir='ltr'><strong>collegii</strong></span> <span class='ocrx_word' id='word_1_466' title='bbox 1449 4034 1518 4096; x_wconf 92' lang='lat' dir='ltr'><strong>toto</strong></span> <span class='ocrx_word' id='word_1_467' title='bbox 1536 4033 1749 4097; x_wconf 87' lang='lat' dir='ltr'><strong>cordetotis-</strong></span> 
     </span>
     <span class='ocr_line' id='line_1_94' title="bbox 951 4130 1752 4213; baseline -0.004 -17"><span class='ocrx_word' id='word_1_468' title='bbox 951 4148 1014 4213; x_wconf 88' lang='lat' dir='ltr'><strong>qne</strong></span> <span class='ocrx_word' id='word_1_469' title='bbox 1026 4132 1154 4196; x_wconf 79' lang='lat' dir='ltr'><strong>viribus</strong></span> <span class='ocrx_word' id='word_1_470' title='bbox 1169 4132 1337 4197; x_wconf 88' lang='lat' dir='ltr'><strong>inhiantes</strong></span> <span class='ocrx_word' id='word_1_471' title='bbox 1348 4131 1525 4200; x_wconf 83' lang='lat' dir='ltr'><strong>desiderio,</strong></span> <span class='ocrx_word' id='word_1_472' title='bbox 1539 4130 1660 4193; x_wconf 89' lang='lat' dir='ltr'><strong>divinae</strong></span> <span class='ocrx_word' id='word_1_473' title='bbox 1678 4132 1752 4209; x_wconf 93' lang='lat' dir='ltr'><strong>pie-</strong></span> 
     </span>
     <span class='ocr_line' id='line_1_95' title="bbox 951 4229 1748 4307; baseline -0.005 -12"><span class='ocrx_word' id='word_1_474' title='bbox 951 4232 1157 4295; x_wconf 86' lang='lat' dir='ltr'><strong>tatisintuitu</strong></span> <span class='ocrx_word' id='word_1_475' title='bbox 1167 4231 1202 4293; x_wconf 92' lang='lat' dir='ltr'><strong>in</strong></span> <span class='ocrx_word' id='word_1_476' title='bbox 1210 4229 1470 4307; x_wconf 89' lang='lat' dir='ltr'><strong>redemptionem</strong></span> <span class='ocrx_word' id='word_1_477' title='bbox 1483 4230 1604 4291; x_wconf 82' lang='lat' dir='ltr'><strong>animae</strong></span> <span class='ocrx_word' id='word_1_478' title='bbox 1612 4230 1748 4304; x_wconf 77' lang='lat' dir='ltr'><strong>nostra,</strong></span> 
     </span>
     <span class='ocr_line' id='line_1_96' title="bbox 952 4327 1750 4406; baseline -0.004 -13"><span class='ocrx_word' id='word_1_479' title='bbox 952 4336 986 4393; x_wconf 89' lang='lat' dir='ltr'><strong>et</strong></span> <span class='ocrx_word' id='word_1_480' title='bbox 1005 4330 1192 4393; x_wconf 90' lang='lat' dir='ltr'><strong>animarum</strong></span> <span class='ocrx_word' id='word_1_481' title='bbox 1222 4327 1505 4406; x_wconf 89' lang='lat' dir='ltr'><strong>praedecessorum</strong></span> <span class='ocrx_word' id='word_1_482' title='bbox 1537 4329 1750 4401; x_wconf 89' lang='lat' dir='ltr'><strong>nostrorum,</strong></span> 
     </span>
     <span class='ocr_line' id='line_1_97' title="bbox 952 4425 1754 4491; baseline -0.004 0"><span class='ocrx_word' id='word_1_483' title='bbox 952 4428 1142 4491; x_wconf 86' lang='lat' dir='ltr'><strong>memoratae</strong></span> <span class='ocrx_word' id='word_1_484' title='bbox 1168 4426 1286 4489; x_wconf 89' lang='lat' dir='ltr'><strong>domus</strong></span> <span class='ocrx_word' id='word_1_485' title='bbox 1301 4425 1429 4488; x_wconf 90' lang='lat' dir='ltr'><strong>meritis</strong></span> <span class='ocrx_word' id='word_1_486' title='bbox 1444 4427 1477 4488; x_wconf 91' lang='lat' dir='ltr'><strong>et</strong></span> <span class='ocrx_word' id='word_1_487' title='bbox 1490 4426 1679 4488; x_wconf 89' lang='lat' dir='ltr'><strong>interventu</strong></span> <span class='ocrx_word' id='word_1_488' title='bbox 1692 4441 1754 4488; x_wconf 89' lang='grc'><strong>11-</strong></span> 
     </span>
     <span class='ocr_line' id='line_1_98' title="bbox 954 4523 1751 4603; baseline -0.006 -14"><span class='ocrx_word' id='word_1_489' title='bbox 954 4528 1044 4589; x_wconf 90' lang='lat' dir='ltr'><strong>niam</strong></span> <span class='ocrx_word' id='word_1_490' title='bbox 1058 4526 1146 4603; x_wconf 89' lang='lat' dir='ltr'><strong>apud</strong></span> <span class='ocrx_word' id='word_1_491' title='bbox 1156 4527 1259 4587; x_wconf 92' lang='lat' dir='ltr'><strong>Deum</strong></span> <span class='ocrx_word' id='word_1_492' title='bbox 1277 4524 1434 4600; x_wconf 90' lang='lat' dir='ltr'><strong>consequi</strong></span> <span class='ocrx_word' id='word_1_493' title='bbox 1448 4523 1629 4600; x_wconf 89' lang='lat' dir='ltr'><strong>cupientes,</strong></span> <span class='ocrx_word' id='word_1_494' title='bbox 1644 4539 1751 4599; x_wconf 88' lang='lat' dir='ltr'><strong>quas·</strong></span> 
     </span>
     <span class='ocr_line' id='line_1_99' title="bbox 954 4618 1752 4696; baseline -0.006 -9"><span class='ocrx_word' id='word_1_495' title='bbox 954 4626 1028 4687; x_wconf 87' lang='lat' dir='ltr'><strong>dam</strong></span> <span class='ocrx_word' id='word_1_496' title='bbox 1036 4626 1158 4686; x_wconf 89' lang='lat' dir='ltr'><strong>nostrae</strong></span> <span class='ocrx_word' id='word_1_497' title='bbox 1166 4621 1354 4696; x_wconf 88' lang='lat' dir='ltr'><strong>largitionis</strong></span> <span class='ocrx_word' id='word_1_498' title='bbox 1365 4618 1559 4681; x_wconf 88' lang='lat' dir='ltr'><strong>donationes</strong></span> <span class='ocrx_word' id='word_1_499' title='bbox 1572 4619 1606 4682; x_wconf 89' lang='lat' dir='ltr'><strong>et</strong></span> <span class='ocrx_word' id='word_1_500' title='bbox 1615 4620 1752 4682; x_wconf 86' lang='lat' dir='ltr'><strong>eleemo-</strong></span> 
     </span>
     <span class='ocr_line' id='line_1_100' title="bbox 954 4715 1754 4801; baseline -0.006 -16"><span class='ocrx_word' id='word_1_501' title='bbox 954 4736 1056 4801; x_wconf 83' lang='lat' dir='ltr'><strong>synas</strong></span> <span class='ocrx_word' id='word_1_502' title='bbox 1071 4721 1194 4782; x_wconf 75' lang='lat' dir='ltr'><strong>sanctae</strong></span> <span class='ocrx_word' id='word_1_503' title='bbox 1209 4718 1321 4781; x_wconf 89' lang='lat' dir='ltr'><strong>domui</strong></span> <span class='ocrx_word' id='word_1_504' title='bbox 1337 4716 1494 4792; x_wconf 91' lang='lat' dir='ltr'><strong>hospitali</strong></span> <span class='ocrx_word' id='word_1_505' title='bbox 1511 4715 1551 4777; x_wconf 92' lang='lat' dir='ltr'><strong>de</strong></span> <span class='ocrx_word' id='word_1_506' title='bbox 1565 4718 1754 4780; x_wconf 88' lang='lat' dir='ltr'><strong>Jerusalem</strong></span> 
     </span>
     <span class='ocr_line' id='line_1_101' title="bbox 955 4813 1755 4883; baseline -0.004 -3"><span class='ocrx_word' id='word_1_507' title='bbox 955 4821 990 4881; x_wconf 92' lang='lat' dir='ltr'><strong>in</strong></span> <span class='ocrx_word' id='word_1_508' title='bbox 1011 4834 1129 4883; x_wconf 92' lang='lat' dir='ltr'><strong>manus</strong></span> <span class='ocrx_word' id='word_1_509' title='bbox 1156 4813 1270 4878; x_wconf 89' lang='lat' dir='ltr'><strong>fratris</strong></span> <span class='ocrx_word' id='word_1_510' title='bbox 1291 4813 1431 4876; x_wconf 83' lang='lat' dir='ltr'><strong>Guarini</strong></span> <span class='ocrx_word' id='word_1_511' title='bbox 1458 4814 1500 4875; x_wconf 93' lang='lat' dir='ltr'><strong>de</strong></span> <span class='ocrx_word' id='word_1_512' title='bbox 1521 4814 1634 4876; x_wconf 88' lang='lat' dir='ltr'><strong>Monte</strong></span> <span class='ocrx_word' id='word_1_513' title='bbox 1656 4816 1755 4877; x_wconf 89' lang='lat' dir='ltr'><strong>acuto</strong></span> 
     </span>
     <span class='ocr_line' id='line_1_102' title="bbox 955 4911 1754 4988; baseline -0.005 -11"><span class='ocrx_word' id='word_1_514' title='bbox 955 4916 1052 4979; x_wconf 81' lang='lat' dir='ltr'><strong>diotae</strong></span> <span class='ocrx_word' id='word_1_515' title='bbox 1074 4915 1199 4976; x_wconf 89' lang='lat' dir='ltr'><strong>sanotae</strong></span> <span class='ocrx_word' id='word_1_516' title='bbox 1220 4912 1337 4974; x_wconf 91' lang='lat' dir='ltr'><strong>domus</strong></span> <span class='ocrx_word' id='word_1_517' title='bbox 1354 4911 1531 4988; x_wconf 88' lang='lat' dir='ltr'><strong>hospitalis</strong></span> <span class='ocrx_word' id='word_1_518' title='bbox 1551 4911 1754 4974; x_wconf 74' lang='lat' dir='ltr'><strong>venerabilis</strong></span> 
     </span>
     <span class='ocr_line' id='line_1_103' title="bbox 956 5007 1754 5090; baseline -0.005 -16"><span class='ocrx_word' id='word_1_519' title='bbox 956 5011 1127 5090; x_wconf 85' lang='lat' dir='ltr'><strong>magistri,</strong></span> <span class='ocrx_word' id='word_1_520' title='bbox 1166 5013 1200 5073; x_wconf 91' lang='lat' dir='ltr'><strong>et</strong></span> <span class='ocrx_word' id='word_1_521' title='bbox 1242 5010 1390 5071; x_wconf 89' lang='lat' dir='ltr'><strong>omnium</strong></span> <span class='ocrx_word' id='word_1_522' title='bbox 1432 5007 1572 5071; x_wconf 85' lang='lat' dir='ltr'><strong>fratrum</strong></span> <span class='ocrx_word' id='word_1_523' title='bbox 1606 5009 1754 5087; x_wconf 88' lang='lat' dir='ltr'><strong>ejusdem</strong></span> 
     </span>
     <span class='ocr_line' id='line_1_104' title="bbox 956 5107 1756 5186; baseline -0.001 -14"><span class='ocrx_word' id='word_1_524' title='bbox 956 5111 1073 5172; x_wconf 74' lang='lat' dir='ltr'><strong>domtus</strong></span> <span class='ocrx_word' id='word_1_525' title='bbox 1092 5108 1305 5186; x_wconf 88' lang='lat' dir='ltr'><strong>praesentium</strong></span> <span class='ocrx_word' id='word_1_526' title='bbox 1320 5122 1360 5168; x_wconf 91' lang='lat' dir='ltr'><strong>ac</strong></span> <span class='ocrx_word' id='word_1_527' title='bbox 1372 5107 1559 5170; x_wconf 88' lang='lat' dir='ltr'><strong>futurorum</strong></span> <span class='ocrx_word' id='word_1_528' title='bbox 1568 5107 1609 5168; x_wconf 92' lang='grc'><strong>11</strong></span> <span class='ocrx_word' id='word_1_529' title='bbox 1626 5124 1707 5168; x_wconf 89' lang='lat' dir='ltr'><strong>usus</strong></span> <span class='ocrx_word' id='word_1_530' title='bbox 1722 5109 1756 5171; x_wconf 88' lang='grc'><strong>11</strong></span> 
     </span>
     <span class='ocr_line' id='line_1_105' title="bbox 956 5204 1756 5286; baseline -0.001 -17"><span class='ocrx_word' id='word_1_531' title='bbox 956 5206 1203 5286; x_wconf 86' lang='lat' dir='ltr'><strong>proprietatem,</strong></span> <span class='ocrx_word' id='word_1_532' title='bbox 1220 5205 1253 5267; x_wconf 90' lang='lat' dir='ltr'><strong>et</strong></span> <span class='ocrx_word' id='word_1_533' title='bbox 1266 5206 1308 5267; x_wconf 92' lang='grc'><strong>11</strong></span> <span class='ocrx_word' id='word_1_534' title='bbox 1320 5207 1375 5281; x_wconf 91' lang='lat' dir='ltr'><strong>jus</strong></span> <span class='ocrx_word' id='word_1_535' title='bbox 1385 5204 1576 5266; x_wconf 84' lang='lat' dir='ltr'><strong>memoratae</strong></span> <span class='ocrx_word' id='word_1_536' title='bbox 1591 5204 1708 5265; x_wconf 88' lang='lat' dir='ltr'><strong>domus</strong></span> <span class='ocrx_word' id='word_1_537' title='bbox 1722 5208 1756 5268; x_wconf 89' lang='lat' dir='ltr'><strong>et</strong></span> 
     </span>
     <span class='ocr_line' id='line_1_106' title="bbox 957 5300 1756 5383; baseline -0.006 -15"><span class='ocrx_word' id='word_1_538' title='bbox 957 5306 997 5368; x_wconf 91' lang='lat' dir='ltr'><strong>ad</strong></span> <span class='ocrx_word' id='word_1_539' title='bbox 1019 5304 1230 5383; x_wconf 89' lang='lat' dir='ltr'><strong>possesiones</strong></span> <span class='ocrx_word' id='word_1_540' title='bbox 1254 5303 1430 5380; x_wconf 90' lang='lat' dir='ltr'><strong>perpetuas</strong></span> <span class='ocrx_word' id='word_1_541' title='bbox 1454 5301 1662 5364; x_wconf 83' lang='lat' dir='ltr'><strong>decrevimus</strong></span> <span class='ocrx_word' id='word_1_542' title='bbox 1684 5300 1756 5363; x_wconf 90' lang='lat' dir='ltr'><strong>fore</strong></span> 
     </span>
     <span class='ocr_line' id='line_1_107' title="bbox 958 5398 1755 5478; baseline -0.006 -13"><span class='ocrx_word' id='word_1_543' title='bbox 958 5401 1159 5478; x_wconf 86' lang='lat' dir='ltr'><strong>largiendas.</strong></span> <span class='ocrx_word' id='word_1_544' title='bbox 1180 5402 1250 5462; x_wconf 89' lang='lat' dir='ltr'><strong>Nec</strong></span> <span class='ocrx_word' id='word_1_545' title='bbox 1264 5400 1442 5472; x_wconf 88' lang='lat' dir='ltr'><strong>immerito,</strong></span> <span class='ocrx_word' id='word_1_546' title='bbox 1460 5415 1534 5461; x_wconf 90' lang='lat' dir='ltr'><strong>cum</strong></span> <span class='ocrx_word' id='word_1_547' title='bbox 1553 5398 1623 5460; x_wconf 90' lang='lat' dir='ltr'><strong>illic</strong></span> <span class='ocrx_word' id='word_1_548' title='bbox 1635 5414 1755 5475; x_wconf 91' lang='lat' dir='ltr'><strong>perso-</strong></span> 
     </span>
     <span class='ocr_line' id='line_1_108' title="bbox 957 5496 1758 5576; baseline -0.007 -12"><span class='ocrx_word' id='word_1_549' title='bbox 957 5499 1241 5576; x_wconf 82' lang='lat' dir='ltr'><strong>naliterbospitali</strong></span> <span class='ocrx_word' id='word_1_550' title='bbox 1256 5497 1437 5560; x_wconf 79' lang='lat' dir='ltr'><strong>uiderimus</strong></span> <span class='ocrx_word' id='word_1_551' title='bbox 1452 5496 1662 5557; x_wconf 89' lang='lat' dir='ltr'><strong>innumerum</strong></span> <span class='ocrx_word' id='word_1_552' title='bbox 1673 5513 1758 5573; x_wconf 91' lang='lat' dir='ltr'><strong>pau-</strong></span> 
     </span>
     <span class='ocr_line' id='line_1_109' title="bbox 958 5593 1757 5677; baseline -0.005 -17"><span class='ocrx_word' id='word_1_553' title='bbox 958 5614 1072 5677; x_wconf 90' lang='lat' dir='ltr'><strong>perum</strong></span> <span class='ocrx_word' id='word_1_554' title='bbox 1086 5598 1207 5659; x_wconf 87' lang='lat' dir='ltr'><strong>coetum</strong></span> <span class='ocrx_word' id='word_1_555' title='bbox 1222 5596 1342 5657; x_wconf 87' lang='lat' dir='ltr'><strong>diurno</strong></span> <span class='ocrx_word' id='word_1_556' title='bbox 1350 5595 1445 5672; x_wconf 91' lang='lat' dir='ltr'><strong>pastu</strong></span> <span class='ocrx_word' id='word_1_557' title='bbox 1459 5593 1606 5671; x_wconf 88' lang='lat' dir='ltr'><strong>quotidie</strong></span> <span class='ocrx_word' id='word_1_558' title='bbox 1620 5595 1757 5656; x_wconf 77' lang='lat' dir='ltr'><strong>aristen-</strong></span> 
     </span>
    </p>
   </div>
   <div class='ocr_carea' id='block_1_10' title="bbox 0 0 2013 6196">
    <p class='ocr_par' dir='ltr' id='par_1_14' title="bbox 0 0 2013 6196">
     <span class='ocr_line' id='line_1_110' title="bbox 0 0 2013 6196; baseline 0 0"><span class='ocrx_word' id='word_1_559' title='bbox 0 0 2013 6196; x_wconf 95' lang='lat' dir='ltr'><strong> </strong></span> 
     </span>
    </p>
   </div>
  </div>
 </body>
</html>
