3980 6206
198 332 259 390 715
819 326 993 388 Honesti
1016 328 1061 387 111
1082 328 1231 389 OPERA.
1786 336 1845 393 ild

194 488 342 565 capitulo
356 488 570 551 laudunensi
590 489 623 549 et
637 485 827 548 hominibus
846 486 919 547 suis
939 483 994 547 ni·
1048 487 1091 548 sil
1103 487 1474 564 toresmpraesentium
1487 482 1762 551 tibiauctoiitate
1771 506 1850 552 eon·

196 586 379 648 hilominus
393 601 496 663 grave
513 585 722 647 damnumst
741 583 884 661 injurias
907 584 996 645 irro-
1048 584 1207 657 cedimus,
1224 588 1262 646 nt
1273 585 1498 660 siecclesiam,
1513 587 1756 648 seuhominum
1772 589 1848 650 tuo-

197 685 319 761 gando,
329 687 464 761 propter
475 683 560 760 quod
574 686 642 744 tam
654 683 725 759 ipse
740 698 839 760 quam
854 682 919 753 sui,
934 695 996 758 per
1048 698 1121 743 rum
1136 698 1351 759 oppressores
1362 684 1518 761 injustia
1531 688 1566 746 te
1580 686 1681 746 semel
1698 686 1847 747 mundo

197 796 280 861 qnos
293 782 402 844 scelus
422 781 611 857 huiusmodi
628 782 841 858 perpetravit,
854 794 994 841 excom·
1048 781 1189 842 tertiove
1199 781 1402 853 commoniti,
1414 782 1675 845 satisfactionem
1685 783 1848 845 exhibere

197 879 434 942 munientionis
454 879 588 940 vinculo
604 879 671 941 sint
684 879 835 941 adstricti
853 879 889 940 et
905 879 995 939 tera
1048 880 1308 957 contempserint
1320 880 1571 956 competentem,
1586 881 1768 952 liceattibi,
1781 898 1848 943 non

198 983 271 1057 ejus
286 977 458 1056 supposita
472 977 666 1053 interdict03
683 977 762 1054 quia
775 980 888 1038 tamen
907 974 995 1037 idem
1048 975 1201 1039 obstante
1223 975 1426 1039 frustatorie
1447 977 1682 1055 appellationis
1701 977 1844 1056 objecto,

198 1077 334 1149 nobilis,
357 1076 445 1138 sicut
461 1074 557 1137 nobis
581 1090 641 1152 per
659 1079 789 1138 vestras
810 1077 844 1137 et
856 1071 995 1151 capituli
1048 1074 1084 1135 in
1097 1090 1156 1136 eos
1170 1090 1346 1137 sensuram
1358 1075 1555 1137 canonicam
1569 1091 1742 1137 exercere.
1755 1076 1846 1137 Nulli

199 1173 432 1237 laudunensis
445 1175 480 1235 et
491 1173 670 1250 plurimum
689 1174 834 1235 aliorum
850 1171 995 1233 lnnouit
1048 1187 1165 1248 ergo...
1182 1172 1304 1234 nostrae
1325 1173 1553 1235 concessionis
1576 1173 1846 1250 infringereve

203 1274 342 1344 litteras,
354 1271 452 1350 plene
466 1287 567 1348 super
585 1270 638 1331 his
651 1270 800 1347 prelatis
821 1270 947 1331 decano
962 1270 996 1330 et
1048 1270 1098 1342 ei,
1125 1271 1234 1341 etc...,
1264 1286 1369 1348 usque
1397 1272 1576 1333 contraire
1607 1272 1644 1333 Si
1672 1272 1751 1349 quis
1780 1286 1847 1333 au-

199 1370 346 1448 capitulo
368 1385 408 1431 ac
433 1385 548 1431 eorum
571 1369 723 1430 ecolesiae
747 1368 929 1442 satisfecit3
959 1365 995 1427 in
1048 1369 1241 1441 temeto...

198 1469 317 1548 quihus
340 1466 437 1529 nobis
452 1467 553 1529 etiam
565 1466 745 1528 intimastis
762 1481 861 1543 qnam
874 1464 994 1526 devota
1086 1467 1206 1528 Datum
1241 1468 1356 1528 Romae
1384 1465 1472 1544 apud
1507 1468 1665 1529 Sanctum
1710 1469 1849 1528 Petrum

198 1570 231 1630 et
247 1565 363 1629 humili
377 1564 604 1627 satisfactione
619 1563 721 1643 (idem
743 1562 880 1642 nobilis)
899 1564 995 1625 retus
1050 1566 1092 1625 IV
1115 1563 1185 1627 kal.
1205 1563 1299 1637 maii,
1319 1564 1531 1642 pontificatus
1553 1567 1670 1637 nostri,
1687 1579 1778 1627 anno
1798 1582 1852 1626 se·

197 1660 996 1742 expurgassetiermentumtetessetnova)cons-
1049 1661 1172 1723 cundo.

199 1762 311 1842 persio
325 1778 437 1824 coram
453 1764 532 1831 Deo,
545 1762 704 1823 attentius
719 1758 993 1837 supplicantem,
1372 1777 1530 1865 CCXIII

200 1877 276 1922 cum
290 1862 426 1938 propter
446 1858 646 1921 insidiarum
667 1873 826 1920 occursus
839 1859 908 1919 tam
922 1858 995 1934 ipse
1416 1934 1417 1937 Ἴ

199 1974 298 2036 quam
311 1957 364 2018 sui
378 1955 655 2033 adapostolicam
669 1955 785 2017 sedem
799 1956 995 2017 venhenon
1153 1922 1205 1981 Ad
1224 1921 1495 1986 mammeti·
1518 1923 1728 1994 OWCOWW·

199 2056 345 2119 audeant
366 2070 426 2131 pro
447 2069 585 2115 munere
597 2054 818 2115 absolutionis
829 2051 993 2126 babendo,
1334 2034 1369 2093 28
1383 2033 1465 2108 illil-
1482 2035 1562 2092 ¹²¹8·

198 2152 460 2215 misericorditer
473 2167 549 2213 cum
574 2152 699 2214 eisdem
721 2168 822 2228 agere
839 2151 997 2227 dignare-
1060 2138 1241 2205 [aemam.
1261 2141 1293 2203 n
1318 2141 1392 2207 erist-
1408 2140 1478 2193 ¹02&
1500 2141 1852 2206 sementationem]

200 2268 294 2313 mur:
310 2267 371 2311 nos
385 2251 540 2326 gerentes
557 2249 592 2310 in
607 2250 718 2320 terris,
735 2249 813 2311 licet
823 2249 993 2321 immeriti,
1049 2248 1224 2306 anctoritate
1236 2248 1399 2321 apostolice
1414 2248 1752 2306 conflrmntsentcntlsm
1772 2249 1848 2306 arbi·

199 2350 290 2411 vices
316 2349 463 2425 ejusqui
487 2349 679 2424 peccatores
702 2347 743 2409 ad
767 2347 995 2424 poenitentiam
1083 2345 1191 2394 lt0fflffl
1206 2338 1281 2394 ⁵⁰10?
1299 2338 1451 2410 elli⁸0⁰tl⁰⁸
1459 2338 1726 2397 Aulissitld0f0ss·0²
1740 2338 1851 2397 131¹ssssss-

100 2522 103 2529 Ι
199 2447 379 2508 miseratus
389 2447 569 2523 exspectat,
582 2445 672 2522 ipsos
685 2444 995 2522 vestrmprudentiae
1084 2426 1121 2484 ‘¹⁰
1132 2426 1226 2500 ΜΨ)
1242 2425 1400 2485 Βθῑῧῑθθῐῦ·

200 2541 994 2622 duximuscommittendos,perhposlolicasobls
1088 2542 1267 2615 Honorius,
1296 2544 1372 2616 etc„
1402 2542 1757 2606 venerabillimus...
1779 2547 1852 2607 An-

202 2641 326 2719 scripte
349 2641 545 2702 mandantes
560 2643 722 2718 quatenus
740 2641 801 2707 eis,
812 2640 908 2715 Juxta
923 2639 994 2701 tor·
1048 2640 1260 2703 tissiodoren.
1283 2641 1450 2719 episcopo.

200 2752 289 2799 mem
303 2738 467 2810 eeclesiae,
483 2739 557 2799 rice
578 2740 691 2799 nostra
705 2753 807 2815 super
821 2738 884 2799 hoc
897 2737 998 2799 abso-
1088 2738 1288 2800 Terminatae
1301 2739 1431 2816 jndicio
1447 2738 1648 2818 questiones
1660 2740 1855 2818 Apostolico

201 2837 338 2899 lutlonls
352 2836 549 2900 beneficium
566 2836 777 2914 impendatis,
787 2838 821 2897 et
836 2835 996 2898 relaxetis
1050 2835 1169 2897 dehent
1181 2837 1363 2898 munimine
1381 2836 1544 2909 roborari,
1560 2852 1603 2897 ne
1617 2837 1714 2913 lapsu
1729 2839 1855 2915 tempo·

201 2934 394 3013 predictam
407 2935 604 2996 sententiam
620 2933 800 3005 interdicti,
817 2934 997 3012 injungen-
1050 2934 1097 2996 ris
1112 2934 1147 2995 in
1159 2932 1317 3012 abyssum
1332 2933 1512 2995 oblivionis
1534 2935 1669 3012 elapsae,
1685 2935 1722 2996 in
1738 2939 1852 3012 poste-

202 3033 252 3094 tes
268 3032 393 3094 eisdem
406 3030 612 3109 postmodum
623 3031 708 3108 quod
720 3031 842 3092 talibus
853 3047 998 3093 consue·
1050 3046 1123 3093 rum
1137 3030 1205 3109 peti
1219 3031 1350 3108 possint
1362 3032 1585 3093 contentionis
1603 3031 1851 3094 incommodum

201 3130 406 3207 vitinjungl.
429 3129 521 3201 Quod
546 3129 658 3193 sinon
676 3128 790 3197 ambo,
811 3129 897 3190 alter
917 3143 998 3190 ves-
1050 3128 1218 3191 recidisse.
1233 3129 1435 3205 Bapropter.
1448 3128 1653 3190 venerahilis
1667 3129 1703 3190 in
1718 3130 1852 3191 Christo

201 3228 302 3315 trum
314 3229 377 3288 etc.
389 3229 508 3287 Datum
519 3228 643 3297 Rome,
656 3226 742 3302 apud
755 3226 911 3288 Sanctum
926 3228 995 3287 Pe-
1049 3226 1163 3297 trater,
1172 3226 1638 3317 mistrmtlspostutntionibus
1650 3231 1851 3297 annuentes,

200 3327 300 3396 trum,
317 3326 360 3385 IV
371 3323 439 3384 hal.
453 3323 545 3396 maii,
559 3338 647 3385 anno
665 3323 821 3387 secundo.
1049 3322 1260 3385 diffinitivam
1276 3324 1475 3385 sententiam
1490 3340 1589 3401 mam
1604 3341 1665 3401 pro
1685 3327 1721 3387 te
1738 3328 1853 3386 contra

1050 3418 1273 3482 venerabilem
1304 3419 1441 3482 tratrem
1473 3422 1622 3481 nostrum
1625 3465 1700 3483 ......
1724 3421 1852 3483 Bduen.

530 3503 667 3591 CCXII
1050 3519 1240 3596 episcopum
1273 3517 1477 3579 venerabilis
1506 3515 1611 3580 irater
1642 3521 1759 3581 noster
1781 3521 1854 3581 bla-

313 3649 366 3708 M
390 3648 583 3708 mmmm
597 3647 891 3724 archiepiscopum
1052 3630 1166 3676 nasses
1187 3616 1402 3678 Aurelianae.
1424 3615 1608 3693 episcopus
1629 3618 1663 3679 et
1678 3616 1852 3679 Humhau·

476 3745 723 3805 &mmmm
1049 3716 1110 3776 dus
1126 3713 1287 3790 magister
1305 3713 1495 3774 scholarum
1510 3715 1776 3779 hudssiodoren.
1791 3733 1850 3778 ar-

536 3874 539 3877 ,
591 3874 597 3887 ,
1049 3812 1139 3883 bitri,
1156 3811 1235 3872 hinc
1259 3810 1338 3872 inde
1358 3810 1468 3883 electi,
1483 3811 1531 3873 de
1548 3812 1852 3891 utriusquepartis

487 3874 523 3934 ²⁸
537 3875 618 3947 ΨΜ·
635 3875 712 3933 ¹²¹⁸·
1050 3907 1272 3985 capitulorum
1305 3922 1446 3969 assensn
1484 3922 1586 3986 super
1616 3910 1856 3988 jurisdictione

294 3989 601 4055 [Τὴεὶηοῃυοηιιωουῑα
616 3989 740 4048 Polonln,
753 3989 810 4049 1,l,
827 3988 903 4055 nb]
1049 4005 1166 4068 domus
1203 4005 1385 4082 religiosa,
1423 4002 1579 4083 capena,
1612 4023 1652 4070 ac
1682 4008 1783 4085 burgi
1815 4008 1855 4070 de

203 4099 238 4157 tlt
258 4098 286 4154 ³¹1
309 4112 370 4155 ⁸¹¹oe
385 4097 539 4169 lfflllsssslffl
554 4096 641 4154 dtfflffl
657 4105 684 4154 ⁶¹
702 4103 866 4171 magnates,
884 4097 932 4169 pul
952 4110 997 4154 w
1049 4102 1219 4165 Bethleem
1232 4102 1317 4180 apud
1335 4102 1573 4166 Clamstiacum
1587 4105 1769 4181 protulisse
1783 4122 1856 4167 nos-

237 4186 342 4243 ῡῑθθῑθθ
377 4199 533 4287 earumque
561 4184 694 4243 h⁰ffli⁰0⁸
726 4192 847 4254 mim»
873 4198 995 4243 ΝΜ
1050 4204 1181 4273 cuntur,
1202 4202 1290 4262 sicut
1314 4201 1349 4261 in
1376 4200 1497 4262 litteris
1522 4202 1729 4264 arbitrorum
1758 4206 1854 4282 ipso·

236 4274 375 4332 ⁰⁸⁰⁰⁰¹⁰⁸
391 4273 608 4333 “mmmm
1049 4316 1123 4360 rum
1136 4297 1311 4360 didicimus
1331 4299 1506 4370 contineri,
1532 4300 1734 4363 anctoritate
1748 4306 1856 4379 Apos-

241 4399 409 4460 Honorius
421 4398 598 4475 episcopus
610 4410 729 4460 servus
741 4412 913 4460 servorum
922 4398 994 4470 nei,
1050 4398 1150 4459 tolica
1183 4396 1435 4468 confirmamus,
1470 4400 1505 4458 et
1530 4399 1707 4475 praesentis
1736 4400 1855 4477 scripti

200 4495 386 4558 venerabili
424 4495 557 4558 lintri...
594 4495 846 4573 archiepiscopo
884 4498 995 4557 tinen·
1052 4494 1235 4573 patrocinio
1260 4494 1512 4556 communimus.
1535 4495 1583 4556 Ad
1606 4500 1772 4575 majorem
1795 4514 1856 4559 an-

202 4594 310 4666 nensi,
333 4593 532 4672 Apostolicae
557 4593 651 4655 Sedis
672 4593 793 4669 legato,
811 4592 997 4656 salutemet
1050 4597 1116 4655 tem
1131 4592 1320 4655 firmitatem
1343 4591 1578 4668 praedictarum
1600 4593 1790 4656 litterarum
1804 4597 1854 4656 te·

202 4691 418 4770 apostolicam
433 4690 709 4753 benedictionem.
821 4688 825 4697 '
1051 4707 1166 4755 norem
1190 4691 1230 4751 de
1262 4688 1364 4751 verbo
1391 4689 1433 4750 ad
1464 4690 1602 4752 verbum
1631 4693 1853 4769 praesentibus

241 4791 312 4851 Tua
347 4788 444 4851 nobis
476 4788 669 4852 fraternitas
697 4788 881 4861 intimavit,
909 4788 997 4866 quod
1051 4788 1208 4850 duximus
1219 4786 1443 4859 inserendum,
1457 4789 1514 4865 qui
1525 4789 1602 4850 talis
1617 4790 1688 4851 est:

203 4886 349 4948 duceset
372 4888 546 4963 magnates
572 4887 753 4962 provinciae
776 4888 854 4957 tum,
879 4885 940 4948 tibi
966 4888 998 4947 et
1091 4888 1264 4947 Manassae
1283 4884 1342 4946 Dei
1358 4887 1466 4961 gratia
1479 4886 1694 4948 aurelianen.
1721 4889 1854 4965 episco-

202 4982 353 5045 ecclesiis
374 4983 441 5045 tuis
464 4984 664 5062 trequenter.
683 4983 804 5045 damna
824 4986 940 5060 gravia
966 4984 999 5049 et
1053 5001 1113 5061 pus
1128 4985 1161 5045 et
1181 4985 1225 5044 M.
1252 4982 1516 5051 antissiodoren.
1533 4986 1729 5058 canonicus,
1747 4987 1854 5048 omni-

202 5082 345 5157 iniurias
360 5080 552 5153 inserentes,
575 5082 618 5143 ad
644 5081 877 5158 appellationis
898 5081 1000 5143 dillu·
1052 5082 1114 5142 bus
1126 5080 1854 5158 praesentastitternsinspecturisinDomino

203 5179 294 5256 pium
305 5194 342 5241 se
355 5178 564 5249 convertunt,
580 5178 616 5238 ut
632 5179 684 5241 sic
702 5179 898 5241 canonicam
917 5192 998 5256 pos·
1053 5178 1204 5240 salutem.
1218 5178 1381 5240 Noverint
1398 5178 1547 5239 universi
1560 5182 1743 5254 praesentes
1759 5181 1852 5257 pari-

203 5278 271 5340 sint
284 5276 418 5339 eludere
441 5292 482 5338 ec
507 5291 670 5339 enervare
693 5292 881 5338 censuram.
906 5276 1000 5341 Unde
1053 5279 1104 5337 ter
1114 5275 1269 5346 etsuturi‚
1277 5274 1362 5353 quod
1375 5291 1450 5336 cum
1464 5276 1552 5337 inter
1563 5276 1776 5338 venerabiles
1791 5278 1853 5338 lra-

204 5375 300 5437 nohis
327 5375 497 5435 humiliter
519 5374 713 5451 supplicasti
745 5375 784 5436 ut
810 5372 1001 5452 hujusmodl
1053 5373 1324 5435 trestlualterum
1339 5372 1462 5433 Bduen.
1477 5376 1510 5434 et
1523 5372 1729 5435 willelmum
1745 5375 1852 5437 nutis·

204 5471 340 5534 obviare
362 5473 499 5534 malitiae
522 5471 747 5548 dignaremur.
770 5475 875 5544 Quum
898 5471 1002 5549 igitur
1055 5471 1220 5532 siodoren.
1238 5471 1411 5548 episcopos
1433 5486 1533 5546 super
1551 5470 1691 5547 capella,
1709 5477 1744 5534 et
1758 5473 1852 5534 domo
1966 5518 1967 5571 1

204 5569 385 5643 appellatio
406 5585 474 5631 non
489 5568 525 5630 in
539 5568 714 5646 diffugium
730 5568 999 5647 opprimentium,
1055 5569 1095 5630 de
1122 5568 1295 5631 Bethleem
1320 5569 1353 5629 et
1380 5567 1485 5642 burgo
1506 5568 1547 5628 de
1571 5567 1743 5631 Bethleem
1769 5570 1852 5646 apud

207 5662 265 5719 sed
293 5663 327 5722 in
348 5680 462 5724 eorum
489 5666 544 5742 qni
569 5666 811 5743 opprimuntur,
834 5666 1000 5742 retugium
1055 5666 1302 5736 Clametiacnm,
1319 5663 1372 5725 cui
1385 5666 1462 5740 jure
1474 5665 1664 5755 dioecesano
1682 5665 1852 5727 subessent
