3968 6204
97 358 155 422 113
526 353 698 423 rx.-1n
720 352 1016 420 oonvnnsronn
1038 352 1188 414 sinum
1209 353 1350 416 anum.
1705 322 1764 413 ni

97 516 256 582 Ulrrlstus
277 517 317 579 in
339 518 439 579 robis
460 514 582 599 (Galat.
600 530 645 590 rr,
663 514 727 596 19).
750 515 791 577 nt
804 512 906 575 alini:
943 516 996 579 ,et
1018 531 1147 594 passus,
1172 515 1296 578 trustra
1315 513 1501 579 resurrexit
1523 512 1706 577 amortuis
1729 511 1763 575 θῖ

101 619 137 678 In
161 613 297 676 Christo
322 616 407 677 lesu
428 630 491 691 ego
515 630 574 676 ros
597 613 711 691 genui.
734 614 819 689 Ergo
846 611 908 673 tilii
963 613 1113 676 ascendit
1122 614 1157 675 in
1169 614 1281 676 coelos.
1295 612 1389 676 Absit
1401 614 1494 676 hoca
1509 613 1573 675 tide
1584 610 1760 674 catholiea.

99 711 247 792 Apostoli
276 712 377 774 Pauli
404 713 494 776 sicut
519 706 660 775 novellae
681 710 845 773 olivarnm
871 710 907 772 in
963 715 1046 774 licoe
1059 728 1158 789 quam
1172 713 1337 790 pretiosus
1352 711 1490 774 fruetus.

99 812 240 874 circuitu
258 826 388 872 mensae
402 814 476 890 ejus
498 812 585 883 sunt,
605 809 684 890 quia
706 824 820 871 omnes
835 810 907 886 ejus
1002 810 1119 872 Videte
1145 810 1229 872 alios
1247 827 1313 872 non
1328 811 1438 871 minus
1461 810 1635 889 pretiosos.
1662 794 1781 870 Psal-'

100 910 300 972 reficiuntur
323 908 460 987 eloquio
481 910 514 972 θῖ
541 907 795 970 auetoritatibus
817 907 909 984 sagi·
962 908 1060 981 mista
1088 908 1168 971 dicit
1194 908 1234 970 de
1262 908 1506 986 glorificatione
1538 909 1761 969 sanctornm:

103 1010 232 1069 uantur.
256 1006 339 1068 Ideo
357 1023 439 1068 vero
454 1007 609 1085 Epistolae
628 1006 725 1068 Pauli
737 1006 770 1067 et
782 1004 906 1067 Psalmi
961 1010 1108 1070 Domine
1122 1011 1160 1069 ln
1173 1010 1303 1070 lumine
1317 1008 1434 1071 vultus
1455 1007 1507 1070 tui
1527 1006 1760 1077 onlouloraort,

106 1105 207 1168 ilarid
229 1106 265 1166 et
286 1104 507 1182 Evangelium
531 1104 680 1167 Matthaei
694 1103 907 1182 praecaeteris
962 1104 996 1167 et
1009 1108 1047 1167 ln
1061 1108 1200 1168 montino
1216 1105 1274 1167 tao
1289 1105 1492 1168 eccultoounl
1509 1105 1580 1167 loto
1593 1106 1659 1176 dle,
1676 1102 1710 1165 ot
1723 1105 1761 1163 ln

105 1204 282 1280 seripturis
296 1203 333 1264 in
347 1202 499 1265 eeclesiis
509 1202 771 1281 frequentantur,
781 1202 818 1264 ut
829 1218 904 1265 oum
950 1192 1172 1277 'tuojrlstltta
1186 1205 1434 1267 occultabantur
1446 1201 1515 1283 (Ρε.
1530 1199 1658 1282 88,16).
1672 1202 1763 1277 Mag-

106 1302 299 1380 pecoatores
312 1301 481 1363 audierint
489 1301 682 1363 Matthaeum
695 1299 907 1378 publicanum
962 1318 1024 1362 nus
1047 1300 1174 1364 tructus
1202 1300 1364 1363 honorum
1386 1302 1436 1363 est
1457 1300 1628 1362 ambulare
1648 1282 1760 1361 in‘lu·

105 1398 356 1474 evangelistam
371 1398 506 1470 sactum,
524 1397 665 1460 Paulum
679 1397 907 1476 blasphemum
962 1400 1052 1462 mine
1078 1399 1209 1462 Domini
1232 1401 1267 1461 in
1294 1399 1483 1462 coelestibus
1512 1401 1545 1462 et
1568 1398 1603 1460 in
1627 1399 1762 1460 nomine

104 1498 400 1574 elpersecutorem
421 1495 545 1557 sactum
563 1511 637 1557 esse
655 1496 859 1574 Apostolum,
875 1495 909 1558 et
962 1498 1093 1560 Domini
1113 1499 1264 1561 exultare
1287 1499 1356 1561 tota
1378 1498 1444 1569 die,
1466 1497 1562 1569 idest,
1585 1496 1658 1558 sine
1682 1496 1760 1569 tine,

105 1594 206 1656 Dauid
224 1593 418 1655 adulterum
437 1597 470 1657 θῖ
484 1592 685 1656 homicidam
698 1593 821 1658 iactum
835 1610 908 1655 esse
963 1594 1041 1674 quie
1062 1595 1257 1673 glorificatis
1278 1595 1313 1657 in
1327 1612 1432 1673 regno
1448 1612 1515 1657 non
1530 1596 1580 1657 ast
1598 1594 1664 1661 nisi
1688 1593 1760 1655 dies

105 1691 320 1768 Prophetam,
349 1691 520 1754 confidunt
543 1707 603 1770 per
628 1692 687 1755 Dei
717 1691 909 1754 miserieor-
962 1709 1039 1755 una.
1057 1695 1133 1755 Nox
1148 1694 1238 1755 enirn
1250 1709 1316 1755 non
1329 1693 1394 1755 erit
1405 1692 1487 1765 iilic,
1503 1694 1535 1755 et
1553 1692 1629 1753 ideo
1640 1691 1763 1752 dicitur

106 1789 195 1850 diam
223 1805 291 1851 non
321 1789 431 1851 solum
461 1790 594 1852 reniam
626 1790 822 1868 promereri,
851 1788 906 1851 sed
963 1792 997 1852 in
1014 1792 1152 1870 psalmo,
1170 1792 1248 1869 quia
1260 1790 1378 1852 melior
1390 1792 1440 1852 est
1454 1791 1525 1852 dies
1538 1806 1605 1850 una
1617 1789 1652 1850 in
1665 1788 1762 1850 atriis

105 1887 202 1949 etiarn
224 1886 371 1963 gloriam
396 1887 538 1965 adipisci
556 1909 563 1947 ε
585 1888 659 1966 quis
678 1887 767 1950 enirn
783 1888 909 1951 dubitet
963 1890 1095 1952 Domini
1110 1906 1211 1968 snper
1222 1889 1340 1959 miliia,
1357 1889 1435 1969 quia
1448 1905 1562 1951 omnes
1578 1888 1648 1949 dies
1664 1887 1763 1964 hujus

107 1985 185 2064 quin
203 1987 294 2046 Deus
310 1985 466 2047 misereri
482 1987 563 2048 uelit
576 1986 678 2059 illins,
696 2002 794 2065 quern
808 1986 908 2049 talem
963 1988 1077 2049 mnndi
1103 1988 1271 2050 habebunt
1297 1989 1408 2057 tinem,
1438 1987 1496 2049 sed
1518 1986 1577 2048 illa
1601 1986 1671 2047 dies
1697 2000 1764 2045 nna

108 2100 147 2146 ao
160 2084 291 2144 tantum
302 2083 382 2145 iecit
394 2085 550 2158 creando,
565 2100 661 2162 quem
674 2085 775 2146 talem
790 2101 829 2146 ac
839 2086 910 2147 tan·
962 2102 1030 2148 non
1045 2086 1189 2147 finietur.

106 2185 174 2244 tum
201 2181 284 2244 iecit
310 2182 412 2243 etiarn
442 2182 651 2245 redimendol
676 2184 833 2259 Magnum
859 2183 909 2244 θεῖ
1003 2187 1072 2260 Ego
1096 2183 1183 2245 sicut
1205 2183 1295 2246 oliva
1322 2182 1531 2245 fructificavi.
1560 2182 1654 2243 Oliva
1678 2179 1763 2243 bene

108 2279 190 2357 quod
209 2280 350 2351 creavit,
374 2280 432 2341 sed
454 2283 562 2359 majus
584 2280 736 2358 estquod
756 2280 907 2342 redemit.
963 2282 1112 2345 radicata
1127 2297 1259 2359 semper
1272 2281 1368 2354 viret,
1385 2282 1418 2343 et
1436 2281 1553 2342 heatus
1571 2278 1760 2356 Apostolus,

109 2377 256 2439 creando
283 2377 393 2439 sactus
418 2380 470 2440 est
493 2379 591 2439 homo
610 2379 651 2440 ad
676 2378 855 2454 imaginem
877 2380 910 2441 et
964 2398 1038 2443 cum
1053 2380 1198 2443 oleaster
1220 2380 1308 2441 esset
1327 2378 1472 2457 judaicae
1494 2377 1653 2456 perfidiae,
1677 2392 1763 2438 con-

111 2475 361 2537 similitudinem
397 2475 478 2552 Dei;
506 2475 698 2537 redimendo
727 2475 833 2538 iactus
859 2477 910 2539 θεῖ
962 2495 1080 2540 versus
1095 2478 1136 2540 ad
1159 2477 1257 2540 tidem
1271 2476 1394 2538 Christi
1414 2476 1613 2539 consecutus
1629 2475 1679 2536 θεῖ
1704 2474 1764 2534 rni-

112 2576 194 2635 Ileus
204 2573 246 2633 ad
258 2573 441 2649 imaginem
451 2573 742 2637 etsimilitudinem
751 2574 906 2636 hominis
963 2576 1191 2649 sericordiarn,
1209 2590 1381 2655 perquam
1402 2575 1548 2637 insertus
1570 2574 1621 2634 est
1642 2573 1677 2634 in
1699 2571 1766 2633 oii-

114 2673 156 2732 Ile
172 2672 229 2733 illo
254 2670 407 2733 dicitnr:
435 2672 533 2735 Fecit
560 2677 653 2736 Deris
673 2676 846 2736 lzmnlrlem
865 2676 909 2734 od
963 2692 1050 2748 vam,
1085 2674 1254 2736 radicatus
1285 2675 1318 2735 θῖ
1342 2672 1498 2734 fundatus
1530 2672 1565 2732 in
1599 2671 1763 2732 charitate

114 2772 295 2846 irrogarem
318 2770 352 2831 et
366 2771 628 2833 similitudinem
648 2786 749 2833 salom
771 2768 867 2851 (Gen.
884 2786 906 2844 1,
964 2772 1097 2835 Christi.
1113 2772 1207 2835 Unde
1220 2771 1311 2850 ipse:
1328 2771 1539 2833 corticosum
1552 2770 1640 2844 qaod
1654 2782 1766 2841 nopae

114 2869 163 2939 26,
182 2865 245 2946 ιη).
262 2870 311 2928 Ι)θ
330 2867 395 2928 isto
410 2867 551 2929 dicitur:
569 2870 649 2930 curn
670 2868 704 2929 in
723 2867 829 2930 torma
849 2867 908 2931 Dei
963 2885 1189 2946 mersaeque
1207 2870 1290 2942 olto,
1311 2884 1421 2944 neque
1437 2868 1778 2945 praesentiamque·

114 2966 198 3026 θεεθῖ
228 2980 296 3025 non
316 2964 469 3041 rapinam
495 2964 677 3026 arbitratus
696 2966 747 3028 est
779 2982 909 3028 essese
963 2970 1085 3045 petora
1106 2970 1272 3044 potemini
1290 2980 1353 3029 nos
1366 2980 1535 3041 separare
1548 2979 1571 3025 a
1593 2962 1764 3026 olomloto

115 3061 272 3140 aqualem
290 3065 369 3124 Deo.
382 3064 819 3139 Eoelnonlotlsemotipsam
831 3066 908 3139 sor-
964 3071 1115 3142 Dolone
1127 3066 1179 3129 est
1192 3069 1228 3128 ln
1241 3065 1377 3129 Glrrlrto
1388 3068 1471 3128 lesu
1483 3062 1594 3143 (Rom.
1611 3057 1763 3139 v111,39).

116 3176 204 3222 ierom
224 3165 323 3223 servi
340 3163 523 3235 accipiens,
540 3162 574 3222 et
594 3164 631 3223 tn
649 3162 911 3224 similitudinem
965 3165 1060 3227 Oliva
1072 3180 1204 3242 semper
1217 3164 1313 3226 viret.
1330 3164 1370 3225 ut
1383 3162 1499 3224 heatus
1514 3160 1690 3239 Apostolus
1706 3159 1763 3220 vi-

115 3262 286 3320 lromlnnm
302 3260 428 3333 saetam,
451 3260 486 3321 el
502 3260 619 3322 aolltll
634 3260 798 3322 laventus
810 3264 911 3324 lzonw
964 3263 1032 3325 ruit
1046 3264 1082 3325 in
1102 3278 1179 3324 rore
1200 3276 1332 3340 semper
1354 3276 1508 3339 supernae
1523 3259 1658 3336 gratiae3
1680 3256 1767 3318 siout

116 3354 246 3434 (Philip.
262 3371 303 3428 11,
318 3354 365 3435 6).
965 3363 1037 3440 ipse
1052 3362 1118 3424 ait:
1136 3361 1261 3423 Gratia
1274 3363 1339 3423 Det
1362 3375 1442 3421 sum
1457 3362 1493 3420 td
1511 3359 1599 3433 qnod
1621 3372 1711 3428 som,
1734 3354 1768 3416 et

148 3455 258 3533 liujus
280 3455 334 3515 θεῖ
357 3453 490 3531 quidem
514 3453 638 3516 habere
660 3453 910 3518 similitudinem
963 3460 1082 3536 pratia
1099 3461 1224 3532 ejerato
1238 3473 1294 3519 neo
1309 3473 1423 3519 vaona
1437 3471 1507 3518 non
1517 3457 1596 3531 stell,
1610 3457 1769 3516 sollemn-

114 3551 178 3624 Dei,
204 3567 306 3630 quam
328 3550 453 3612 hahere
475 3552 725 3615 similitudinem
747 3552 908 3628 hominis;
963 3572 1028 3632 per
1039 3560 1139 3619 inme
1149 3557 1266 3619 monol
1278 3554 1307 3635 (1
1318 3557 1393 3617 Cor.
1406 3571 1461 3627 xv,
1473 3552 1536 3634 10).
1549 3553 1767 3629 Olivapaoem

114 3649 165 3710 sed
179 3652 312 3711 tanturn
327 3651 437 3726 majus
457 3649 611 3727 estquod
632 3653 720 3712 Deus
739 3649 846 3713 iactus
861 3652 912 3712 est
965 3652 1142 3731 significat,
1149 3654 1431 3732 etPauluspacem
1439 3651 1533 3713 nobis
1542 3649 1765 3723 annuntiavit,

115 3746 151 3806 ad
185 3747 368 3824 imaginem
401 3748 435 3808 et
468 3746 720 3810 similitudinem
752 3748 909 3821 hominis,
966 3754 1044 3832 quia
1055 3754 1091 3814 in
1103 3754 1176 3831 ipso
1192 3752 1304 3830 posuit
1315 3755 1403 3814 Deus
1415 3750 1552 3813 vernum
1564 3747 1768 3810 reconcilia-

115 3860 207 3921 quam
219 3845 310 3923 quod
327 3844 428 3906 homo
444 3845 549 3907 iaetus
564 3845 668 3933 estad
685 3845 864 3921 imaginem
879 3846 912 3908 et
964 3852 1065 3914 tionis
1078 3852 1209 3913 vestrae.
1223 3848 1317 3912 Unde
1328 3850 1399 3926 ipse
1412 3870 1419 3909 ε
1430 3847 1618 3919 Justlslootl
1630 3859 1676 3905 eoo
1685 3845 1764 3917 fille,

114 3942 364 4005 similitudinem
382 3942 454 4004 Dei.
480 3943 564 4005 iliud
585 3946 694 4022 majus
712 3946 764 4006 est
782 3944 911 4007 ratione
963 3964 1085 4026 pacem
1115 3950 1303 4010 lateamus
1336 3948 1381 4008 od
1413 3949 1526 4007 Derim
1553 3958 1623 4018 por
1646 3944 1767 4003 lesum

14 4082 15 4087 η
114 4039 294 4116 dignitatis.
320 4041 413 4102 Istud
437 4044 546 4119 majus
570 4043 620 4103 est
643 4042 773 4104 ratione
792 4041 912 4118 digna·
966 4042 1264 4125 comtumfflom.
1281 4061 1313 4118 v,
1329 4041 1373 4125 1).
1386 4040 1767 4106 Etalihieproclmlsto

114 4137 221 4199 tionis.
237 4138 320 4211 Quis
337 4154 419 4215 ergo
434 4139 582 4202 diffidere
597 4141 715 4217 potest,
730 4140 810 4218 quin
823 4142 911 4202 Deus
965 4146 1135 4223 legatione
1148 4146 1341 4220 dangionem,
1366 4144 1532 4216 tannacum
1546 4145 1617 4202 Deo
1639 4142 1771 4201 eoeltor-

115 4236 311 4298 misereatur
333 4235 437 4310 iilius,
458 4253 555 4315 quem
573 4238 653 4300 iecit
671 4234 713 4299 atr
733 4237 911 4314 imaginem
970 4242 1065 4305 tonte
1087 4257 1157 4318 per
1183 4257 1257 4304 nos.
1287 4244 1511 4305 Obsecromus
1530 4254 1597 4315 pro
1619 4237 1767 4309 clrmslo,

115 4335 145 4395 θῖ
166 4334 422 4397 similitudinem
437 4352 544 4409 suam,
566 4351 663 4415 quom
685 4335 833 4415 praeterit
847 4353 911 4399 vo·
965 4342 1249 4403 reooawlllomlml
1263 4343 1337 4402 Deo
1349 4337 1395 4419 (11
1406 4340 1481 4400 (lor.
1494 4352 1527 4411 r,
1541 4335 1608 4415 20).

115 4430 580 4505 nunnuscoelimestitslerrae
589 4434 781 4511 aopisoibus
791 4435 913 4496 marist
1007 4437 1102 4500 Oliva
1128 4436 1228 4500 habet
1259 4437 1295 4498 in
1319 4452 1355 4498 se
1380 4436 1446 4498 tria
1476 4431 1765 4503 commendabilia,

116 4529 195 4591 Nam
213 4531 327 4593 omnia
343 4530 487 4609 subjecit
500 4531 561 4594 suh
575 4531 714 4610 pedihus
730 4535 814 4611 eius,
833 4548 912 4594 oves
943 4556 947 4564 ·
966 4538 1120 4598 truncum
1135 4535 1272 4608 seilicet,
1286 4550 1398 4596 ramos
1414 4535 1448 4596 et
1459 4531 1613 4595 tractum.
1628 4528 1668 4592 nt
1681 4534 1766 4592 Pau·

117 4630 147 4690 et
159 4627 260 4691 liores
268 4629 457 4702 universas,
470 4628 607 4707 insuper
619 4633 651 4693 θῖ
661 4646 782 4708 peoora
790 4630 910 4709 campi,
966 4634 1019 4696 lus
1036 4633 1153 4696 habuit
1169 4636 1323 4697 truncum
1337 4633 1370 4694 et
1379 4647 1501 4701 ramos,
1513 4627 1769 4707 quiaradieatus

118 4726 266 4789 uolucres
279 4727 357 4789 coeii
373 4730 408 4792 et
421 4718 532 4807 pisces
544 4729 647 4790 maris
662 4729 718 4807 qui
731 4728 912 4807 perambu·
967 4735 1000 4795 θῖ
1024 4731 1182 4795 fundatus
1203 4731 1267 4793 tuit
1293 4730 1329 4791 in
1350 4729 1413 4790 tide
1438 4727 1706 4805 patriarcharum
1734 4726 1767 4787 et

119 4823 181 4887 tant
207 4826 347 4889 semitas
373 4826 488 4888 maris.
521 4826 600 4899 Quis
623 4827 736 4889 valeat
760 4827 913 4889 dubitare
968 4830 1206 4909 prophetarum
1230 4829 1263 4890 et
1286 4828 1483 4889 oaeterorum
1502 4825 1644 4902 patrum.
1674 4823 1768 4887 Unde

119 4923 192 4999 quin
212 4926 301 4986 Deus
322 4924 523 4986 misereatur
538 4924 642 4998 iilius,
661 4928 797 5004 propter
816 4940 913 5003 quern
968 4930 1016 4991 ait
1029 4928 1155 4992 Judaeis
1168 4926 1204 4987 in
1218 4924 1354 4988 Actibus
1369 4923 1601 5001 Apostolorum
1616 4940 1624 4977 ε
1644 4923 1691 4984 nt
1705 4938 1768 4984 nos

119 5020 299 5084 exinanivit
308 5036 359 5091 se,
370 5020 511 5083 iormam
522 5022 611 5084 servi
622 5023 802 5100 accipiens,
816 5024 852 5084 in
866 5023 914 5084 si·
968 5028 1062 5088 oools
1075 5024 1326 5087 oraotlntlomns
1346 5024 1616 5097 promissionem
1635 5035 1711 5097 parce
1725 5021 1771 5081 od

118 5116 331 5181 militudinem
351 5119 526 5181 hominum
548 5119 654 5183 iaetus
674 5121 707 5185 et
725 5120 841 5183 habitu
855 5122 913 5183 in·
963 5124 1087 5199 potres
1117 5122 1255 5183 nostros
1281 5120 1375 5195 sacto
1402 5119 1456 5182 est
1482 5118 1567 5198 (Aet.
1598 5134 1673 5191 xnr,
1698 5115 1765 5196 32).

118 5218 228 5278 ventus
248 5218 287 5280 ut
308 5218 545 5289 humefactus
564 5219 723 5282 obediens
745 5234 850 5297 usque
871 5221 914 5282 ad
968 5219 1091 5283 Habuit
1106 5219 1261 5291 tractum,
1278 5218 1375 5286 idest,
1390 5217 1501 5279 omnia
1517 5233 1618 5294 opera
1638 5213 1769 5292 periec-

120 5318 261 5390 mortem‚
274 5317 416 5379 mortem
426 5316 539 5379 autem
549 5317 670 5380 erucis.
683 5319 768 5380 Nam
778 5318 913 5395 proprio
968 5322 1087 5381 torum.
1107 5317 1201 5380 Unde
1215 5333 1303 5379 nuno
1313 5316 1479 5378 exclamat
1489 5331 1563 5376 oum
1579 5310 1763 5389 Propheta:

120 5409 182 5475 ilio
200 5430 261 5475 suo
280 5430 349 5476 non
369 5414 531 5492 pepercit,
549 5414 604 5477 sed
620 5430 680 5492 pro
694 5414 790 5477 nobis
806 5416 915 5478 omni·
968 5434 987 5477 ε
1009 5419 1077 5493 Ego
1104 5432 1176 5484 sum
1201 5414 1290 5477 oliva
1318 5412 1490 5475 fructifera
1516 5412 1551 5471 in
1575 5410 1671 5469 domo
1698 5410 1767 5470 Do·

120 5506 173 5570 bns
185 5511 322 5574 tradidit
335 5510 525 5589 itium3qui
544 5514 672 5574 tantum
686 5513 804 5575 dilexit
817 5530 915 5575 mun·
969 5513 1105 5575 mini.»
1377 5562 1383 5571 .

122 5605 190 5670 dum
205 5613 241 5671 ut
261 5609 370 5670 tilium
385 5625 483 5670 suum
505 5610 712 5688 unigenitum
737 5611 831 5675 daret
854 5628 914 5692 pro
1009 5611 1160 5674 Diximus
1174 5610 1214 5672 de
1228 5589 1329 5679 oliva,
1345 5607 1442 5670 modo
1457 5605 1608 5667 dicamus
1626 5604 1667 5666 de
1679 5604 1765 5666 oleo.

121 5707 244 5770 mundo.
259 5707 421 5786 Alioquin
439 5707 562 5771 frustra
586 5710 684 5771 natus
699 5711 749 5772 est
763 5710 915 5774 Christus
969 5709 1047 5771 Tria
1065 5707 1144 5772 tacit
1158 5708 1267 5771 oleum
1290 5724 1297 5767 r
1324 5704 1427 5768 Sanat
1445 5702 1584 5766 vulnera
1601 5702 1763 5780 corporis,
