3958 6204
698 288 874 351 HONORII
896 278 941 349 111
962 286 1112 350 OPERA.
1126 316 1168 333 -
1183 288 1417 351 SERMONES.
1823 290 1886 350 308

229 292 290 372 dlii

228 452 300 516 tute
313 464 434 526 magna
447 446 628 511 reddebant
641 434 1027 524 Apostolitestimonium
1081 446 1282 511 dicationem
1318 447 1551 526 Apostolorum
1589 448 1801 511 illuminatus
1834 451 1885 512 est

229 548 484 612 resurrectionis
497 549 578 607 Jesu
597 545 730 618 Christi,
752 545 1027 624 quemadmodum
1082 547 1236 608 mundus.
1254 548 1321 624 ipsi
1335 548 1425 609 enim
1438 546 1589 625 Apostoli
1603 547 1737 609 suerunt
1753 547 1886 609 duode-

229 646 297 708 illis
312 643 509 723 promiserat
525 664 533 703 t
550 644 689 705 Manete
704 646 742 705 tn
763 644 905 705 ctvttate
923 646 1028 705 donec
1082 645 1147 707 cim
1163 645 1269 706 stellae
1280 644 1315 705 in
1328 661 1451 707 corona
1461 660 1592 722 sponsa
1602 645 1787 707 secundum
1794 646 1884 723 qnod

229 741 561 827 taareomtntetrtate
571 742 724 815 secretos
734 743 870 811 coratio,
885 742 1029 803 eteritis
1083 743 1204 819 legitur
1219 744 1253 804 in
1264 744 1463 821 Apocalypsi
1480 744 1545 804 :itt
1559 745 1721 818 incapite
1732 747 1883 816 ejusce-

229 844 313 902 mtbt
328 841 431 901 testes
445 842 483 900 ta
492 842 687 901 Jerusalem
701 840 737 901 ct
751 843 789 900 ta
798 843 893 901 crant
907 841 1028 900 Jaaaeo
1082 855 1171 902 rona
1184 842 1363 902 stellarum
1374 845 1550 902 duodecim
1563 840 1678 918 (Apoc.
1694 856 1756 912 111,
1774 843 1818 918 1).

230 939 264 1001 et
275 940 450 1009 Samaria,
466 938 500 998 et
514 952 621 1012 resque
638 940 682 998 ad
701 940 902 998 extremum
921 937 1029 998 terrae
1123 938 1164 999 lli
1184 940 1263 999 sunt
1283 938 1344 999 tilii
1367 938 1616 1007 misericordiae,
1639 939 1695 1015 qui
1717 939 1885 1000 assistunt

230 1035 322 1107 (Luc.
339 1051 432 1107 xxiv,
444 1034 510 1113 la).
527 1035 622 1098 Unde
636 1052 711 1097 cum
723 1034 878 1113 prohibiti
889 1034 1029 1095 tuissent
1083 1035 1282 1097 dominatori
1306 1037 1471 1098 universae
1487 1037 1598 1098 terrae.
1625 1036 1807 1109 Assistunt,
1833 1036 1885 1098 in·

217 1124 390 1210 ¹Apostoli,
407 1147 449 1194 ne
462 1133 498 1193 in
514 1133 648 1195 nomine
662 1136 742 1196 Jesu
762 1132 886 1195 Christi
901 1131 1026 1210 praedi·
1083 1134 1205 1195 sistunt
1221 1134 1254 1196 et
1267 1134 1463 1196 consistunt.
1484 1133 1653 1196 Assistunt
1667 1133 1886 1207 dominatori,

231 1230 357 1303 carent,
369 1231 615 1307 responderunt
624 1231 772 1292 dicentes
786 1250 794 1291 ε
806 1229 947 1304 Oportet
956 1232 1028 1289 Deo
1082 1231 1241 1294 insistunt
1255 1233 1415 1303 Creatori,
1427 1231 1613 1293 consistunt
1623 1231 1882 1292 remuneratori.

226 1332 341 1406 mapa
355 1345 459 1404 qaum
474 1333 666 1392 homtrrtbus
680 1332 828 1392 obedire.
844 1331 923 1390 Non
935 1330 1028 1389 eatm
1083 1332 1120 1390 ln
1135 1330 1243 1406 primo
1257 1332 1335 1392 sunt
1348 1330 1487 1406 gratiosi
1501 1328 1665 1402 laudibus,
1682 1330 1717 1390 in
1732 1329 1884 1391 secundo

229 1429 282 1489 est
300 1429 394 1490 atiud
408 1441 533 1489 conten
547 1431 609 1489 sab
622 1432 716 1499 coeto,
732 1430 770 1488 te
788 1440 854 1500 ouo
872 1424 1028 1499 oporteat
1082 1428 1255 1490 victoriosi
1269 1428 1435 1506 precibus,
1450 1428 1485 1489 in
1500 1428 1598 1490 tertio
1612 1427 1751 1503 gloriosi
1764 1440 1885 1487 mune-

230 1527 386 1587 bomtaes
399 1526 612 1598 salvosltert.
630 1520 1027 1586 lstisuntduodecimtllii
1082 1525 1185 1587 ribus.
1207 1527 1250 1587 Hi
1266 1526 1343 1587 sunt
1364 1526 1424 1587 tilii
1444 1526 1644 1603 splendoris.
1663 1525 1741 1586 Filii
1763 1525 1883 1602 splen·

229 1622 248 1683 J
251 1620 344 1682 acob.
356 1621 415 1684 isti
424 1621 788 1683 suntduodecimduces
796 1619 901 1698 plebis
912 1616 1026 1679 lsrael.
1082 1623 1173 1684 doris
1187 1623 1322 1685 luerunt
1333 1625 1368 1684 in
1383 1624 1446 1685 hoc
1460 1623 1595 1695 mundo,
1607 1623 1640 1684 91
1654 1623 1752 1683 erunt
1765 1623 1801 1682 in
1820 1637 1886 1683 ex·

228 1719 272 1779 Hi
287 1721 367 1780 sunt
390 1719 564 1781 duodecim
589 1719 697 1780 fontes
721 1733 804 1796 quos
829 1716 1029 1778 invenerunt
1081 1722 1187 1783 tremo
1203 1721 1341 1799 judicio.
1368 1722 1452 1782 Sunt
1475 1721 1576 1782 etiam
1596 1720 1696 1781 hodie
1717 1720 1752 1780 in
1775 1734 1883 1795 regno

228 1815 290 1876 lilii
301 1817 406 1877 Israel
417 1817 451 1877 in
461 1817 579 1879 Helim.
595 1816 775 1878 Duodecim
785 1815 912 1892 lapides
922 1814 957 1874 in
966 1816 1029 1875 Ra·
1083 1833 1237 1894 superno.
1266 1821 1303 1878 ln
1331 1819 1454 1880 mundo
1482 1817 1635 1895 exemplo
1668 1816 1815 1888 virtutis,
1846 1817 1884 1876 in

228 1914 354 1975 tionale
379 1914 565 1986 Pontidcis,
595 1913 768 1976 duodecim
798 1928 901 1990 panes
928 1926 1029 1987 super
1078 1915 1206 1992 judicio
1219 1916 1409 1977 testimonio
1427 1915 1589 1987 veritatis,
1611 1915 1646 1975 in
1666 1929 1770 1989 regno
1794 1928 1882 1974 con-

229 2027 376 2071 mensam
391 2011 641 2087 propositionis,
655 2009 829 2072 duodecim
842 2008 1030 2085 explorato-
1081 2013 1186 2074 sortio
1201 2014 1396 2090 majestatis.
1413 2016 1460 2074 De
1474 2013 1580 2091 primo
1603 2012 1782 2073 Salomon:
1797 2015 1889 2071 ‚lacs-

230 2123 285 2169 res
300 2108 395 2168 missi
410 2108 444 2168 in
459 2109 583 2169 terram
595 2106 838 2183 promissionis,
855 2105 1027 2166 duodecim
1084 2112 1200 2172 torum
1218 2112 1344 2173 semita
1361 2115 1461 2186 quast
1478 2117 1542 2173 tum
1558 2113 1739 2183 splendens
1754 2123 1881 2184 proce-

229 2203 358 2281 lapides
371 2206 414 2266 de
425 2205 571 2267 iordane
593 2204 726 2277 sublati,
743 2203 917 2265 duodecim
927 2202 1028 2263 boves
1082 2209 1133 2269 dtt
1157 2209 1193 2270 et
1216 2210 1341 2272 crescit
1372 2223 1479 2282 capace
1503 2211 1550 2269 ad
1566 2207 1761 2283 perfectum
1786 2210 1883 2267 diem

229 2301 290 2362 sub
311 2303 396 2364 mari
411 2319 516 2375 aeneo,
532 2302 706 2364 duodecim
730 2302 835 2363 stellae
854 2300 889 2362 in
905 2315 1028 2362 corona
1084 2303 1197 2383 (Pror.
1227 2320 1271 2379 iv,
1299 2304 1362 2385 18).
1392 2308 1439 2367 De
1467 2305 1612 2367 secundo
1638 2305 1673 2366 in
1698 2303 1786 2365 libro
1813 2304 1883 2363 Sa-

230 2416 378 2477 sponsae,
402 2400 576 2462 duodecim
604 2399 829 2472 fundamenta,
856 2398 1027 2459 duodecim
1082 2402 1884 2480 11191119110191111111111,1190100190

228 2498 332 2575 portae
347 2498 491 2560 civitatis
506 2497 542 2558 iu
556 2497 767 2575 Apocalypsi.
785 2496 843 2558 isti
859 2498 937 2557 sunt
950 2495 1029 2556 dno·
1084 2501 1163 2564 tttlae
1175 2504 1212 2563 ta
1226 2502 1435 2562 arundineto
1449 2500 1647 2562 discurrent
1656 2498 1750 2578 (Sap.
1764 2502 1815 2570 ιιι,
1829 2497 1878 2577 7).

229 2593 335 2657 decim
347 2595 439 2656 horae
454 2595 532 2656 diei.
542 2595 599 2658 Isti
611 2599 689 2657 sunt
703 2595 755 2655 illi
768 2592 954 2665 duodecim,
968 2593 1029 2670 qui
1083 2599 1130 2659 De
1143 2599 1242 2661 tertio
1256 2599 1293 2659 in
1308 2598 1488 2673 Evangelio
1502 2614 1510 2653 ε
1524 2598 1713 2673 Fcapebunt
1723 2598 1880 2670 justist-

229 2708 302 2754 cum
323 2692 447 2754 sederit
468 2692 574 2754 Filius
590 2692 734 2754 hominis
753 2692 789 2752 in
804 2690 882 2752 sede
900 2693 1028 2768 majes·
1083 2696 1197 2757 catsot
1206 2699 1241 2756 tn
1252 2710 1361 2772 reguo
1370 2696 1493 2756 Patris
1501 2698 1571 2754 ittet
1581 2693 1711 2773 (maan.
1724 2707 1801 2763 xiii,
1812 2691 1884 2771 43).

227 2791 307 2853 tatis
322 2806 403 2863 suae,
423 2791 584 2853 sedebunt
600 2792 633 2853 et
646 2790 710 2867 ipsi
721 2805 821 2866 super
835 2788 930 2850 sedes
945 2789 1030 2849 duo-
1083 2794 1123 2853 Et
1137 2792 1215 2854 licet
1227 2792 1331 2868 igitur
1340 2807 1455 2854 omnes
1467 2791 1579 2852 Sancti
1590 2789 1806 2851 honorabiles
1816 2790 1884 2851 sint

229 2888 333 2949 decim
345 2888 717 2965 judicantesduodecim
725 2886 957 2949 tribusisrael.
970 2886 1028 2947 Isti
1083 2890 1169 2966 apud
1190 2892 1293 2950 Deum
1312 2890 1346 2951 et
1365 2888 1451 2966 apud
1473 2888 1666 2960 Ecclesiam,
1691 2889 1806 2948 tamen
1824 2902 1887 2948 19-

231 2987 308 3047 sunt
319 2986 395 3047 coeli
405 2986 445 3047 de
455 2985 575 3063 quibus
590 2984 713 3047 dicitur
726 2999 788 3060 per
797 2984 1026 3045 Psalmistam:
1084 2986 1251 3060 nerabiles
1265 2986 1414 3062 Apostoli
1425 2985 1653 3062 principaliter
1666 2985 1700 3046 et
1713 2983 1885 3061 praecipne

231 3086 312 3145 Coett
323 3085 494 3144 ertarrartt
507 3086 655 3158 gloriam
675 3085 750 3150 Det,
776 3082 811 3143 et
824 3095 931 3154 opera
947 3097 1027 3141 ma-
1083 3085 1159 3146 sunt
1174 3083 1360 3145 honorandi
1375 3082 1616 3155 etvenerandi,
1633 3082 1711 3160 quia
1731 3081 1884 3142 salutare

227 3194 337 3238 atrum
347 3177 885 3250 mmaarcoattatttrmameutum
896 3174 966 3254 (Ps.
977 3178 1025 3248 18,

228 3272 272 3352 1).
295 3276 400 3335 Verbo
414 3278 553 3336 Domtut
565 3278 640 3336 coett
654 3274 788 3346 armati
801 3274 894 3345 suat,
911 3274 1029 3348 911111-

229 3371 304 3431 rttu
318 3375 391 3432 oris
407 3375 483 3443 91111
494 3375 607 3434 omnis
621 3374 736 3433 virtus
749 3386 872 3433 eorum
889 3370 959 3450 (Ps.
974 3372 1025 3443 32,

224 3470 272 3547 d),
287 3468 366 3545 quia
380 3470 516 3545 spiritus
526 3469 658 3531 Domini
672 3469 773 3531 coelos
786 3469 927 3530 ornavit.
941 3471 1027 3529 Sane

229 3565 308 3627 licet
318 3566 469 3628 Christus
480 3568 524 3629 sit
537 3567 680 3644 primum
690 3568 723 3628 et
732 3567 937 3645 praecipuum
950 3566 1029 3626 iun-

1082 3182 1142 3242 Dei
1162 3181 1278 3244 videre
1300 3182 1494 3243 meruerunt
1518 3180 1740 3250 familiariter,
1760 3182 1795 3240 et
1816 3195 1882 3240 au-

1082 3278 1154 3341 dire
1175 3278 1451 3356 quemadmodum
1475 3278 1547 3355 ipse
1567 3277 1727 3338 Dominus
1747 3278 1884 3354 protes·

1082 3378 1195 3438 tatur:
1216 3394 1236 3436 ‹
1259 3377 1353 3438 Beati
1372 3377 1428 3453 qui
1447 3376 1561 3437 vident
1579 3391 1652 3452 quae
1667 3390 1726 3435 vos
1747 3374 1883 3446 ridetis,

1082 3492 1100 3535 c
1122 3476 1155 3536 91
1177 3474 1317 3536 audiunt
1340 3491 1413 3551 quaa
1439 3490 1498 3535 vos
1520 3473 1653 3535 auditis.
1677 3475 1784 3533 Amen
1807 3473 1886 3533 dico

1082 3571 1216 3633 «vobis
1244 3594 1251 3633 ε
1278 3572 1374 3633 multi
1397 3586 1493 3647 reges
1519 3573 1552 3633 et
1570 3570 1738 3648 prophetas
1764 3570 1888 3631 volue-

226 3662 426 3737 damentum‚
444 3663 485 3726 de
499 3681 564 3743 quo
579 3665 660 3726 dicit
673 3663 851 3741 Apostolus
867 3686 875 3724 ε
891 3667 1029 3725 Funda-
1081 3688 1101 3730 ‹
1122 3672 1201 3732 runt
1214 3670 1328 3732 videre
1344 3686 1417 3747 quae
1429 3685 1489 3730 ros
1504 3668 1635 3740 videtis,
1653 3671 1685 3729 et
1699 3682 1765 3728 nou
1779 3667 1885 3728 vide-

223 3763 380 3824 meatum
400 3764 553 3837 positum
575 3765 638 3835 est,
661 3764 794 3837 prater
821 3764 911 3837 qood
934 3764 1028 3823 attica
1081 3769 1211 3838 «runt,
1229 3770 1262 3830 et
1286 3768 1404 3830 audire
1427 3783 1501 3845 quas
1527 3767 1650 3828 auditis
1665 3767 1699 3827 et
1724 3781 1794 3827 uon
1822 3782 1888 3826 au-

223 3863 307 3934 poor
327 3875 397 3922 non
416 3862 543 3935 potest,
568 3864 656 3936 quod
673 3861 727 3923 est
747 3860 905 3923 cbristus
924 3862 1027 3921 restis
1082 3863 1305 3925 «dierunt»
1329 3862 1424 3942 (Luc.
1447 3878 1508 3931 111,
1532 3859 1600 3940 24.)
1620 3863 1760 3937 Propter
1782 3860 1886 3939 hujus

225 3955 256 4035 (l
271 3959 345 4018 Cor.
361 3973 411 4030 ιιι,
429 3958 492 4036 11).
1082 3960 1258 4022 familiaris
1278 3959 1508 4037 praerogativae
1520 3958 1662 4035 gratiam
1676 3958 1884 4035 singularem

266 4055 414 4130 Apostoli
429 4056 541 4116 tamen
556 4057 633 4116 sunt
648 4056 794 4117 secunda
809 4054 842 4116 01
858 4054 1026 4116 secunda-
1082 4057 1240 4118 iiominus
1271 4055 1445 4132 Apostolos
1478 4054 1512 4116 et
1539 4055 1664 4116 amicos
1696 4056 1729 4115 et
1759 4053 1884 4115 iratres

224 4150 278 4212 ria
293 4150 518 4223 fundamenta,
530 4151 699 4229 dequibus
713 4152 821 4228 inquit
834 4151 1024 4213 Psalmista.
1081 4154 1251 4231 appellat:
1277 4154 1397 4214 iratres
1416 4154 1585 4229 tamquam
1606 4149 1801 4214 cohaeredes
1821 4150 1888 4212 bo-

225 4248 795 4319 andameatacjusinaconttbus
810 4248 1028 4311 1009110111ίὶ-
1082 4267 1211 4323 norum,
1230 4251 1356 4312 amicos
1382 4250 1549 4327 amquam
1573 4248 1746 4311 consocios
1766 4264 1887 4309 secre-

225 4343 277 4419 011
298 4347 466 4405 Dorninus
477 4346 600 4419 portas
612 4348 696 4406 Stoa
710 4359 817 4420 super
835 4347 953 4407 omnia
973 4346 1028 4406 ta·
1081 4351 1201 4412 torum.
1227 4347 1321 4409 Unde
1344 4348 1379 4411 in
1405 4347 1554 4426 psalmo:
1577 4349 1740 4409 Narrabo
1754 4360 1887 4407 narsen

226 4442 412 4503 beraacata
425 4444 528 4502 Jacob
544 4440 613 4521 (Ps.
629 4443 680 4514 86,
698 4441 742 4521 1).
763 4443 849 4503 ilinc
863 4446 898 4503 et
915 4446 1025 4519 Apos-
1082 4448 1180 4508 taum
1193 4446 1365 4519 fratribus
1384 4449 1471 4506 metr
1486 4443 1556 4523 (Ps.
1572 4445 1622 4515 21,
1638 4441 1704 4522 23).

224 4538 312 4600 tolus
327 4540 396 4601 ait:
410 4542 598 4603 «lam-non
612 4540 692 4601 estis
708 4540 855 4617 hospites
871 4541 903 4603 01
918 4540 1025 4601 adve—
1121 4544 1205 4616 Quia
1216 4544 1293 4606 sunt
1302 4541 1492 4603 cohaeredes
1503 4542 1665 4603 vocantur
1674 4540 1796 4602 civitas
1809 4542 1885 4602 Del.

223 4654 322 4711 cnse,
340 4639 396 4699 sed
417 4638 497 4700 estis
516 4638 607 4700 cives
623 4640 833 4707 Sanctorum,
853 4637 1026 4700 domestici
1083 4641 1176 4703 Unde
1205 4639 1240 4703 in
1274 4638 1477 4714 Evangelio:
1507 4642 1586 4701 Noa
1612 4638 1726 4711 potest
1757 4639 1888 4700 civitas

224 4736 318 4798 «Dei
353 4735 610 4814 superaediiicati
644 4752 745 4813 super
777 4734 1026 4797 fundamentum
1080 4741 1240 4800 abscondi
1258 4751 1367 4811 supra
1387 4736 1540 4797 montem
1556 4735 1670 4810 posita
1692 4732 1825 4812 (Matth.
1850 4751 1884 4805 v,

225 4835 492 4911 «Apostolorum
501 4835 535 4896 91
547 4835 800 4911 Prophetarum,
815 4834 888 4910 ipso
899 4850 1026 4895 summo
1083 4836 1147 4915 11),
1177 4835 1273 4905 idest,
1303 4834 1517 4909 congregatio
1551 4831 1786 4909 Apostolorum
1814 4847 1888 4893 non

225 4930 414 5005 «angulari
429 4930 770 5008 lapideChristoJesu
785 4929 946 5007 11110111,
958 4928 1025 5007 20).
1081 4933 1189 5011 potest
1207 4932 1313 4994 latere
1336 4947 1436 5008 super
1456 4932 1555 4992 tidem
1574 4929 1697 4991 Christi
1719 4928 1884 4991 stabilita.

225 5027 269 5093 Hi
285 5028 825 5091 suntcandelabralucentiaante
838 5027 1025 5101 Dominum,
1081 5034 1128 5093 De
1142 5045 1208 5108 qna
1226 5029 1363 5091 civitate
1380 5027 1462 5089 dicit
1485 5027 1661 5090 psalmista
1685 5029 1790 5088 :Ntst
1813 5031 1888 5089 Da-

225 5125 321 5202 quasi
329 5141 450 5201 magna
458 5126 639 5188 luminaria
649 5127 783 5189 interra
794 5126 940 5187 lucentia
951 5128 1027 5186 ante
1080 5133 1197 5190 minas
1213 5127 1414 5190 crcatodtertt
1428 5126 1615 5198 civitatens,
1631 5128 1670 5186 ta
1685 5140 1818 5185 vanam
1831 5128 1889 5186 ot-

225 5223 412 5295 Dominum‚
437 5223 532 5300 quasi
556 5238 677 5301 magna
703 5223 884 5284 luminaria
901 5224 1026 5284 terram
1080 5227 1200 5302 ptulit,
1224 5227 1283 5298 qut
1306 5221 1754 5295 oedtdmrrteaths.126,
1780 5224 1824 5299 1).
1848 5225 1887 5284 ln

224 5320 440 5392 illustrantia,
477 5322 556 5398 quia
587 5322 737 5398 Apostoli
772 5321 1027 5382 illustraverunt
1082 5322 1145 5382 hac
1156 5320 1342 5385 Jerusalem
1353 5319 1487 5382 civitate
1500 5321 1552 5381 est
1563 5319 1704 5380 munitio
1715 5319 1885 5395 quaedam,

225 5418 407 5478 Ecclesiam
420 5419 491 5490 Dei,
504 5419 581 5495 quia
591 5419 785 5495 praedicatio
796 5433 910 5479 eorum
922 5418 1027 5478 exivit
1081 5435 1155 5497 quae
1170 5419 1357 5495 appellatur
1373 5418 1463 5489 Sion,
1481 5417 1577 5488 idest,
1590 5416 1724 5494 specula
1738 5418 1888 5479 contem-

227 5512 261 5571 in
281 5528 411 5574 omnem
430 5516 565 5576 terram.
583 5516 667 5587 Quia
687 5517 773 5577 sicut
790 5516 839 5577 sol
859 5515 1028 5576 illuminat
1081 5516 1237 5595 plationis
1250 5517 1325 5577 sive
1337 5516 1488 5585 rationis,
1506 5531 1571 5592 qua
1589 5514 1769 5591 spectando
1783 5514 1886 5591 longe

228 5607 326 5679 diem,
340 5612 373 5670 et
386 5610 465 5671 luna
479 5612 646 5675 illuminat
660 5615 801 5686 noctem,
813 5613 860 5674 ita
870 5627 930 5690 per
939 5628 1028 5689 prae·
1082 5614 1187 5693 posita
1201 5613 1401 5691 speculatur.
1419 5612 1513 5674 Unde
1528 5612 1726 5690 Apostolus=
1743 5615 1888 5687 Espec-
