3928 6200
181 330 241 390 407
739 327 917 388 HONORII
941 325 1068 386 PAPAE
1089 326 1136 387 111
1155 324 1265 387 VITA.
1767 330 1832 390 408
1955 358 1956 425 f

182 506 201 549 a
222 489 412 551 curationes
435 486 477 551 ab
498 487 558 550 eis.
581 485 720 564 Adjutor
738 486 839 550 etiam
854 501 912 548 ero
933 485 976 548 ad
1030 486 1128 548 tenus
1142 484 1348 559 Friderlcus3
1365 498 1440 562 quae
1455 485 1490 547 et
1508 485 1678 549 recensuit
1698 488 1833 551 Masso·
1955 442 1956 533 Ῐ

182 586 431 649 «renuendum
472 585 506 647 et
543 582 783 646 defendendum
820 583 976 646 Ecclesiae
1031 599 1104 655 nus,
1119 581 1303 661 quaelibnit
1315 598 1502 655 recensere,
1522 583 1558 645 ut
1581 583 1703 661 pateat,
1728 585 1833 648 etiarn

182 688 396 755 «Romanae,
432 697 571 759 regnum
606 682 755 757 Siciliae3
787 681 848 744 tibi
876 682 976 744 etiam
1030 680 1288 758 imperatoribus
1319 680 1486 757 placuisse
1524 680 1722 759 placereqne
1756 685 1835 745 Ro·-
1955 678 1956 743 ἶ

182 782 362 843 «Domino
387 796 460 842 mec
483 779 631 842 Honorio
658 784 757 856 Papae
784 783 818 842 et
843 796 978 841 succes·
1031 778 1122 839 mani
1159 777 1330 840 Pontificis
1359 781 1533 840 externam
1557 781 1765 856 majestatem
1796 785 1832 844 et

183 876 353 939 ‹scribus
376 875 443 937 tuis
462 891 593 937 omnem
610 875 832 939 obedientiam
859 878 893 938 et
915 876 977 938 bo-
1031 876 1119 937 domi
1132 877 1165 937 et
1179 874 1310 953 publice
1329 876 1364 936 in
1383 875 1506 939 vestitu
1522 877 1557 939 et
1573 877 1664 938 victu
1685 894 1725 939 ac
1752 878 1835 940 reli·
1955 900 1956 907 ¹

182 991 201 1033 a
225 973 467 1035 nominentiam
492 972 668 1047 exhibebo,
688 990 787 1052 quam
811 974 920 1036 devoti
945 976 978 1035 et
1032 988 1095 1051 qno
1114 974 1234 1035 ornatu
1258 989 1332 1035 esse
1352 972 1551 1036 servandam
1574 990 1634 1052 pro
1658 975 1718 1037 illa
1736 976 1834 1039 tanta

182 1088 201 1130 s
222 1069 379 1133 catholici
399 1071 617 1148 imperatores
636 1073 880 1134 consueverunt
899 1071 977 1133 Sedi
1031 1070 1247 1133 Ponnnoama
1262 1071 1434 1147 dignitate.
1955 1114 1956 1167 l

182 1169 420 1245 «apostolice
441 1168 618 1244 exhiber03
635 1170 668 1230 et
681 1169 711 1229 si
725 1170 861 1247 propter
874 1184 979 1246 nego·
1073 1168 1136 1230 Sed
1163 1169 1199 1230 nt
1226 1168 1268 1229 ad
1294 1169 1502 1232 Eridericum
1532 1169 1720 1245 redeamus,
1750 1188 1835 1249 pro-
1955 1180 1956 1239 1

182 1265 304 1327 «tium
332 1281 442 1327 meum
464 1269 646 1328 Romanam
670 1267 852 1329 Ecclesiam
872 1281 977 1344 opor·
1031 1263 1143 1324 missis
1155 1263 1214 1325 ille
1228 1279 1295 1326 non
1310 1264 1427 1326 stetit:
1453 1264 1575 1327 oblitus
1589 1266 1679 1328 enim
1695 1283 1769 1328 sese
1788 1266 1832 1329 ab

182 1362 324 1425 «tuerit
358 1364 532 1425 incurrere
569 1379 745 1441 guerram,
784 1363 977 1426 subveniam
1032 1360 1168 1423 ineunte
1183 1361 1282 1423 aetate
1295 1361 1357 1423 sub
1369 1365 1529 1424 Romanae
1547 1362 1705 1425 Ecclesiae
1725 1364 1832 1426 tutela
1955 1364 1956 1373 ²

182 1461 265 1532 «ei,
291 1460 377 1523 sicut
393 1461 574 1524 necessitas
598 1462 826 1538 postulaverit,
853 1462 889 1523 in
917 1477 980 1524 ex·
1032 1457 1137 1520 fuisse
1160 1474 1227 1521 non
1247 1459 1343 1521 modo
1370 1460 1556 1533 educatum,
1584 1475 1701 1522 verum
1727 1462 1833 1524 etiam

182 1558 345 1635 «pensis.
380 1559 497 1621 Omnia
537 1575 619 1621 vero
651 1558 878 1638 suprascripta
908 1558 978 1621 tam
1032 1556 1141 1618 studio
1162 1560 1387 1619 Romanorum
1407 1556 1616 1631 Pontificum,
1638 1559 1694 1636 qui
1722 1561 1833 1621 Cons-

182 1655 408 1732 ‹Juramento
436 1672 535 1734 quam
571 1656 694 1733 scripto
730 1656 868 1719 firmabo
903 1672 978 1718 cum
1031 1654 1145 1715 tantiae
1158 1654 1277 1716 matris
1295 1655 1428 1731 nuptias
1442 1656 1642 1733 apostolicae
1660 1656 1838 1734 dispensa·

182 1753 353 1829 «imperii
380 1751 474 1814 fuero
498 1769 655 1815 coronam
679 1754 828 1832 adeptus.
859 1754 978 1815 batum
1032 1751 1133 1812 tionis
1148 1750 1309 1813 beneflcio
1323 1751 1537 1825 admiserant,
1554 1752 1659 1815 fuisse
1673 1769 1836 1831 procrea·

182 1866 310 1911 «anno
325 1850 978 1913 Dominicaeincarnationis1219mense
1031 1848 1121 1921 tum,
1158 1849 1262 1910 nimia
1294 1849 1418 1910 abusus
1452 1850 1588 1912 licentia
1626 1850 1669 1912 ab
1708 1852 1830 1914 matris

182 1963 201 2006 a
224 1947 420 2024 Septembri.
441 1948 625 2010 interfuere
650 1949 798 2026 episcopi
823 1950 980 2025 argenti-
1034 1946 1472 2025 Constantiaeobitu,cu1us
1493 1948 1644 2011 sollertia
1661 1949 1698 2010 in
1717 1948 1834 2012 officio

182 2045 348 2118 «nensis,
369 2047 403 2107 et
425 2046 640 2119 Basileensis,
663 2046 800 2108 abbates
831 2048 864 2108 S.
892 2047 979 2109 Galli
1033 2042 1273 2116 continebatur,
1301 2060 1411 2106 mores
1435 2046 1648 2123 animumque
1671 2046 1835 2109 immuta·

182 2142 465 2216 «morbacensis,
502 2145 535 2206 et
568 2144 874 2221 Wirseburgensis,
910 2145 980 2207 dux
1033 2141 1091 2203 vit.
1119 2143 1204 2202 Nam
1227 2142 1354 2219 praeter
1374 2142 1462 2220 quod
1485 2143 1646 2205 'rhomam
1673 2144 1708 2205 et
1742 2146 1837 2206 Mat-

181 2239 449 2317 ‹Lotbaringiae
484 2242 517 2303 et
549 2241 675 2319 aliquot
700 2242 837 2304 comites
863 2240 976 2322 »(i).
1032 2240 1157 2301 thaeum
1174 2239 1305 2301 Tusciae
1322 2240 1465 2317 partium
1482 2241 1701 2319 quarumdam
1720 2242 1838 2303 comi-

183 2338 312 2399 Gorona
323 2338 438 2416 itaque
447 2341 602 2416 suscepta
617 2339 789 2401 Decembri
803 2354 928 2413 mense,
943 2341 979 2402 ut
1033 2338 1093 2409 tea,
1111 2336 1220 2414 quiin
1238 2338 1359 2413 Apulia
1374 2338 1496 2415 oppida
1517 2339 1673 2417 quasdam
1690 2340 1838 2402 inrese-

181 2433 326 2496 Blondus
349 2439 466 2497 narrat
489 2439 566 2497 Dec.
584 2438 616 2506 2,
637 2436 694 2498 lib.
710 2439 751 2498 7:
775 2437 929 2513 Platiua;
946 2437 979 2499 et
1033 2434 1109 2496 rant
1121 2433 1236 2496 tuendi
1250 2434 1474 2497 Ecclesiastici
1486 2436 1573 2514 juris
1588 2453 1701 2509 causa,
1723 2436 1784 2499 ille
1799 2437 1835 2499 in

180 2531 339 2594 trithem.
356 2536 480 2595 Geron.
494 2537 749 2611 Hirsanptcnsi.
1032 2547 1090 2593 eos
1105 2531 1233 2593 saevitia
1248 2548 1341 2607 usus,
1352 2532 1448 2594 bonis
1462 2533 1614 2595 omnibus
1629 2534 1833 2607 nudaverat,

223 2629 258 2691 id
273 2629 362 2692 certe
377 2631 410 2692 et
423 2630 613 2693 Fridericus
628 2630 835 2707 magnifacit,
852 2632 885 2694 et
908 2631 978 2693 suis
1033 2633 1069 2689 ut
1084 2630 1304 2707 Uspergensis
1320 2630 1459 2693 annotat
1475 2647 1563 2693 anno
1582 2633 1714 2693 Domini
1738 2633 1831 2694 1221.

182 2726 316 2804 scriptis
342 2726 472 2805 publice
495 2728 698 2791 contestatus
721 2729 790 2800 est,
808 2729 904 2806 quasi
924 2729 981 2790 in·
1033 2726 1185 2802 Cumque
1206 2727 1321 2788 nosset
1340 2743 1403 2789 eos·
1423 2728 1464 2788 ed
1489 2730 1647 2791 Romanae
1671 2728 1836 2791 Ecclesiae

180 2840 264 2899 gens
282 2824 415 2902 aliquod
442 2825 639 2887 beneficium
661 2826 872 2903 suscepisset.
897 2826 980 2888 irri-
1033 2839 1129 2900 opem
1153 2823 1354 2900 confugisse,
1375 2824 1411 2887 in
1429 2826 1577 2887 deterius
1602 2840 1733 2902 semper
1755 2826 1836 2887 ani-

181 2920 249 2982 tam
276 2923 388 2984 tamen
420 2922 518 2984 fldem
553 2922 648 2996 lecit,
679 2939 778 3001 quam
812 2924 978 3000 pollicitus
1033 2921 1249 2996 mumvertit3
1264 2923 1375 2999 spreta
1393 2922 1483 2983 enim
1501 2922 1726 3000 jnrisJurandi
1749 2923 1839 2985 reli-

182 3016 309 3091 fuisset.
338 3023 375 3080 In
401 3020 628 3082 coronationis
656 3020 881 3082 testimonium
906 3022 978 3083 baec
1032 3018 1242 3097 gionequam
1262 3019 1455 3080 innocentio
1470 3021 1503 3082 et
1522 3018 1670 3081 Honorio
1692 3019 1838 3098 despon-

181 3115 287 3192 ipsius
298 3116 461 3178 Eriderici
482 3117 584 3179 verba
598 3120 675 3179 sunt
688 3118 723 3178 in
736 3117 980 3180 Constitutione
1032 3115 1136 3187 derat,
1153 3115 1304 3178 enormia
1318 3117 1422 3178 multa
1441 3118 1492 3179 est
1504 3132 1694 3194 aggressus,
1718 3118 1836 3179 Ponti·

181 3228 242 3273 sna
257 3213 455 3290 quadam:‹
478 3217 515 3275 in
530 3214 595 3287 die,
613 3215 730 3293 inquit,
748 3229 813 3292 qua
826 3214 978 3277 demanu
1033 3212 1146 3273 ficiam
1166 3212 1327 3275 divexans
1356 3213 1525 3287 ditionem,
1547 3213 1832 3292 archiepiscopos,

180 3310 430 3372 «sanctissimi
449 3311 559 3373 Patris
578 3312 685 3373 nostri
709 3312 836 3373 Summi
862 3311 979 3374 Ponti·
1031 3309 1218 3387 episcopos,
1249 3326 1309 3372 suo
1345 3310 1509 3374 arbitratu
1539 3312 1757 3384 constituens,
1789 3312 1833 3374 ab

180 3407 293 3468 «ficis
307 3407 492 3484 recepimus
513 3408 648 3487 imperii
662 3408 826 3482 diadema,
844 3409 979 3471 curavi·
1033 3409 1182 3469 Romano
1214 3408 1376 3470 Pontifice
1404 3409 1601 3471 constitutos
1629 3409 1702 3486 ipse
1732 3408 1835 3470 desti·

180 3520 199 3563 a
221 3520 296 3564 mus
323 3505 365 3565 ad
392 3505 451 3567 Dei
478 3507 512 3568 et
536 3505 694 3569 Ecclesiae
719 3522 789 3568 suae
815 3507 976 3568 bonorem
1030 3505 1141 3578 tuens,
1154 3505 1224 3566 suis
1239 3503 1373 3567 sedibus
1383 3504 1589 3578 deturbabat,
1605 3505 1647 3566 ab
1672 3505 1838 3567 Ecclesiis

181 3601 320 3663 «edere
344 3602 505 3679 quasdam
527 3604 630 3680 leges,
652 3619 735 3681 quas
758 3603 793 3664 in
819 3604 977 3680 praesenti
1031 3616 1161 3681 quoque
1191 3602 1309 3679 stipem
1331 3604 1485 3680 exigens,
1510 3604 1609 3682 atque
1635 3604 1703 3664 alia
1727 3603 1835 3665 multa

180 3699 342 3775 «pagina
357 3699 512 3761 duximus
527 3702 693 3770 annotari,
709 3701 882 3779 pertotum
897 3715 978 3762 nos-
1031 3701 1067 3761 in
1089 3699 1332 3762 Ecclesiasticae
1355 3700 1522 3763 libertatis
1547 3701 1711 3778 iniuriam
1738 3717 1836 3763 com-

180 3811 199 3856 a
220 3796 309 3857 trum
331 3797 508 3874 imperium
534 3798 768 3876 publicandas;
795 3802 885 3860 Sane
908 3800 978 3861 Ro·
1030 3797 1176 3859 mittens.

180 3893 310 3956 «mani
332 3895 510 3958 Pontifices
527 3898 618 3958 veste
633 3896 809 3958 admodum
834 3896 977 3973 simplici
1071 3896 1151 3983 §ium
1173 3893 1276 3969 igitur
1296 3893 1337 3956 ob
1360 3894 1433 3956 baec
1451 3894 1584 3956 tandem
1609 3894 1651 3957 ab
1680 3895 1836 3957 Honorio

180 4007 199 4052 s
221 4008 261 4053 ac
283 3992 431 4055 modesta
452 3995 610 4070 utuntnr3
635 4010 697 4056 nec
723 3995 904 4072 pretiosam
924 3996 979 4056 in·
1031 3991 1277 4061 admoneretur,
1289 3991 1361 4068 ipse
1374 3991 1577 4053 salutaribus
1590 3992 1725 4054 monitis
1736 4008 1834 4053 num·

180 4104 199 4149 a
220 4089 324 4150 duunt
344 4090 479 4167 propter
502 4106 549 4160 se,
575 4091 633 4151 sed
659 4095 795 4168 propter
815 4091 977 4153 bonorem
1032 4105 1132 4166 quam
1146 4086 1388 4163 obtemperans,
1402 4088 1584 4165 quinimmo
1595 4088 1832 4151 admonentem

180 4184 405 4260 «dignitatis,
442 4185 572 4261 quoties
604 4186 756 4248 diadema
790 4186 977 4248 Caesaribus
1031 4185 1137 4261 magis
1150 4201 1190 4246 ac
1200 4186 1306 4261 magis
1319 4184 1434 4246 indies
1444 4201 1619 4262 spernens,
1634 4187 1833 4249 Pontificem

180 4297 199 4340 s
221 4282 280 4342 aut
302 4280 437 4357 regibus
460 4281 643 4360 imponunt,
664 4282 723 4344 aut
741 4284 875 4360 propter
890 4283 979 4345 divi·
1031 4282 1165 4345 tandem
1178 4283 1231 4343 vei
1241 4282 1382 4343 invitum
1395 4282 1517 4359 adegit,
1532 4284 1570 4347 ut
1584 4283 1619 4345 in
1633 4300 1671 4345 se
1685 4284 1832 4347 anathe-

180 4393 300 4438 ‹num
322 4377 456 4450 cultum,
478 4379 515 4441 ut
539 4379 707 4440 Honorius
730 4378 810 4441 fecit
830 4381 865 4442 in
880 4396 978 4443 coro-
1031 4379 1129 4442 matis
1147 4378 1312 4457 judicium
1335 4379 1575 4457 pronuntiaret,
1599 4379 1664 4442 nisi
1688 4381 1835 4458 resipis-

180 4474 356 4537 «natione
381 4477 567 4549 caesarum,
591 4477 625 4539 et
649 4492 860 4539 successores
886 4479 974 4555 ejus,
1031 4479 1131 4549 caret,
1156 4475 1331 4553 ablataque
1350 4477 1551 4550 restituerat,
1574 4478 1611 4539 in
1637 4477 1834 4555 pristinum·

180 4590 199 4636 (
220 4573 350 4651 quoties
362 4572 403 4635 ad
418 4573 531 4636 divina
546 4574 705 4651 mysteria
727 4574 896 4652 supplices
919 4591 978 4637 ac-
1031 4589 1096 4652 que
1108 4573 1220 4636 omnia
1232 4572 1396 4636 redderet.
1411 4575 1536 4636 Veram
1551 4590 1626 4636 cum
1641 4573 1751 4637 adbuc
1774 4576 1833 4637 iile

179 4689 198 4732 s
220 4674 403 4735 cesserunt.
417 4674 454 4733 in
467 4672 557 4734 vlotu
571 4673 704 4750 quidem
719 4674 753 4735 et
773 4674 853 4751 potu
870 4673 976 4735 exiis
1030 4673 1065 4733 in
1089 4672 1257 4734 sententia
1284 4671 1492 4748 pertinacius
1515 4671 1673 4745 baereret,
1702 4672 1826 4735 iterato

179 4787 292 4850 «quae
316 4770 504 4833 communia
525 4771 620 4843 sunt,
645 4771 785 4833 caeteros
809 4771 976 4849 principes
1031 4769 1197 4831 Honorius
1231 4768 1478 4830 execrationem
1505 4769 1689 4831 decernens
1727 4772 1831 4832 etiarn

179 4870 256 4930 ‹ut
274 4868 355 4932 libet
373 4869 564 4941 imitantur,
590 4869 757 4930 interdum
775 4868 876 4930 etiam
899 4868 975 4929 fru-
1030 4867 1171 4945 imperic
1202 4881 1243 4927 ac
1275 4866 1389 4942 regnis
1422 4866 1578 4927 omuibus
1611 4867 1833 4944 dejectionem

179 4965 364 5042 «galicres
383 4982 482 5043 quam
496 4981 572 5028 cum
594 4966 716 5042 privati
730 4967 854 5028 essent.
874 4966 978 5028 Deni-
1030 4962 1313 5039 comminabatur;
1344 4961 1380 5024 at
1411 4962 1512 5024 tertio
1543 4962 1647 5024 nimia
1684 4963 1832 5025 bominis

180 5081 199 5126 s
221 5079 283 5141 que
296 5064 333 5125 ut
346 5063 526 5140 plurimum
538 5065 619 5125 atas
634 5064 667 5125 et
685 5064 816 5125 senium
834 5079 892 5124 eos
912 5064 977 5124 mi·
1031 5060 1240 5123 contumacia
1266 5061 1486 5137 exasperatus
1509 5061 1682 5133 Pontifex,
1715 5077 1833 5123 omues

180 5178 199 5224 ‹
220 5176 283 5222 uus
295 5159 423 5222 servire
437 5160 596 5238 voluptati
609 5160 748 5237 Jubent3
765 5161 869 5222 muita
887 5160 976 5225 enim
1031 5158 1173 5235 imperii,
1204 5173 1460 5235 regnorumque,
1489 5157 1609 5235 quibus
1638 5158 1832 5220 Eridericns

181 5260 373 5321 «senectus
395 5257 604 5318 incommoda
626 5273 738 5318 secum
758 5257 877 5328 adfert,
899 5259 933 5320 et
946 5257 976 5319 si
1031 5255 1199 5333 preesset,
1228 5253 1377 5318 subditos
1410 5256 1627 5319 Sacramenta
1658 5255 1832 5318 fidelitatis

181 5374 200 5416 s
221 5355 391 5419 commoda
406 5354 562 5423 adferret,
578 5354 614 5414 in
633 5353 850 5417 Pontificibus
864 5356 975 5416 tamen
1031 5352 1174 5415 absolvit
1186 5350 1247 5433 (2).

180 5453 317 5516 «debet
328 5453 536 5516 commodum
548 5467 622 5514 esse
636 5468 711 5513 cum
730 5452 839 5514 modo
850 5455 978 5515 »Hac-
1071 5450 1156 5511 Hinc
1196 5450 1415 5527 plurimorum
1458 5448 1625 5512 malorum
1664 5450 1832 5513 Eriderici

212 5583 260 5668 (l)
279 5587 322 5643 Ex
342 5586 396 5642 ilis
420 5583 520 5643 codice
548 5591 710 5669 pervetusto
737 5598 858 5656 quarum
881 5599 976 5644 rerunt
1067 5578 1206 5721 (mim
1227 5581 1301 5639 ilict.
1322 5580 1371 5640 lib.
1386 5581 1432 5651 39,
1454 5597 1480 5640 c
1502 5581 1572 5654 119;
1590 5583 1704 5640 Krantn
1723 5582 1831 5640 Sacer

181 5655 267 5712 etiam
282 5655 414 5712 meminit
428 5655 589 5717 dutoolnns
607 5657 650 5713 tit.
668 5656 712 5725 19,
724 5670 750 5713 c.
766 5655 794 5723 3,
807 5655 870 5728 iti
1031 5652 1070 5709 lib
1144 5666 1208 5725 cap
1219 5651 1265 5709 31).
1420 5690 1424 5694 Α
