3958 6204
181 233 239 298 251
663 224 841 288 HONORII
856 223 909 285 1ΙΙΙ
930 216 1372 313 oruan.-sE1tMoNEs.
1772 220 1836 285 252

181 392 270 457 tolus
283 413 291 454 ε
305 389 837 469 neomeserottomperqeem
850 386 982 447 scroto·
1036 381 1184 445 manicat
1209 380 1368 455 Ecclesia,
1393 379 1430 443 ut
1449 379 1548 443 homo
1572 378 1773 457 corrigatur,
1801 385 1837 446 et

180 508 261 556 mus
274 490 448 568 umentes
462 493 533 550 Deo
551 502 631 548 cum
650 484 746 547 reete
765 484 799 545 ct
818 497 982 545 reverca-
1035 480 1172 558 spiritus
1187 480 1300 542 salvus
1310 479 1354 542 sit
1366 479 1401 541 in
1417 478 1472 540 die
1483 476 1617 540 Domini
1631 478 1738 541 nostm
1751 481 1836 543 iesu

183 592 234 652 tto
255 588 370 670 (Hebr.
390 603 452 654 111,
471 583 538 665 28).
559 585 599 645 Et
614 582 731 644 beatus
750 581 979 657 Augustinus:
1036 579 1169 641 christi.
1196 579 1287 652 Quod
1312 579 1342 639 si
1363 593 1424 654 pro
1449 576 1582 639 mortali
1601 577 1737 653 peccato
1759 579 1837 656 quis

183 689 322 751 Praesto
339 699 477 760 seraper
488 682 541 744 cst
555 681 674 758 pretio
685 694 762 755 paee
773 693 842 740 non
851 678 980 739 recedit
1035 675 1354 747 excommunicatur,
1382 677 1416 736 et
1439 690 1506 735 non
1527 673 1733 746 emendatur,
1759 690 1838 737 cer-

182 790 251 849 ntsl
263 790 418 860 conpulso,
430 782 464 843 et
474 794 543 842 non
552 779 745 842 revertitur
754 780 824 839 nist
833 790 900 852 per
907 791 982 851 poe·
1034 774 1105 836 tum
1118 775 1170 835 est
1184 772 1271 851 quod
1284 788 1351 834 non
1365 772 1431 834 erit
1445 771 1569 833 suiuus.

184 884 380 947 silentiam.
1074 871 1192 933 Messis
1207 870 1370 949 purgatur
1381 885 1441 947 per
1454 869 1629 931 veritatem
1647 868 1837 933 denuncia-

223 980 381 1058 Sequitnr
395 978 436 1039 de
459 976 556 1039 taleis
573 972 731 1038 sectione.
751 968 862 1035 Falcis
877 967 981 1033 sectio
1034 967 1146 1040 tionis,
1179 969 1256 1048 qnia
1289 967 1368 1030 boni
1398 967 1601 1029 mundantur
1625 983 1645 1029 a
1674 969 1834 1044 peccatis,

183 1082 234 1143 est
250 1076 442 1157 praedicatio
457 1089 631 1154 poenarum
647 1071 781 1145 interni,
802 1073 836 1134 et
853 1069 981 1149 praedi·-
1035 1066 1166 1144 quando
1185 1066 1404 1128 annuntiatur
1418 1066 1468 1127 eis
1489 1065 1567 1143 quid
1587 1066 1631 1128 sit
1649 1066 1835 1143 peccatum.

185 1178 270 1241 catio
295 1174 441 1238 coelestis
466 1171 707 1251 promissionis,
733 1170 829 1241 idest,
853 1166 980 1244 gioriae.
1035 1166 1120 1226 Nam
1130 1167 1302 1243 peccatum
1314 1179 1515 1241 cognoscem
1527 1163 1619 1225 salus
1638 1163 1689 1225 est
1699 1164 1835 1226 animas.

184 1278 271 1339 Nam
287 1274 374 1336 sicut
388 1271 473 1334 talce
487 1270 604 1333 messis
621 1270 829 1346 separatura
846 1265 979 1343 stipula,
1036 1262 1130 1325 Unde
1145 1262 1279 1341 quidam
1292 1262 1425 1340 sapiens
1439 1279 1474 1321 :r
1488 1261 1614 1325 Notitia
1626 1261 1756 1340 peccati
1768 1261 1839 1323 ini-

184 1375 231 1437 ita
245 1373 364 1435 timore
378 1385 561 1449 poenarum,
578 1369 612 1430 et
623 1365 843 1445 promissione
864 1363 983 1425 coeles-
1034 1358 1117 1422 tium
1136 1361 1255 1424 salutis
1269 1362 1331 1423 est.
1349 1377 1368 1421 r
1384 1359 1425 1422 Et
1443 1359 1603 1421 Dominus
1617 1360 1659 1421 ad
1673 1359 1838 1421 Ezechie-

185 1473 228 1536 tis
243 1471 360 1548 gloriae
381 1481 611 1547 separamura
634 1464 814 1542 eupiditate
834 1464 979 1532 terrena,
1036 1458 1120 1519 lem:
1133 1461 1365 1531 Fililromtrris
1377 1459 1838 1532 notassacscmrsalcmvios

187 1571 265 1649 quia
279 1569 356 1630 inde
376 1566 530 1628 oriuntur
546 1562 658 1625 omnia
678 1561 777 1634 mala,
797 1560 885 1621 sicut
903 1558 983 1619 dicit
1034 1572 1118 1618 suos
1131 1555 1262 1636 (Erech.
1276 1571 1345 1628 xrs,
1360 1554 1407 1634 2).
1423 1558 1449 1616 0
1465 1554 1513 1616 iili
1527 1554 1684 1627 hominis,
1701 1554 1800 1626 idest,
1818 1568 1839 1615 o

185 1663 362 1742 Apostolus
387 1683 396 1722 ι
424 1659 601 1736 Cupiditas
621 1657 673 1719 est
696 1659 803 1718 rodier
824 1656 983 1735 martium
1037 1651 1208 1731 propheta,
1230 1652 1286 1732 qui
1307 1669 1344 1715 es
1369 1652 1459 1714 filius
1483 1652 1639 1725 hominis,
1664 1651 1718 1714 iac
1738 1654 1839 1714 notas

185 1766 358 1823 malorum
372 1756 400 1837 (l
415 1756 499 1817 Tim.
513 1754 633 1834 r1,itl).
654 1754 751 1825 Nam,
773 1751 861 1814 siout
876 1751 983 1811 mater
1035 1753 1108 1814 rias
1121 1767 1210 1824 suas,
1227 1750 1323 1825 idest,
1340 1750 1519 1829 inquitates
1534 1766 1613 1814 suas
1633 1750 1837 1822 Jerusalem,

186 1857 291 1920 nutrit
301 1856 387 1917 illios
397 1869 476 1916 suos
487 1853 529 1914 ad
538 1852 674 1924 bonurn,
683 1851 729 1913 ita
740 1849 906 1928 cupiditas
919 1848 983 1909 ter—
1035 1849 1122 1911 idest
1142 1849 1232 1911 iideli
1251 1849 1383 1911 animae.
1404 1848 1489 1921 Quia
1509 1863 1570 1925 pro
1589 1848 1725 1925 peccato
1746 1846 1837 1926 quod

184 1972 267 2018 rena
280 1953 384 2016 nutrit
399 1952 485 2013 tilios
501 1965 578 2012 suos
592 1949 629 2011 in
643 1948 791 2026 peccato,
804 1945 901 2019 idest,
920 1943 983 2007 ho-
1036 1946 1203 2010 commisit
1221 1946 1326 2009 Adam
1343 1945 1378 2010 in
1393 1944 1560 2024 paradiso,
1584 1945 1726 2024 turpiter
1740 1948 1839 2022 ejec-

184 2052 292 2115 mines
304 2051 437 2127 iniquos
449 2049 482 2110 et
498 2062 684 2127 perversos.
702 2045 780 2106 Siue
793 2043 899 2105 matre
915 2058 982 2104 non
1035 2045 1090 2106 tus
1117 2045 1168 2107 est
1201 2044 1242 2107 de
1268 2044 1441 2122 paradiso,
1469 2043 1556 2106 sicut
1583 2043 1707 2119 legitur
1731 2058 1740 2098 r
1765 2045 1838 2104 Era

186 2150 335 2211 nascitur
347 2146 446 2218 iilius,
457 2147 490 2207 et
501 2142 904 2221 sinecupiditateterrena
914 2156 982 2202 non
1036 2142 1177 2205 credidit
1190 2143 1301 2205 verbis
1318 2142 1494 2219 serpentis,
1510 2140 1544 2203 et
1563 2140 1705 2218 primum
1721 2140 1836 2202 homi-

186 2248 224 2309 nt
241 2247 340 2307 homo
356 2259 543 2321 perversus.
562 2240 655 2303 Unde
670 2240 805 2318 propter
818 2254 981 2303 amoren-
1037 2256 1123 2312 nem,
1138 2239 1234 2313 idest,
1251 2239 1405 2303 Adamde
1416 2238 1572 2317 paradiso
1583 2238 1722 2315 expulit.
1739 2237 1840 2301 Unde

185 2345 261 2407 dam
277 2342 490 2420 cupiditatem
505 2339 665 2401 Dominus
677 2336 808 2399 dicebat
822 2335 858 2397 in
872 2339 983 2397 Evan-
1037 2353 1097 2414 per
1111 2337 1317 2415 mysterium,
1331 2337 1453 2399 dicitur
1467 2336 1504 2398 in
1515 2335 1657 2397 Genesi:
1673 2335 1842 2398 ‹Planta-

183 2441 295 2519 gelio:
319 2439 459 2501 Venditc
470 2453 547 2512 oute
557 2437 741 2511 possidetis
755 2435 788 2496 et
807 2434 886 2496 dote
900 2439 983 2496 elce·
1037 2452 1056 2495 r
1076 2436 1171 2498 verat
1184 2436 1296 2497 autem
1314 2437 1402 2497 Deus
1417 2433 1609 2511 paradisum
1622 2433 1805 2510 voluptatis
1817 2448 1840 2495 a

183 2553 365 2614 mesenam
387 2534 482 2614 (Luc.
511 2550 572 2607 x11,
597 2532 662 2614 33).
685 2534 886 2609 separemur
905 2529 981 2608 (sic)
1037 2550 1056 2593 ι
1077 2531 1253 2610 principio,
1274 2532 1310 2594 in
1330 2548 1396 2609 quo
1414 2531 1526 2609 posuit
1548 2530 1717 2593 hominem
1738 2547 1839 2608 quem

184 2653 265 2714 ergo
287 2635 328 2697 ab
343 2649 456 2697 amore
477 2631 708 2709 temporalium
723 2646 848 2705 rerum,
866 2629 982 2690 utnon
1037 2630 1289 2703 «formaverat,
1319 2631 1355 2692 ut
1378 2633 1575 2707 operaretur
1599 2632 1633 2690 et
1655 2627 1840 2691 custodiret

187 2730 531 2812 separemuragloria
546 2728 806 2806 regnicoelestis.
821 2730 900 2789 Haec
919 2742 981 2788 au·
1037 2745 1056 2788 r
1077 2728 1183 2790 illum.
1209 2728 1437 2806 Praecepitque
1454 2728 1496 2789 ‘ei
1518 2727 1653 2789 dicens:
1673 2729 1724 2788 Ex
1745 2727 1840 2788 omni

183 2835 251 2897 tem
261 2829 427 2908 separatio
443 2828 479 2890 iit
494 2826 624 2889 duobus
638 2825 744 2889 modis
758 2842 766 2880 ι
780 2840 840 2903 per
854 2824 984 2886 senten·
1037 2842 1056 2884 s
1077 2825 1169 2902 ligno
1191 2825 1338 2904 paradisi
1366 2825 1516 2898 comede,
1542 2824 1583 2889 de
1610 2824 1702 2901 ligno
1725 2826 1840 2886 autem

184 2930 266 2995 tiam
283 2925 649 2997 excommunicationis,
672 2926 706 2985 et
729 2938 788 3000 per
807 2923 983 2984 veritatem
1037 2940 1056 2982 r
1077 2924 1226 2986 scientiae
1238 2923 1318 2985 boni
1331 2924 1365 2985 et
1375 2922 1455 2983 mali
1471 2938 1512 2984 ne
1528 2921 1693 2984 comedas.
1708 2922 1748 2983 Et
1762 2920 1839 2984 fons

186 3024 459 3090 denuntiationis.
472 3025 537 3084 Per
548 3020 747 3083 sententiam
760 3018 985 3082 excommuni·
1038 3038 1056 3080 «
1077 3019 1309 3097 egrediebatur
1329 3018 1369 3081 ad
1395 3018 1603 3096 irrigandum
1628 3018 1835 3096 paradisum,

183 3125 335 3196 cationis,
363 3122 440 3200 quia
453 3119 584 3197 quando
600 3118 707 3179 malus
722 3117 821 3179 homo
843 3132 983 3178 excom·
1037 3136 1056 3180 s
1078 3118 1134 3196 qui
1149 3118 1359 3179 dividebatur
1373 3118 1408 3178 in
1423 3120 1565 3195 quatuor
1579 3115 1729 3188 flumina,
1742 3115 1841 3177 ride·

185 3219 384 3292 municatur,
410 3217 505 3296 quasi
532 3215 648 3278 lolium
671 3230 692 3276 a
717 3229 825 3276 messe
851 3214 983 3276 Domini
1037 3216 1166 3288 «licet,
1189 3214 1314 3276 Plrison
1334 3217 1367 3277 et
1387 3218 1490 3287 Genu,
1506 3214 1622 3289 Tigrin
1636 3213 1670 3275 et
1684 3213 1841 3290 Euphra-

185 3319 370 3397 separatur,
387 3312 566 3377 etdiaholo
580 3312 736 3374 traditur.
760 3311 854 3372 Unde
871 3314 981 3387 Apos—
1037 3320 1145 3375 ‹ten
1181 3330 1200 3374 a
1229 3311 1324 3392 (tien.
1358 3328 1396 3384 11,
1437 3310 1484 3390 8.)
1522 3314 1705 3374 Possumus
1741 3326 1836 3387 ergo,

183 3416 272 3478 tolus
287 3435 294 3474 ε
307 3414 465 3474 dedicavi
494 3412 634 3472 tradere
653 3410 850 3483 eremmon
872 3410 984 3471 iomi-
1037 3410 1168 3483 iratres,
1195 3410 1284 3472 irunc
1308 3410 1502 3487 paradisum
1533 3425 1616 3471 sane
1647 3408 1841 3486 intelligere

183 3511 469 3577 ecmsolenaeio
483 3508 666 3569 interitum
679 3509 808 3578 carnia,
825 3508 865 3567 ut
875 3508 984 3580 spiri-
1038 3509 1186 3571 sanctam
1213 3510 1245 3570 et
1270 3507 1517 3569 immaculatam
1543 3506 1737 3578 Ecclesiam,
1768 3522 1840 3568 non

186 3614 242 3675 tus
259 3615 377 3674 salvus
394 3607 442 3669 att
463 3609 502 3668 io
522 3608 577 3668 dic
600 3607 740 3669 Domini
760 3604 874 3667 nostri
898 3606 983 3665 lero
1038 3606 1213 3669 habentem
1225 3605 1391 3668 maculam
1403 3618 1511 3683 neque
1524 3620 1664 3681 rugam;
1679 3619 1752 3682 quae
1764 3604 1840 3682 pul·

185 3708 314 3776 Christi
329 3704 358 3787 (l
373 3708 446 3768 Gor.
460 3721 495 3777 r,
506 3702 553 3784 5).
1034 3704 1119 3767 chre
1134 3705 1233 3767 estet
1248 3702 1369 3767 decora
1382 3704 1435 3765 rel
1450 3702 1557 3767 electa
1571 3704 1608 3765 m
1620 3702 1684 3765 sol.
1699 3701 1761 3764 ilic
1780 3704 1838 3764 est

225 3803 446 3882 Quaerendum
474 3804 525 3866 est
543 3800 708 3880 quomodo
726 3798 882 3862 necatur
904 3799 984 3861 dia·
1038 3802 1217 3880 paradinus
1235 3801 1426 3880 voluptatis,
1460 3800 1558 3874 idest,
1591 3799 1839 3862 delectationis.

7 3930 11 3945 ν
97 3890 101 3893 ’
185 3907 263 3971 noro
277 3904 335 3985 qur
357 3898 912 3976 mammoneamque
932 3898 985 3960 ar-
1038 3900 1100 3963 ine
1120 3902 1170 3963 est
1195 3900 1312 3962 nonae
1341 3915 1467 3961 aarum
1486 3899 1522 3961 n
1543 3914 1644 3976 mem
1666 3897 1843 3961 essenon

187 4004 338 4075 cendum,
360 4001 438 4080 quia
457 3999 609 4061 diabolus
632 3996 812 4059 nonhabet
833 3998 984 4074 potesta-
1038 4014 1192 4077 sponsus.
1220 4000 1300 4061 Haec
1323 3997 1374 4059 est
1396 3997 1495 4059 vinea
1522 3996 1655 4059 Domini
1678 3994 1841 4059 sananim

185 4105 252 4167 tem
276 4102 311 4162 in
333 4100 386 4159 his
412 4099 468 4175 qui
488 4095 620 4156 suntin
640 4094 802 4155 charitate
826 4094 984 4156 Ecclesiae
1038 4097 1101 4159 ilio
1114 4097 1166 4158 est
1184 4095 1277 4158 locus
1291 4094 1499 4156 deliciarum.
1515 4094 1578 4156 Hic
1596 4094 1648 4156 est
1661 4093 1842 4172 paradisus

186 4196 368 4264 constituti,
381 4209 421 4255 eo
436 4191 522 4270 quod
544 4190 612 4252 sint
630 4190 777 4251 membra
799 4190 934 4264 Christi,
950 4193 984 4254 et
1038 4193 1200 4255 maiorum
1216 4193 1413 4270 punicorum
1428 4209 1503 4254 cum
1518 4208 1692 4269 pomorum
1713 4190 1841 4254 tructi-

185 4294 338 4360 diaholus
358 4307 424 4353 non
447 4288 548 4350 hahet
567 4288 762 4366 potestatem
784 4287 821 4349 in
845 4303 983 4366 corpore
1037 4291 1110 4353 hus.
1122 4292 1170 4352 De
1179 4305 1342 4368 aquarum
1353 4290 1540 4367 frequentia
1548 4289 1756 4367 premissum
1767 4291 1839 4352 est:

187 4391 320 4457 christi.
337 4387 475 4462 Quando
489 4390 601 4449 autem
619 4385 693 4463 quis
714 4401 772 4461 per
786 4400 982 4448 excommu-
1036 4392 1130 4451 Fons
1144 4388 1386 4464 egredicbatur
1400 4392 1444 4453 od
1460 4390 1680 4464 mondum
1693 4391 1844 4461 porodi-

188 4491 391 4559 nicationem
414 4484 455 4547 ab
481 4484 630 4546 Ecclesia
655 4482 801 4561 pellitur,
828 4485 983 4560 potestati
1036 4502 1125 4558 som,
1160 4488 1219 4560 oct
1246 4486 1415 4548 dividitur
1439 4489 1478 4547 ie
1508 4485 1659 4560 quotuor
1689 4486 1843 4558 numiam

187 4589 312 4655 diaboli
334 4584 552 4662 mancipatur,
576 4581 654 4660 quia
674 4578 876 4643 deseritura
903 4584 982 4657 Deo,
1039 4583 1184 4663 (Genu,
1202 4582 1267 4663 10).

186 4689 266 4754 licet
286 4684 438 4749 diabolus
463 4680 617 4743 rideatur
636 4696 734 4742 suum
746 4681 803 4757 Jus
827 4695 983 4742 exercere
1077 4685 1157 4743 ilaec
1169 4681 1281 4743 omnia
1305 4680 1340 4742 in
1359 4680 1456 4743 horto
1475 4680 1671 4743 deliciarum
1696 4681 1838 4743 nostra-

187 4790 223 4852 in
238 4804 294 4849 eo.·
309 4783 404 4848 Unde
424 4780 531 4859 potest
548 4795 624 4840 eum
643 4778 680 4840 in
698 4794 798 4840 carne
820 4776 981 4856 affligere.
1037 4795 1124 4851 rum,
1141 4779 1238 4850 idest,
1251 4778 1367 4839 sancta
1382 4778 1542 4850 Ecclesia,
1555 4777 1585 4839 si
1599 4777 1779 4854 diligenter
1790 4780 1843 4841 at-

187 4886 265 4948 dum
279 4881 372 4954 vivit,
389 4881 422 4943 et
433 4880 469 4940 in
483 4878 594 4939 anima
610 4879 684 4955 post
703 4876 853 4945 mortem,
868 4877 898 4938 si
916 4893 983 4939 non
1037 4877 1214 4948 tendimus,
1224 4891 1399 4953 possumus
1409 4875 1574 4937 invenire.
1588 4877 1626 4937 In
1642 4891 1682 4938 ea
1693 4891 1842 4955 namque

188 4980 386 5058 corrigatur,
412 4978 445 5039 et
459 4977 533 5039 ideo
554 4975 640 5037 dixit
660 4974 859 5054 Apostolus:
880 4972 914 5035 in
936 4974 985 5036 in·
1038 4976 1117 5036 sunt
1125 4972 1262 5036 arbores
1275 4973 1386 5035 densae
1401 4973 1437 5034 in
1452 4989 1593 5052 quarum
1605 4972 1841 5051 medioposita

186 5082 322 5147 teritum
339 5076 462 5146 carnis,
479 5074 557 5152 quia
574 5073 724 5135 Ecclesia
740 5088 806 5134 non
823 5072 985 5149 permittit
1038 5072 1116 5133 sunt
1133 5071 1199 5133 duc
1225 5071 1339 5147 ligna:
1363 5071 1491 5148 lignum
1514 5070 1672 5133 videlicet
1694 5071 1786 5142 sitm,
1804 5072 1842 5135 et

187 5178 320 5244 diabolo
341 5174 378 5238 ut
397 5173 508 5251 rapiat
523 5171 653 5233 animas
675 5171 982 5233 excommunicato-
1038 5170 1164 5246 lignum
1178 5169 1327 5231 scientiae
1339 5166 1459 5230 boniet
1473 5166 1841 5232 meri.·arn0rritaeest

187 5294 273 5350 rum,
285 5275 363 5338 dum
373 5271 499 5341 vivunt,
509 5270 565 5330 sed
577 5268 908 5346 utat'tligatcorpora.
918 5267 982 5330 Sed
1037 5267 1307 5345 iliaquusradix
1322 5266 1499 5340 iuitJesse,
1511 5268 1612 5345 juxta
1623 5267 1708 5329 illud
1719 5267 1837 5329 lsaiae:

188 5375 329 5439 callidus
343 5369 449 5434 hostis
464 5366 603 5445 negligit
623 5367 835 5428 vexationem
859 5382 982 5444 corpo·
1037 5365 1142 5428 «Erit
1169 5364 1267 5426 radix
1289 5366 1395 5435 lesse,
1420 5367 1455 5430 et
1480 5366 1537 5443 qui
1564 5381 1607 5428 ex
1631 5365 1696 5428 hac
1723 5364 1841 5427 radice

186 5474 250 5544 ris,
263 5471 300 5532 ut
318 5469 392 5547 post
406 5465 704 5529 mortemtranseat
718 5464 759 5526 ad
772 5464 982 5526 vexationem
1036 5464 1248 5540 «consurget
1268 5478 1385 5539 regare
1409 5464 1538 5540 gentes,
1562 5464 1599 5525 in
1623 5479 1699 5525 eum
1721 5464 1841 5541 gentes

189 5570 388 5632 animarum.
413 5567 483 5628 Hac
507 5565 618 5627 autem
641 5562 826 5626 intentione
848 5578 985 5625 excom·-
1037 5559 1263 5639 «sperabunt.
1282 5563 1356 5627 »nt
1378 5560 1484 5623 alibi:
1510 5564 1627 5626 Rodia
1651 5565 1749 5624 lesse
1776 5566 1839 5637 orci
