3980 6206
147 284 204 343 :lle
773 281 1003 345 EPISTOLAE.
1028 282 1104 343 alh.
1129 282 1169 345 ll.
1736 285 1796 345 llo

147 439 275 503 dilectis
288 438 366 500 tiliis
381 441 526 501 emanso
540 440 654 517 priori,
672 443 705 503 et
719 439 942 505 iratribusec·
995 442 1159 509 canonico
1193 443 1409 519 procuratore
1441 441 1642 507 venerabilis
1679 441 1793 506 fratris

147 538 257 599 clesiae
272 538 397 599 sanctae
413 539 529 601 Mariae
540 537 702 600 delbelna
717 539 783 605 tam
800 555 943 617 praesen·
996 539 1139 609 nostri...
1157 541 1322 605 senonen.
1339 540 1583 617 archiepiscopi
1609 541 1792 612 asserente,

146 635 940 714 tibusquamfuturisregularemvitamprotessis,
996 636 1084 714 quad
1097 636 1239 703 dilectus
1250 637 1339 707 titius
1353 641 1383 707 i.
1401 641 1567 706 &nonem
1583 638 1795 704 arabionem

146 734 221 805 ota,
235 732 276 794 de
287 732 410 811 quibus
422 732 496 795 haec
506 734 650 811 propriis
665 734 819 795 dammas
835 735 942 812 expri-
996 749 1059 807 nus
1073 733 1152 799 olim
1165 737 1347 810 resignavit
1358 738 1550 813 utrumque,
1570 736 1605 796 in
1618 737 1690 812 ipsa
1703 735 1793 798 resi-

146 830 942 909 mendavocabulis,locumipsuminquopraelata
996 834 1202 907 ambonem
1216 837 1304 907 voto,
1322 835 1375 896 vel
1392 836 1583 911 juramento
1604 835 1795 910 astringens

146 929 287 991 eeclesia
310 928 373 991 sita
389 930 450 1001 est,
467 946 541 991 cum
556 929 710 993 omnibus
734 930 942 1007 pertinentiis
997 929 1082 1006 quod
1098 945 1139 992 ea
1153 930 1193 995 de
1208 935 1329 995 caetero
1341 932 1415 999 sine
1427 931 1677 1008 dispensatione
1689 934 1797 1008 apos-r

146 1028 226 1099 suis,
241 1027 356 1088 domos
372 1028 404 1089 et
417 1027 648 1105 possessiones
657 1044 732 1091 cum
742 1029 850 1093 vineis
860 1044 957 1107 quas
996 1027 1099 1099 tolica
1112 1044 1179 1093 nou
1193 1030 1367 1106 reciperet,
1383 1030 1436 1095 vel
1445 1030 1584 1101 teneam,
1597 1031 1670 1105 ipso
1684 1032 1795 1091 autem

146 1125 277 1187 habetis
306 1124 392 1202 apud
414 1124 609 1197 Albaniam,
638 1129 672 1188 et
696 1128 820 1191 terram
844 1143 943 1204 quam
997 1125 1245 1200 archidiacono,
1273 1128 1360 1205 quod
1384 1127 1425 1191 de
1447 1129 1524 1191 voto
1547 1128 1580 1191 et
1604 1128 1795 1205 juramenta

146 1222 276 1284 habetis
284 1222 372 1300 apud
383 1224 527 1285 montem
543 1222 814 1293 Rotundumcum
826 1225 942 1302 pratis,
997 1224 1208 1301 praemissum
1223 1226 1274 1288 est
1291 1225 1463 1301 inliciente
1476 1225 1622 1297 omnino,
1647 1226 1681 1287 et
1703 1224 1797 1289 arar·

146 1321 258 1392 terris,
283 1319 432 1396 usuagiis
454 1322 487 1382 et
509 1322 642 1397 pascuis
665 1321 701 1383 in
724 1320 824 1389 bosco
851 1322 887 1387 et
908 1323 944 1385 in
997 1324 1110 1383 mente
1130 1322 1218 1401 quod
1246 1338 1365 1391 revera
1393 1323 1606 1400 praehendam
1631 1323 1739 1400 ipsam
1765 1323 1798 1389 et

146 1418 258 1495 plano,
275 1417 311 1481 iu
332 1418 440 1496 aquis,
465 1418 501 1479 in
523 1418 685 1491 torminis,
708 1420 742 1483 et
762 1420 889 1485 semitis
912 1422 945 1483 et
998 1418 1306 1489 archidiaconatum
1332 1422 1530 1498 simplicitur
1551 1421 1747 1501 resignavit,
1764 1423 1799 1485 et

145 1515 299 1577 omnibus
313 1516 390 1578 aliis
411 1516 620 1578 libertatibus
642 1517 723 1601 suis,
740 1518 802 1587 eta.
819 1517 943 1581 Prohi-
999 1517 1206 1593 posmodum
1218 1519 1439 1595 pessumdans
1452 1518 1740 1597 arehiepiscopum
1754 1518 1797 1581 de

144 1614 263 1675 berum
280 1615 418 1691 insuper
431 1615 468 1675 ut
490 1613 575 1676 nulli
596 1616 735 1679 matrum
758 1616 944 1683 vestrorum
999 1616 1139 1694 utroque
1153 1615 1216 1679 tuit
1238 1616 1273 1679 in
1301 1618 1465 1683 senonen.
1492 1617 1636 1695 capitulo
1653 1617 1796 1681 investi·

144 1713 220 1790 post
233 1711 357 1773 lactem
371 1712 407 1773 in
422 1713 626 1775 monasterio
638 1713 879 1791 professionem
895 1713 944 1777 las
998 1714 1062 1781 tus.
1077 1714 1145 1779 Nos
1160 1713 1309 1783 volentes
1322 1728 1422 1792 super
1436 1715 1479 1776 iis
1493 1731 1537 1781 en
1558 1714 1667 1781 oldcio
1683 1715 1797 1781 nostre

145 1811 198 1881 sit,
216 1809 292 1871 sine
314 1809 443 1872 abbatis
461 1812 513 1872 sui
532 1811 680 1884 licentia,
705 1811 771 1877 nisi
791 1811 944 1877 arctioris
998 1809 1170 1889 inquirere
1184 1812 1370 1884 seritstsm,
1387 1812 1581 1875 discretioni
1597 1813 1718 1879 vestrae
1739 1826 1799 1889 per

145 1907 322 1985 religionis
340 1907 485 1982 obtentu,
510 1908 551 1971 de
565 1909 681 1973 eodem
704 1908 777 1975 loco
790 1910 944 1973 discede·
998 1909 1187 1986 apostolica
1202 1911 1326 1988 scripta
1341 1909 1548 1982 mandamus,
1566 1912 1729 1987 quatenus
1741 1925 1798 1971 re-

144 2021 193 2078 re,
214 2006 280 2068 etc.
306 2021 406 2082 quum
421 2007 533 2069 autem
556 2006 714 2083 generale
732 2007 945 2071 interdictum
999 2010 1094 2084 cepta
1109 2023 1212 2084 super
1224 2008 1489 2085 hocjuramsnto
1501 2024 1522 2070 a
1536 2007 1668 2071 dilectis
1679 2007 1797 2071 liliis...

145 2106 249 2165 terrae
269 2102 380 2172 luerit,
397 2103 496 2167 liceat
510 2103 605 2167 vobis
622 2105 745 2167 eleusis
755 2105 873 2183 januis
887 2122 945 2168 ec-
999 2102 1129 2178 abbate,
1143 2120 1220 2173 ae...
1237 2106 1349 2183 priore
1365 2107 1479 2171 Sancti
1492 2106 1648 2178 Victoris,
1673 2107 1801 2182 megis-

145 2202 261 2263 clesiae
274 2202 569 2266 excommunicatis
582 2204 615 2267 et
630 2203 814 2269 intendistis
825 2203 947 2281 expul-
1000 2202 1052 2265 tro
1065 2204 1102 2265 P.
1118 2203 1288 2279 capuano,
1305 2204 1466 2267 canonico
1479 2205 1645 2267 mannen.
1661 2206 1701 2267 R.
1711 2203 1799 2266 dicto

145 2299 203 2371 sis,
222 2314 290 2363 non
303 2298 444 2376 pulsatis
458 2300 639 2377 campanis,
656 2314 837 2378 suppressa
851 2317 944 2373 voce,
1000 2299 1183 2376 capellano,
1198 2302 1231 2363 et
1243 2301 1402 2377 morisim
1424 2304 1463 2364 R.
1480 2301 1521 2373 de
1542 2301 1667 2374 Remis,
1693 2316 1799 2364 cano—

145 2396 569 2472 divinaofdoiacelebrarm
580 2397 945 2472 chrismavero,olaum
1000 2396 1088 2471 nicia
1102 2398 1280 2470 Parisios„
1297 2398 1354 2475 arii
1368 2399 1589 2475 resignationi
1609 2400 1679 2476 jam
1701 2398 1799 2465 diota

145 2510 292 2566 sacrum,
302 2496 571 2557 consecrationes
580 2496 750 2569 altarium,
761 2512 822 2563 seu
833 2496 949 2565 basili.-
1000 2494 1191 2557 interfuisse
1212 2495 1377 2569 dicuntur,
1392 2511 1449 2558 eos
1472 2511 1575 2573 super
1592 2496 1796 2573 juramento,

144 2606 275 2664 carum,
291 2592 520 2657 ordinationes
538 2592 747 2664 clericorum,
764 2594 821 2672 qul
834 2594 876 2657 ad
890 2611 948 2657 sa·
1000 2593 1034 2653 et
1055 2593 1131 2654 voto
1152 2592 1321 2669 praedictis
1344 2593 1524 2670 inquiratis
1545 2593 1586 2654 de
1603 2592 1703 2671 plano
1718 2592 1798 2654 dili-

145 2704 223 2752 cras
239 2689 467 2753 ordinationes
489 2690 612 2753 luerint
630 2691 857 2768 promovendi,
872 2707 948 2753 sus·
1000 2690 1132 2765 gentius
1157 2690 1343 2763 veritatem,
1371 2692 1440 2752 tam
1468 2705 1570 2766 super
1601 2691 1801 2754 investitura

103 2812 114 2831 ι
145 2788 279 2865 cipietis
301 2786 343 2848 ab
366 2788 532 2866 episcopo,
558 2789 588 2850 si
607 2788 740 2867 quidem
763 2788 947 2853 catholicus
1000 2786 1189 2871 praebendae
1217 2804 1257 2849 ac
1279 2787 1583 2862 archidiaconatus,
1609 2804 1683 2867 quae
1713 2787 1802 2850 lacta

144 2884 259 2957 ruerit,
284 2886 319 2946 et
339 2885 607 2947 communionem
636 2888 858 2951 sacrosanctae
880 2889 948 2949 Ro·
1000 2885 1197 2961 proponitur
1211 2885 1246 2946 in
1259 2885 1405 2965 capitulo
1419 2889 1584 2949 senonen.
1596 2901 1732 2964 pereas,
1744 2885 1801 2962 qui

145 2999 258 3044 manae
273 2982 369 3045 Sedis
392 2982 556 3056 habuerit,
578 2984 611 3045 et
634 2998 673 3045 ea
693 2983 786 3047 vobis
805 2984 948 3047 voluerit
1001 2981 1226 3044 interfuerunt
1236 2983 1305 3045 tam
1316 2984 1495 3044 canonicos
1507 2999 1604 3060 quam
1616 2983 1700 3044 alios
1710 2980 1815 3044 simi·'

146 3082 224 3143 sine
252 3081 417 3158 pravitate
448 3082 562 3158 aliqua
592 3081 762 3145 exhibere.
791 3082 948 3159 Alioquin
1001 3078 1080 3142 liter
1099 3080 1311 3159 inquirendo,
1341 3080 1374 3144 et
1403 3081 1490 3158 quod
1518 3081 1716 3143 inveneritis
1742 3097 1801 3159 per

144 3179 245 3242 vobis
255 3178 356 3243 liceat
369 3193 612 3257 quemcumque
627 3179 812 3245 malueritis
837 3180 949 3245 calbo
1002 3178 1801 3252 sestrasnobislitteraslideliterintimetis,utea

145 3276 251 3337 baum
265 3274 359 3338 adire
376 3276 569 3348 antistitem,
590 3277 734 3352 gratiam
751 3277 785 3343 et
798 3291 949 3341 aommu-
1007 3276 1139 3352 aoguita
1152 3275 1316 3338 lemannus
1327 3276 1414 3354 nuod
1432 3276 1617 3338 ridebimus
1630 3275 1799 3354 expedire.

145 3374 283 3435 nionem
290 3373 490 3451 apostolicae
500 3374 595 3435 Sedis
606 3371 794 3445 habentem,
806 3377 862 3449 nui
873 3390 948 3436 nos·
1003 3372 1121 3432 Datum
1135 3375 1248 3435 Romae
1259 3374 1346 3450 apud
1356 3375 1512 3435 Sanctum
1523 3377 1669 3445 Petrum,
1685 3373 1800 3452 quinto

146 3474 199 3534 tra
211 3471 317 3534 fretus
327 3472 538 3543 auctoritate,
546 3470 641 3535 robis
650 3471 738 3547 quod
748 3470 946 3548 postulatur,
1004 3468 1166 3535 kalendas
1180 3472 1272 3542 maii,
1289 3486 1377 3532 anno
1397 3469 1555 3532 secunda.

147 3569 331 3646 impendat,
347 3570 381 3630 et
395 3568 489 3631 salva
500 3568 792 3645 sedisapostolicae
800 3568 950 3632 auctori-

147 3667 219 3729 tate
250 3667 283 3728 et
311 3665 493 3737 diaecesani
516 3666 664 3743 episcopi
691 3665 854 3729 canonica
872 3669 950 3743 jus-
1334 3629 1472 3716 CCVII

147 3765 235 3835 titia,
253 3764 318 3826 etc.
1003 3764 1055 3823 Ad
1078 3763 1234 3827 abbatem
1252 3761 1371 3825 serrati
1394 3765 1575 3833 lenerents,
1592 3764 1802 3840 mactatarum

188 3864 310 3925 Datum
325 3865 439 3925 Romae
462 3861 549 3941 apud
565 3862 722 3924 Sanctam
737 3862 872 3927 Petrum
891 3877 950 3938 per
1042 3862 1085 3921 P.
1118 3861 1331 3925 canonicam
1368 3862 1552 3931 Senones,
1590 3861 1803 3935 Stephanum

147 3975 287 4021 manum
306 3960 466 4036 Raynerii
480 3960 605 4023 sancte
620 3962 779 4022 Romana
792 3959 948 4023 Ecclesiae
1044 3958 1304 4031 thesaurarium
1338 3960 1379 4021 de
1414 3960 1573 4031 Balaam,
1592 3959 1802 4021 sarzanensis

147 4056 468 4129 vicecancellarii‚v
482 4056 645 4119 kalendas
659 4057 751 4130 maii,
768 4057 949 4123 indictione
972 4060 973 4063 ’
1043 4058 1210 4121 stereon.
1394 4134 1399 4145 ι

146 4154 946 4228 Ἦ,ΙηοετηεῐίοηίεΒοωίηἰοωειιυοΜΟΰΧνΙΙΙ,
1291 4133 1325 4193 27
1341 4133 1421 4208 april.
1440 4134 1518 4193 liis.

148 4252 364 4331 pontificatus
378 4268 458 4316 VOI’O
472 4252 613 4315 Honori}
633 4255 733 4330 Papoe
752 4253 844 4315 tertii
860 4269 948 4317 anno
1035 4238 1208 4306 [Refflt.,lib·
1217 4239 1249 4297 ll,
1261 4241 1333 4305 epidi.
1351 4240 1420 4291 1031.
1430 4242 1488 4292 MSS.
1500 4241 1537 4292 L&
1546 4240 1622 4290 Porto
1634 4239 1669 4291 du
1677 4239 1770 4303 Thea]

146 4350 307 4413 secunde.
1003 4337 1118 4401 blandai
1138 4345 1167 4396 ul
1188 4337 1314 4399 debitum
1335 4339 1422 4397 daem
1446 4339 1604 4413 perducant
1622 4354 1717 4397 causae
1738 4354 1803 4411 que

491 4465 609 4552 CCVI
1038 4428 1106 4485 olirn
1120 4428 1372 4501 interepiscopum
1383 4428 1609 4487 Autissiodoren.
1626 4436 1654 4485 et
1666 4429 1802 4487 comitem

972 4526 973 4567 ἐ
1038 4519 1247 4577 Nivernensem
1264 4524 1430 4575 emerserat.

146 4601 367 4664 Adabbatem
380 4599 951 4661 Proemoastratensemetliemen·
1043 4635 1224 4705 Honorius,
1260 4636 1335 4695 eto„
1367 4633 1497 4695 dilectis
1536 4634 1653 4705 filim„
1690 4633 1802 4696 abbati

358 4712 432 4758 sem
448 4699 740 4758 archidiaconum.

1004 4730 1117 4792 Sancti
1142 4731 1318 4801 iohannis,
1338 4732 1370 4791 et
1396 4732 1556 4806 magistro
1579 4734 1616 4791 P.
1639 4731 1800 4793 canonico

439 4820 473 4876 2⁷
489 4817 663 4891 april-1²¹8·
1004 4832 1184 4896 Senonen„
1208 4830 1242 4888 et
1256 4829 1423 4903 Stephano
1449 4827 1596 4889 thesaur.
1622 4828 1663 4890 de
1680 4829 1801 4891 Brien-

180 4927 302 4990 [anest.,
311 4926 355 4976 lib.
366 4927 398 4985 ll,
411 4924 484 4988 epist.
493 4924 562 4975 ¹⁰²³·
575 4926 632 4977 llss.
643 4924 680 4975 Μ
691 4925 767 4975 Poris
776 4925 811 4975 ‘¹¹¹
825 4924 918 4991 anan]
972 4932 973 4939 ’
1004 4942 1093 4998 nen„
1109 4928 1274 4989 senonen.
1288 4925 1454 4986 dioecesis

149 5022 268 5083 blandai
281 5029 313 5081 ut
330 5022 476 5099 inquirant
489 5021 525 5079 de
549 5022 716 5079 investitura
738 5021 899 5093 praebenda
922 5030 950 5080 et
1042 5022 1252 5085 Venerabilis
1265 5022 1799 5087 fraternoster...Autissiodoren.

257 5111 505 5170 &chidiflfflfltiut
519 5111 549 5167 5¹¹
570 5111 691 5168 esssslfltifl
707 5110 878 5169 S⁰⁰⁰¹10¹¹⁸i·
972 5156 973 5183 1
1003 5121 1179 5199 episcopus
1191 5135 1252 5181 sua
1267 5120 1362 5181 nobis
1380 5120 1606 5197 insinuatione
1633 5125 1801 5184 monstra-

189 5220 369 5291 llonorius,
379 5222 454 5293 etc,
464 5218 595 5280 dilectis
606 5212 721 5279 liliis...
737 5217 850 5281 abbati
862 5222 950 5282 Prae-
972 5210 973 5253 ³
1003 5219 1061 5290 vit,
1075 5217 1161 5299 quod
1177 5233 1251 5281 cum
1265 5218 1344 5278 olim
1361 5234 1462 5282 causa
1476 5218 1701 5296 quaevertitur
1712 5220 1801 5283 inter

147 5319 383 5390 monstratam,
399 5317 468 5379 et...
484 5316 721 5379 archidiacono
730 5318 867 5395 Reman.
1003 5316 1238 5394 episcopumet
1251 5315 1396 5378 nobilem
1419 5317 1529 5379 virum
1555 5317 1708 5378 comitem
1734 5319 1800 5379 Ni-

191 5415 276 5488 Quia
295 5430 396 5491 super
416 5413 594 5492 praebenda
615 5415 649 5477 et
675 5413 950 5479 archidiaconatu
1003 5429 1140 5475 vernen.
1156 5412 1331 5474 feudorum
1345 5414 1386 5475 de
1399 5414 1566 5493 baugiaco
1580 5415 1613 5479 et
1628 5414 1754 5488 (tiemo,
1769 5419 1802 5477 et

148 5515 317 5575 senonen.
335 5511 486 5575 eeclesiae
501 5510 633 5575 diversa
655 5512 689 5572 et
713 5510 855 5573 adversa
877 5511 951 5577 iue-
1004 5511 1223 5593 quorumdam
1252 5510 1395 5573 aliorum
1430 5514 1570 5573 monetae
1593 5513 1803 5575 Autissiodo-

150 5612 220 5673 rint
245 5610 415 5686 proposita
440 5624 553 5671 coram
577 5608 689 5681 nobis,
720 5611 757 5670 P.
781 5611 947 5673 senonen.
1004 5625 1090 5679 ren,
1106 5613 1141 5670 et
1155 5607 1369 5685 superlaudo
1384 5607 1424 5668 de
1439 5608 1802 5688 Capelladeutriusque
