3968 6204
187 311 227 373 4³
653 312 830 374 HONORII
852 313 898 375 111
918 314 1067 377 OPERA.
1082 343 1124 359 -
1138 314 1371 377 SERMONES.
1798 321 1839 379 44

186 470 368 550 prophetae,
381 470 612 548 egrediebatur
625 472 784 535 recedens
794 472 836 534 ab
850 488 901 535 eo.
919 472 983 536 Sed

187 585 366 635 occurrens
385 572 605 650 archangelus
626 571 752 647 Angelo
775 574 984 651 praecepitei

186 669 223 730 ut
237 671 397 741 curreret,
412 670 507 741 idest,
524 670 683 731 velociter
700 672 923 732 reverteretur
942 672 982 732 ad

186 764 391 840 prophetam,
406 766 439 824 et
453 765 656 842 praecepitei
672 781 738 827 non
753 766 860 827 solum
875 768 911 827 ut
927 767 982 828 lo-

187 863 355 941 queretur,
372 863 429 922 sed
446 863 571 938 etquid
587 863 789 941 loqueretur.

226 959 372 1033 Angelus
396 961 539 1023 mittitur
566 965 691 1034 aDeo,
713 960 798 1022 sicut
823 960 982 1023 hahemus

188 1055 223 1116 ln
250 1056 313 1117 hoc
336 1057 409 1120 loco
432 1059 517 1135 quod
540 1059 661 1120 missus
677 1061 727 1121 θεῖ
749 1060 887 1135 angelus
912 1063 981 1121 tia-

183 1152 269 1214 hriel
284 1170 303 1215 a
319 1157 397 1218 Deo.
416 1156 479 1217 Sed
495 1174 597 1235 quare
613 1158 735 1218 missus
750 1174 769 1218 a
785 1161 852 1219 Deo
868 1159 901 1219 ot
916 1174 982 1219 non

185 1249 304 1317 analio
316 1253 450 1331 aliquot
465 1256 614 1321 Primum
629 1256 761 1334 quidem
777 1255 864 1333 quod
880 1257 982 1318 Beata

184 1350 293 1412 Maria
307 1353 407 1415 tantae
422 1355 494 1416 erat
509 1353 695 1416 sanctitatis
715 1354 747 1416 et
766 1354 932 1430 puritatis,
947 1358 984 1421 ut

184 1462 299 1511 omnes
323 1451 459 1527 angelos
474 1451 663 1524 excelleret,
685 1451 718 1513 et
739 1453 807 1514 tota
830 1452 983 1514 inDeum

183 1549 294 1611 mente
318 1549 351 1611 et
371 1549 547 1611 devotione
572 1549 741 1612 transiret.
768 1551 837 1612 Nec
862 1551 982 1611 mirum

185 1644 215 1706 si
227 1661 328 1723 snper
339 1647 475 1722 angelos
488 1663 562 1709 eam
577 1647 718 1708 dicimus
731 1647 846 1719 fuisse,
861 1664 934 1725 quae
950 1648 983 1710 et

187 1744 247 1804 Dei
262 1743 368 1806 filium
382 1746 505 1807 meruit
518 1746 706 1823 concipere,
723 1745 756 1807 et
768 1746 891 1811 mundo
906 1761 984 1822 per·

184 1841 253 1902 dito
277 1844 419 1919 gratiam
447 1859 616 1922 reparare.
643 1846 719 1905 Non
742 1843 846 1921 igitur
871 1843 984 1908 debuit

185 1940 324 2017 angelus
347 1941 432 2003 mitti
453 1941 494 2003 ab
521 1941 587 2004 alio
607 1943 674 2003 nisi
698 1958 718 2003 a
739 1945 818 2013 Deo,
843 1942 929 2020 qrrod
953 1941 983 2001 si

185 2037 226 2098 ab
239 2039 306 2100 alio
319 2039 516 2111 mitteretur,
534 2043 622 2101 esset
634 2057 720 2101 unus
733 2041 773 2101 de
786 2038 981 2100 minorihus.

185 2136 272 2197 Nam
293 2140 438 2215 majores
461 2138 596 2199 mittunt
621 2137 779 2198 minores.
804 2138 879 2198 Non
904 2152 982 2213 ergo

189 2233 348 2296 debuerat
375 2235 459 2298 mitti
485 2236 624 2310 angelus
650 2235 716 2295 nisi
743 2252 762 2295 a
790 2238 870 2307 Deo,
896 2235 983 2313 quod

186 2331 278 2393 tanta
292 2332 364 2392 erat
378 2332 522 2408 dignitas
535 2334 568 2394 et
582 2332 780 2394 excellentia
791 2334 900 2394 Beatae
916 2334 984 2396 Ma·

185 2430 257 2497 riae,
274 2430 358 2508 quod
378 2447 445 2492 uon
459 2430 597 2492 decebat
613 2431 788 2505 Dominum
807 2430 873 2492 nisi
893 2447 985 2491 sum-

186 2544 258 2589 mos
286 2528 507 2604 archangelos
531 2529 566 2590 in
595 2533 668 2606 ejus
700 2529 899 2591 salutatione
929 2528 983 2590 uel

185 2623 350 2702 colloquio
366 2626 530 2702 delegare.
553 2627 679 2689 Deinde
693 2628 820 2689 tantum
835 2628 908 2688 erat
921 2627 983 2688 hoc

185 2724 392 2800 mysterium,
409 2725 494 2802 quod
510 2742 576 2787 non
596 2725 733 2788 decebat
753 2725 903 2787 nuntiari
918 2723 983 2784 nisi

187 2836 247 2898 per
273 2837 437 2889 summum
467 2823 716 2900 archangelum,
744 2823 838 2885 Unde
861 2822 983 2885 missus

186 2920 237 2983 eet
258 2918 406 2994 Gabriel,
435 2922 491 2999 qui
515 2921 764 2999 interpretatur,
790 2922 876 2984 sieut
894 2920 985 2982 dixi-

184 3034 270 3091 mus,
288 3017 445 3081 fortitudo
461 3019 530 3091 Dei,
548 3019 633 3096 qdod
652 3019 817 3081 Christum
832 3018 892 3080 Dei
909 3017 982 3079 for·

184 3115 360 3177 titudinem
376 3116 531 3177 nuntiare
545 3116 710 3179 ueniebat.
726 3120 773 3179 De
790 3134 854 3194 quo
876 3116 985 3192 scrip-

183 3214 254 3274 tum
267 3216 317 3277 est
333 3231 340 3269 :
356 3218 524 3276 Dominus
540 3216 642 3290 sortis
663 3216 697 3277 et
715 3216 850 3293 potens,
862 3217 983 3277 Darni-

184 3327 251 3375 aas
261 3312 383 3386 potens
398 3316 434 3373 tn
444 3316 566 3387 praeite
579 3311 684 3391 (Psal.
700 3316 751 3381 23,
767 3310 814 3391 8.)

226 3410 351 3487 ltaque,
388 3409 520 3477 fratres,
556 3412 669 3473 notato
703 3411 835 3487 singula
860 3409 980 3481 verba,

186 3506 316 3582 signate
330 3507 494 3585 profunda
515 3510 686 3585 mysteria,
710 3510 870 3571 attendite
893 3509 984 3570 litte-

184 3620 257 3667 ram
268 3604 454 3666 foecundam
467 3607 502 3671 in
514 3607 654 3682 virginis
667 3606 891 3669 facunditate.
903 3608 984 3667 Con·

184 3702 329 3764 siderate
344 3703 445 3767 verba
465 3704 604 3780 grauida
625 3704 660 3765 in
677 3705 880 3782 praegnantis
896 3705 984 3767 inte-

1038 474 1140 536 maris
1154 474 1410 554 interpretatur,
1427 475 1460 537 et
1479 475 1552 553 ipsa
1566 476 1602 537 in
1618 477 1706 538 mari
1721 477 1837 538 mundi

1037 572 1254 648 singulariter
1275 573 1377 645 fulsit,
1403 574 1437 635 et
1459 589 1503 634 ex
1526 590 1563 635 se
1584 573 1717 635 radium
1739 575 1836 636 illum

1037 671 1147 732 emisit
1161 672 1217 747 qui
1237 687 1312 731 cum
1331 671 1374 732 sit
1385 671 1444 731 lux
1458 687 1551 742 vera,
1567 671 1736 732 illuminat
1756 687 1832 733 om-

1036 785 1113 829 nem
1128 768 1295 829 hominem
1310 769 1499 830 uenientem
1512 769 1547 828 in
1558 770 1647 830 hunc
1658 770 1834 830 mundum.

1076 867 1122 926 Et
1137 869 1315 940 trraressas
1329 870 1479 943 Aligetes
1493 882 1553 942 per
1569 882 1638 927 suae
1656 866 1833 942 legationis

1037 963 1311 1040 complexionem,
1332 966 1377 1024 ad
1401 979 1562 1040 comper
1587 963 1832 1039 visitationem

1037 1060 1123 1121 dixit
1145 1077 1205 1137 per
1231 1060 1476 1134 salutationem,
1506 1065 1578 1123 Aac
1603 1077 1664 1139 per
1686 1062 1833 1123 nominis

1038 1159 1138 1219 Hevae
1161 1157 1388 1230 mutationem,
1406 1159 1525 1235 pratia
1535 1165 1638 1234 pieria
1652 1174 1712 1236 per
1725 1160 1835 1221 uirtu-

1036 1256 1106 1316 tum
1132 1255 1408 1328 cumulationem,
1436 1260 1605 1318 Dominus
1633 1258 1745 1318 tecam
1772 1272 1835 1334 per

1038 1352 1315 1425 incarnationem,
1344 1354 1531 1415 Benedicta
1552 1370 1612 1430 per
1625 1354 1833 1431 uirginitatis

1037 1449 1295 1523 foecunditatem,
1309 1452 1346 1512 tn
1360 1466 1420 1527 per
1435 1450 1677 1527 singularitatis
1696 1468 1833 1529 expres·

1037 1548 1179 1619 sionem,
1200 1552 1237 1609 tn
1251 1552 1453 1610 mutieribus
1467 1565 1527 1625 per
1541 1549 1683 1610 aliarum
1704 1564 1837 1627 compa·

1037 1646 1211 1706 rationem.

1077 1742 1200 1803 Missus
1215 1743 1266 1804 est
1281 1743 1425 1819 Angelus
1441 1744 1476 1804 in
1489 1743 1657 1806 ciuitatem
1672 1743 1831 1806 Galilaeae.

1037 1840 1176 1903 Galilaea
1194 1841 1431 1917 interpretatur
1441 1841 1691 1916 transmigratio
1701 1840 1789 1903 facta
1800 1840 1837 1905 et

1038 1938 1205 2013 significat
1219 1938 1325 2014 legem
1347 1938 1470 2014 Moysis
1488 1939 1521 2000 et
1541 1938 1758 1999 ceremonias
1772 1940 1836 2000 Ju-

1038 2036 1196 2107 daeorum,
1213 2035 1290 2112 quia
1314 2035 1370 2096 lex
1391 2034 1530 2096 debebat
1549 2035 1789 2111 transmigrare
1813 2051 1834 2096 a

1037 2134 1161 2195 Judaeis
1175 2156 1183 2209 ;
1198 2149 1275 2194 nam
1296 2133 1429 2210 propter
1452 2135 1587 2210 peccata
1611 2135 1644 2192 et
1666 2133 1776 2194 locum
1800 2145 1836 2195 et

1037 2232 1169 2307 gentem
1184 2232 1216 2291 et
1230 2230 1453 2291 sacerdotium
1468 2232 1502 2291 et
1517 2231 1623 2305 legem
1637 2230 1832 2292 amiserunt.

1039 2329 1132 2391 Unde
1152 2329 1188 2389 in
1213 2331 1296 2390 Osee
1320 2332 1428 2389 :Dies
1443 2330 1568 2389 maritos
1588 2329 1751 2390 sedebant
1770 2330 1836 2400 ritis·

1037 2431 1149 2488 Israel
1170 2430 1246 2487 stne
1267 2441 1349 2501 repe
1371 2426 1404 2487 et
1423 2430 1498 2487 stne
1521 2429 1679 2500 anticipa
1699 2426 1733 2487 et
1758 2429 1835 2487 stae

1037 2525 1208 2597 sacrificio
1232 2524 1266 2585 et
1288 2526 1365 2584 stne
1389 2525 1495 2585 attari
1524 2521 1615 2601 (Osa.
1638 2538 1693 2595 111,
1709 2521 1755 2602 4).
1772 2523 1835 2583 llic

1038 2621 1235 2698 completum
1250 2622 1301 2683 est
1324 2620 1407 2682 illud
1430 2619 1603 2682 Proverhii
1623 2620 1833 2682 Salomonis:

1039 2722 1132 2786 chod
1169 2719 1267 2781 timet
1303 2721 1432 2793 impias
1468 2719 1583 2780 venat
1616 2734 1723 2792 snper
1754 2734 1835 2780 eam

1039 2815 1152 2896 (Pron.
1177 2832 1213 2889 x,
1234 2814 1301 2895 24).
1322 2815 1517 2881 Timuerunt
1536 2815 1644 2879 ludaei
1668 2814 1836 2877 dicentes>

1037 2918 1077 2976 st
1096 2915 1394 2977 dimitttmasenm
1415 2918 1475 2985 sic,
1499 2928 1617 2975 oannes
1629 2914 1771 2974 credent
1796 2917 1835 2974 in

1037 3028 1127 3086 aazia,
1144 3014 1177 3074 et
1205 3012 1344 3073 centem
1361 3010 1512 3073 ‘Romulei
1533 3012 1566 3073 et
1592 3011 1706 3072 todoat
1721 3015 1836 3071 locam

1037 3111 1197 3172 nostram
1216 3112 1250 3172 et
1258 3111 1406 3187 gentem.
1423 3127 1441 3169 a
1456 3109 1540 3181 Quia
1552 3124 1618 3170 non
1632 3107 1835 3169 dimiserunt

1037 3224 1113 3269 eum
1133 3209 1193 3281 sic,
1218 3209 1382 3269 venerunt
1398 3208 1540 3268 Romani
1558 3208 1591 3268 et
1605 3206 1715 3266 omnia
1741 3204 1835 3267 tule-

1037 3309 1115 3367 runt
1131 3322 1204 3383 quae
1219 3322 1286 3366 non
1303 3305 1457 3368 tulissent
1481 3305 1510 3365 si
1534 3304 1582 3365 sic
1597 3319 1671 3364 eum
1686 3303 1837 3364 dimisis·

1038 3405 1126 3477 seut3
1144 3405 1318 3481 propterea
1339 3403 1423 3467 bene
1448 3402 1569 3464 dicitur
1583 3424 1590 3461 :
1606 3405 1642 3462 tn
1656 3401 1838 3465 civitatem

1038 3505 1188 3567 Gatitoeoe
1215 3505 1272 3562 cai
1303 3516 1428 3562 nornen
1452 3500 1641 3565 Nazareth.
1668 3499 1836 3560 Nazareth

1036 3599 1275 3677 interpretatur
1300 3598 1377 3670 flos,
1403 3598 1437 3659 et
1457 3596 1609 3673 designat
1635 3596 1835 3672 virginalem

1038 3697 1246 3759 munditiam.
1263 3699 1350 3757 Bene
1371 3710 1450 3772 ergo
1466 3694 1587 3756 dicitur
1602 3694 1696 3769 virgo
1711 3695 1746 3754 in
1759 3695 1834 3754 Na-

185 3800 323 3879 gritate:
341 3802 523 3879 conspicite
538 3803 658 3865 seriem
674 3802 819 3865 fertilem
833 3803 869 3864 in
879 3803 982 3878 virgae
1036 3794 1151 3857 zareth
1168 3795 1330 3866 hahitare,
1347 3809 1446 3871 quam
1461 3793 1496 3855 in
1520 3792 1601 3853 flore
1625 3791 1787 3853 castitatis
1802 3791 1839 3853 et

185 3899 307 3961 nostrae
333 3899 514 3965 viriditate.
540 3902 719 3977 intelligite
737 3900 838 3963 verha
863 3902 983 3979 spiritu

187 3994 286 4076 plena
302 3997 338 4058 in
359 3997 489 4073 virgine
512 4000 621 4074 gratia
640 3999 749 4076 plena.
775 3999 886 4076 lnquit
903 4015 982 4075 ergo

188 4097 315 4159 anisnis
330 4095 382 4156 est
394 4110 453 4171 per
465 4096 642 4163 ministerii
656 4096 905 4170 exhibitionem,
923 4113 984 4157 an-

188 4191 283 4267 gelus
298 4190 430 4251 Gabriel
444 4208 503 4271 per
515 4192 617 4254 officii
629 4194 868 4271 praelationem,
883 4209 902 4254 a
915 4196 984 4255 Deo

189 4303 251 4367 per
264 4289 472 4351 auctoritatis
478 4292 680 4368 jussionem3
696 4292 731 4353 in
746 4294 912 4357 ciuitatem
924 4296 985 4354 Ga·

189 4384 288 4450 lilaeae
320 4402 380 4465 per
407 4386 472 4449 loci
495 4388 815 4463 determinationem,
845 4391 899 4455 cui
922 4407 986 4452 no-

187 4498 262 4543 men
276 4484 454 4556 Nazareth,
471 4485 765 4548 commendandam
778 4487 913 4564 propter
928 4503 986 4548 no-

186 4581 286 4645 minis
301 4581 628 4659 interpretationem:
656 4585 822 4647 Nazareth
841 4601 984 4667 namque

187 4678 523 4756 interpretaturum,
552 4681 638 4760 quod
663 4682 821 4747 videlicet
850 4682 896 4743 ibi
923 4681 985 4742 flos

187 4778 297 4855 campi
330 4779 362 4840 et
396 4779 504 4843 lilium
539 4779 740 4845 convallium
772 4779 984 4857 germinavit,

188 4874 319 4948 quando
334 4892 468 4951 egressa
483 4878 534 4939 est
548 4893 568 4937 e
584 4878 679 4954 virga
699 4877 739 4939 de
754 4878 866 4938 radice
878 4880 982 4947 lesse,

189 4969 223 5030 et
237 4968 298 5029 flos
311 4969 351 5030 de
364 4973 475 5035 radice
489 4976 562 5051 ejus
576 4975 745 5050 ascendit3
760 4975 801 5035 ad
814 4974 985 5050 Virginem

190 5082 252 5149 per
266 5066 465 5143 integritatis
487 5072 789 5148 conseruationem
804 5072 985 5148 desponsa-

1038 3892 1210 3954 munditiae
1222 3892 1375 3953 novimus
1391 3890 1532 3951 Domino
1547 3889 1723 3966 placuisse.

1078 3991 1115 4049 ln
1126 4004 1190 4065 quo
1206 3987 1289 4047 flore
1310 3986 1375 4046 duo
1393 3984 1549 4045 debemus
1570 3984 1698 4055 notare,
1713 3983 1839 4044 coloris

1038 4084 1331 4163 pulchritudinem,
1355 4083 1388 4144 et
1409 4081 1520 4143 odoris
1545 4081 1754 4142 suauitatem.
1771 4082 1837 4141 Co-

1040 4184 1122 4246 loris
1148 4181 1449 4260 pulchritudinem,
1476 4179 1553 4257 quia
1582 4178 1689 4240 omnis
1720 4180 1837 4243 sancta

1038 4280 1215 4357 uirginitas
1243 4278 1383 4356 pulchra
1412 4277 1464 4339 est
1491 4277 1523 4339 et
1556 4276 1730 4353 pulchram
1756 4275 1838 4338 facit

1037 4379 1201 4457 uirginem
1222 4377 1256 4436 in
1277 4376 1405 4438 tantum
1433 4378 1468 4437 ut
1484 4377 1638 4436 Summus
1658 4377 1731 4436 Rex
1745 4373 1841 4434 desi-

1039 4477 1132 4539 deret
1144 4479 1216 4552 ejus
1232 4474 1390 4552 speciem.
1405 4474 1500 4534 Unde
1511 4471 1720 4533 Ambrosius:
1732 4471 1838 4532 «Pul-

1039 4574 1262 4637 chritndinem
1277 4572 1350 4650 quis
1366 4571 1474 4649 potest
1489 4570 1657 4631 aestimare
1674 4572 1836 4646 majorem

1039 4673 1158 4734 decore
1177 4674 1266 4748 eiua,
1290 4686 1363 4747 quae
1387 4668 1558 4729 amatura
1581 4670 1686 4743 Rege,
1710 4665 1835 4743 proha-

1039 4771 1095 4833 tur
1115 4769 1276 4836 uindice,
1301 4767 1431 4829 dicatur
1453 4764 1604 4837 Domino,
1621 4764 1840 4827 consecratur

1039 4869 1128 4930 Deci
1146 4884 1166 4927 a
1185 4866 1287 4939 Quasi
1312 4864 1439 4925 diceret
1464 4885 1472 4923 ι
1499 4863 1600 4923 Nulla
1624 4862 1837 4939 pulchritudo

1039 4966 1147 5049 potest
1162 4962 1314 5041 praeferri
1329 4958 1569 5038 pulchritudini
1584 4958 1761 5035 cujuslibet
1775 4975 1836 5019 sa-

1039 5079 1106 5127 crae
1131 5062 1290 5138 uirgiuiS,
1319 5060 1396 5137 quia
1427 5072 1523 5119 sacra
1548 5056 1644 5131 virgo
1676 5054 1759 5115 adeo
1786 5057 1839 5118 est

186 5164 256 5226 tam
280 5165 353 5226 viro
373 5165 413 5226 ad
437 5168 671 5231 removendam
695 5169 842 5233 infamiae
871 5167 984 5245 suspi-
1039 5161 1171 5232 decora,
1189 5159 1274 5238 tlUOd
1290 5159 1421 5219 amatur
1437 5171 1457 5215 ἃ
1475 5154 1605 5215 ChfiStO
1626 5155 1716 5229 Rege
1732 5154 1840 5215 eiJu·

188 5263 330 5335 cionem,
348 5264 401 5325 cui
412 5280 532 5326 nomen
547 5266 619 5327 erat
630 5266 755 5343 Joseph
768 5283 828 5344 per
841 5266 984 5329 nominis
1039 5260 1125 5331 dice,
1138 5259 1235 5319 otest
1248 5250 1601 5317 Dominoconsecrata.
1618 5250 1682 5311 Sed
1697 5250 1840 5312 neforto

188 5361 454 5438 appellationem,
485 5362 525 5424 de
547 5363 643 5427 domo
662 5365 764 5426 David
788 5380 847 5443 per
870 5363 985 5441 stirpis
1040 5357 1231 5433 putaremus
1259 5370 1334 5415 eum
1364 5350 1489 5412 dixisse
1517 5348 1558 5407 de
1588 5347 1838 5425 pulchritudine

188 5458 289 5533 regiae
318 5461 600 5537 propagationem,
626 5463 659 5524 et
685 5478 803 5527 nomen
833 5461 984 5537 Virginis
1040 5455 1200 5531 corporis,
1231 5453 1263 5513 et
1286 5467 1352 5512 non
1374 5450 1415 5509 de
1440 5444 1687 5524 pulchritudine
1701 5446 1839 5517 mentis,

191 5570 251 5633 por
279 5556 479 5633 integritatis
500 5560 761 5632 inviolationem,
775 5560 901 5632 Maria,
927 5574 986 5637 per
1042 5552 1126 5613 idem
1148 5552 1269 5612 Doctor
1283 5548 1349 5609 ait:
1373 5543 1543 5606 «Habetis
1560 5559 1652 5615 sane,
1682 5559 1741 5603 vos
1763 5542 1836 5603 vir-

188 5652 303 5715 mundi
315 5654 606 5734 illuminationem
619 5659 879 5739 Marianamque
891 5657 985 5719 stella
1041 5650 1147 5727 gillae,
1165 5648 1318 5708 militiam
1337 5640 1609 5722 pulchritudinis,
1630 5640 1685 5701 cui
1704 5640 1841 5705 uirtutis
