3982 6196
215 254 275 313 cle

122 408 131 425 ⁰
214 416 416 477 trumentum
442 412 551 487 robis,
578 414 611 477 et
639 429 698 492 per
727 429 786 476 vos
811 416 1012 478 monasterio

214 516 326 577 vestro
340 513 537 575 auctoritate
556 512 747 589 apostoliea
767 513 1012 583 confirmamus,

212 614 247 675 et
255 612 431 691 praesentis
442 610 555 689 scripti
564 611 750 688 patrocinio
760 612 1012 685 communimus,

214 715 309 789 cujus
324 709 536 772 instrumenti
545 711 694 772 tenorem
709 710 749 773 de
767 709 869 773 verbo
883 711 925 773 ad
937 726 1015 773 ver-

213 809 292 870 bum
338 808 493 869 dommus
535 808 755 886 praesentibus
787 808 1012 871 inserendum.

213 909 323 969 Tenor
332 907 443 968 autem
458 907 531 982 ejus
545 907 597 968 est
608 906 706 968 talis:

255 1003 1013 1077 lnnominesanctae,et1ndividuae'1rtnitatis,

214 1118 322 1163 amen.
337 1105 433 1163 Anno
445 1101 487 1163 ab
501 1103 735 1165 lucarnatione
747 1100 848 1165 Verbi
858 1103 918 1164 Dei
925 1103 1013 1173 1217,

214 1216 329 1261 mense
341 1199 493 1277 Augusti,
510 1199 692 1263 indictione
708 1201 834 1278 quinta,
852 1199 1015 1262 Robertus

214 1300 275 1361 Dei
298 1298 406 1375 gratia
435 1299 588 1360 Catacen.
623 1299 798 1377 episcopus
825 1298 954 1360 dilectis
980 1297 1015 1358 in

215 1397 347 1459 Christo
368 1396 528 1459 fratribus
551 1396 685 1459 domino
705 1397 803 1459 Petro
831 1395 1016 1458 venerabili

215 1495 327 1557 abbati
345 1496 546 1573 Aquaevivae,
570 1511 644 1573 quae
666 1495 832 1572 quondam
851 1508 1017 1555 monoco-

214 1597 271 1655 rtu
293 1593 477 1667 dicebatur,
499 1594 533 1655 at
553 1592 814 1664 successoribus,
836 1606 1016 1668 eorumque

215 1690 375 1754 fratribus
397 1692 433 1754 in
458 1696 664 1769 perpetuum.
690 1690 875 1753 Pastoralis
894 1689 1016 1750 minis-

215 1789 293 1851 terii
311 1789 421 1851 debito
442 1789 623 1866 mancipati
638 1788 828 1850 necessario
851 1786 1017 1848 sollicitu-

216 1886 304 1947 dinis
329 1887 529 1963 ltpostolicae
549 1886 689 1947 formam
706 1886 856 1962 cogimur
877 1884 1014 1956 imitari,

215 1986 370 2045 curantes
383 1984 423 2044 ad
440 1984 694 2045 aedificationem
711 1983 897 2044 commissas
921 1980 1016 2043 nobis

215 2082 333 2144 eccles.
344 2097 411 2143 non
421 2083 529 2144 solum
542 2081 693 2159 plantare
707 2081 742 2142 in
755 2080 890 2142 dioecesi
904 2083 1017 2142 nostra

214 2180 349 2243 virtutis
364 2180 563 2258 exemplum,
579 2180 636 2241 sed
652 2180 808 2255 strigare
820 2179 1015 2257 plantatum,

215 2279 320 2341 donec
333 2281 420 2340 Deus
433 2278 591 2355 plantatis
606 2278 789 2354 rigatisque
804 2276 1017 2354 perfectionis

215 2376 340 2441 tribuat
354 2377 617 2451 incrementum
646 2376 723 2453 quia
748 2375 805 2453 qui
826 2374 964 2452 plantat,
986 2376 1018 2437 et

216 2475 384 2554 quirigat,
400 2476 435 2537 et
449 2474 665 2536 similitudine
679 2473 884 2545 intentionis,
902 2474 935 2535 et
946 2472 1019 2550 pie-

216 2575 285 2637 tate
311 2572 422 2650 operis
441 2589 545 2634 unum
570 2575 658 2645 sunt,
684 2571 771 2633 idem
786 2573 900 2647 agunt,
918 2587 1018 2649 quum

217 2672 359 2735 otiosum
367 2672 512 2734 studium
523 2671 567 2733 sit
577 2670 803 2747 rigantis,nisi
809 2670 1020 2748 praecesserit

217 2769 364 2832 officium
379 2769 606 2847 plantationis,
623 2771 657 2831 et
666 2785 800 2830 rursum
815 2782 1020 2845 supervacue

218 2867 254 2930 in
277 2867 484 2946 plantatione
511 2867 664 2929 sudatum
689 2866 742 2938 sit,
771 2866 825 2928 cui
844 2864 1020 2942 rigationis

217 2964 416 3027 beneficium
424 2981 490 3026 non
505 2965 677 3026 successit.
691 2967 763 3026 Hoc
777 2964 890 3040 itaque
900 2963 1021 3024 disere·

219 3063 321 3126 tionis
354 3062 450 3125 oculo
473 3061 682 3139 praecedente
706 3077 766 3138 per
791 3060 851 3123 Dei
878 3061 1019 3137 gratiam

219 3175 353 3236 gressus
377 3160 518 3230 nostros,
543 3158 593 3219 sic
607 3158 762 3235 prosequi
782 3159 905 3219 nostrae
920 3173 1017 3218 voca-

220 3256 322 3317 tionis
342 3271 425 3332 opus
439 3254 654 3328 intendimus,
678 3256 714 3317 ut
731 3254 867 3332 atpium
889 3255 1020 3331 praede-

221 3369 390 3415 cessorum
417 3351 607 3415 nostrorum
633 3355 839 3430 propositum
869 3353 1022 3415 attonda-

833 254 1009 317 HONORll
1036 255 1080 315 lll
1102 255 1250 318 oralia,

1809 265 1871 322 off

1067 415 1169 492 igitur
1190 415 1431 478 deliberatione
1458 433 1532 479 cum
1557 419 1682 481 nostris
1708 418 1873 482 fratribus

1067 512 1190 586 habita,
1204 517 1283 587 Deo,
1298 514 1386 577 sicut
1397 515 1577 589 credimus,
1588 518 1788 595 inspirante,
1799 520 1874 581 zelo

1067 614 1151 689 ejus,
1180 614 1214 673 et
1235 613 1388 690 respectu
1414 612 1613 687 devotionis,
1636 617 1671 678 et
1692 617 1873 693 religionis

1066 712 1144 782 tuae,
1169 709 1374 788 fratrumque
1407 713 1550 784 tuorum,
1584 728 1645 790 pro
1677 718 1872 777 nostrorum

1068 823 1197 886 quoque
1209 809 1357 870 remedio
1371 810 1593 887 peccatorum,
1613 812 1784 873 communi
1797 828 1874 873 con·

1069 906 1156 979 silio,
1174 906 1207 968 et
1217 923 1385 969 consensu
1401 908 1564 982 unanimi,
1580 912 1746 971 nostrast
1764 912 1873 972 nostri

1068 1003 1204 1079 capituli
1230 1005 1399 1067 voluntate
1422 1007 1659 1079 concessimus,
1688 1009 1725 1068 et
1750 1023 1875 1070 conce-

1068 1101 1177 1161 dimus
1185 1100 1247 1163 tibi
1257 1105 1327 1177 jam
1340 1102 1429 1166 dicto
1437 1103 1623 1167 venerabili
1632 1103 1747 1166 abbati
1758 1108 1871 1178 Petro,

1068 1198 1198 1276 tuisque
1209 1200 1468 1274 successoribus,
1489 1201 1659 1274 fratribus,
1675 1204 1709 1265 et
1730 1219 1872 1265 monas-

1067 1296 1153 1358 terio
1182 1298 1370 1374 aquaevivae
1402 1297 1437 1359 in
1467 1301 1664 1376 perpetuum
1692 1301 1872 1362 ecclesiam

1069 1397 1258 1456 sanctorum
1272 1395 1387 1457 Trium
1402 1398 1587 1458 Puerorum
1601 1397 1700 1459 sitam
1720 1398 1758 1459 iu
1784 1398 1875 1460 teni-

1070 1494 1180 1553 mento
1190 1491 1339 1565 Barbari,
1350 1493 1515 1571 quondam
1528 1496 1780 1568 monasterium,
1795 1496 1873 1557 lieet

1069 1589 1295 1666 irreligiosum
1320 1591 1493 1653 vicinitate
1516 1592 1728 1654 soecularium
1749 1609 1872 1672 perso-

1070 1704 1188 1749 narum
1202 1710 1210 1764 3
1225 1688 1282 1750 sed
1297 1704 1386 1751 nunc
1396 1689 1545 1751 funditus
1555 1690 1753 1764 desolatum
1770 1695 1873 1769 atque

1070 1785 1284 1858 destructum,
1308 1786 1350 1849 de
1377 1803 1453 1864 quo,
1477 1804 1578 1865 quum
1602 1788 1645 1850 sit
1666 1789 1740 1850 loco
1760 1792 1874 1851 vestro

1069 1884 1227 1959 vicinum,
1252 1886 1392 1963 penuria
1419 1887 1627 1958 monasterii,
1646 1888 1682 1948 et
1706 1886 1874 1964 fragilitas

1070 1983 1176 2045 status
1201 1982 1304 2045 vestri
1335 1983 1518 2045 remedium
1556 1987 1804 2062 consequetur,
1841 1989 1877 2048 et

1070 2079 1875 2158 sufficiensfulcimentum.Ipsamergoecclesiam

1071 2181 1261 2240 sanctorum
1276 2179 1390 2239 Trium
1405 2181 1591 2240 Puerorum
1614 2196 1690 2240 cum
1716 2180 1875 2241 omnibus

1070 2276 1272 2350 tenimentis,
1290 2275 1497 2348 obedientiis,
1512 2278 1545 2338 et
1559 2276 1772 2352 pertinentiis
1787 2279 1876 2350 suis,

1071 2373 1271 2453 bominibus,
1280 2374 1489 2446 molendinis,
1502 2376 1609 2452 aquis,
1619 2375 1737 2452 sylvis,
1751 2377 1875 2450 vineis,

1072 2475 1104 2535 et
1118 2472 1272 2549 virgultis
1287 2472 1470 2545 offerimus,
1487 2472 1615 2545 damus,
1632 2474 1735 2551 atque
1746 2490 1876 2536 conce-

1072 2569 1180 2632 dimus
1188 2569 1259 2642 tibi,
1272 2571 1305 2631 et
1315 2569 1563 2633 successoribus
1575 2571 1653 2644 tuis,
1663 2586 1704 2632 ac
1714 2571 1879 2634 fratribus

1071 2668 1192 2730 vestris
1205 2668 1247 2730 ad
1262 2684 1345 2746 opus
1369 2670 1402 2730 et
1416 2668 1680 2740 subventionem,
1704 2672 1879 2732 sustenta-

1072 2767 1261 2844 tionemque
1272 2769 1343 2843 jam
1366 2766 1446 2828 dicti
1469 2765 1665 2828 monasterii
1684 2769 1878 2845 Aquaevivae

1074 2864 1108 2926 in
1137 2866 1346 2942 perpetuum,
1379 2864 1534 2927 similiter
1566 2864 1805 2937 concedentes,
1841 2868 1879 2927 ut

1074 2977 1242 3039 nunquam
1268 2962 1449 3024 teneamini
1466 2965 1511 3036 tu,
1536 2963 1570 3024 et
1594 2978 1811 3025 successores
1826 2965 1877 3026 tui

1074 3060 1310 3122 monasterium
1323 3060 1369 3121 ibi
1383 3061 1591 3136 construere;
1608 3060 1666 3122 sed
1679 3061 1756 3137 ipsa
1766 3062 1879 3123 omnia

1075 3157 1182 3235 plene,
1199 3157 1315 3229 libere,
1331 3158 1481 3234 pacifice,
1495 3159 1529 3219 et
1538 3157 1648 3234 quiete
1660 3175 1723 3235 pro
1738 3161 1878 3222 susten·

1075 3255 1210 3327 tatione,
1238 3256 1275 3318 ui
1292 3258 1363 3333 jam
1378 3254 1525 3317 diximus
1539 3256 1740 3318 monasterii
1756 3260 1881 3335 Aque-

1074 3352 1159 3414 vivae
1174 3351 1372 3430 possideatis
1387 3352 1421 3414 in
1436 3353 1622 3429 grangiam,
1640 3354 1673 3415 et
1688 3356 1881 3430 possessio-

221 3468 312 3520 mus,
338 3450 508 3528 accepturi
533 3450 619 3514 siout
646 3450 863 3523 confidimus,
888 3451 1021 3513 illorum
1075 3465 1151 3510 nem
1163 3451 1319 3523 vestram,
1332 3449 1596 3523 sicutdevestra,
1606 3453 1883 3514 etsuccessorum

222 3549 409 3613 mercedem
424 3565 572 3627 operum,
590 3565 730 3626 quorum
745 3547 970 3612 addiderimus
986 3549 1022 3610 in
1075 3550 1261 3610 vestrorum
1291 3548 1393 3610 fuerit
1423 3548 1612 3621 voluntate,
1646 3549 1744 3611 salvo
1779 3566 1883 3612 censu

222 3647 413 3727 perfectiori
429 3644 628 3710 sufficientia
641 3647 927 3725 complementum.
938 3648 1023 3709 Hinc
1077 3646 1176 3709 unius
1201 3646 1310 3708 unciae
1337 3646 1411 3707 auri
1436 3646 1479 3706 ad
1505 3645 1634 3722 pondus
1663 3648 1880 3719 catanzarii,

221 3747 282 3818 esi,
300 3746 386 3823 quod
408 3746 594 3822 exponente
614 3746 657 3815 te,
674 3745 867 3824 praescripta
881 3761 1024 3807 venera·
1077 3761 1173 3824 quem
1201 3744 1289 3806 idem
1314 3744 1489 3806 annuatim
1518 3744 1669 3806 ecclesiae
1693 3749 1821 3808 nostre
1847 3747 1883 3807 iu

221 3843 300 3905 bilis
315 3843 429 3916 abbas,
443 3845 552 3915 Petro,
563 3859 664 3921 quum
676 3844 916 3906 monasterium
929 3844 1023 3905 tuum
1076 3844 1171 3914 festo,
1187 3842 1244 3905 vel
1259 3842 1349 3903 circa
1363 3840 1483 3903 festum
1497 3842 1747 3918 assumptionis
1772 3845 1884 3905 Beatae

222 3943 408 4020 opportuna
430 3942 632 4020 praediorum
655 3941 798 4004 utilitate
820 3941 1025 4004 sufficienter
1077 3941 1193 4003 Marica
1208 3955 1340 4017 semper
1353 3938 1504 4015 Virginis
1517 3940 1728 4016 persolvetis.

222 4055 289 4100 non
305 4039 406 4101 fuerit
424 4038 624 4112 ordinatum,
647 4040 793 4113 Fratres,
818 4039 875 4115 qui
895 4038 936 4100 ad
965 4039 1024 4100 Dei
1117 4038 1210 4101 Nihil
1235 4037 1348 4114 itaque
1372 4036 1582 4114 temporalis,
1607 4041 1667 4098 aut
1696 4037 1885 4115 spiritualis

222 4136 396 4197 servitium
421 4136 668 4212 congregantur
705 4136 740 4197 in
768 4136 884 4197 eodem
910 4135 1023 4197 multis
1073 4137 1162 4214 juris
1171 4134 1359 4207 etditionis,
1372 4133 1457 4195 nibil
1469 4134 1683 4211 proprietatis
1696 4137 1731 4196 et
1746 4150 1887 4197 consue-

223 4233 508 4310 rerumpecuniis,
522 4232 812 4295 etdifilcultatibus
825 4233 1022 4306 atteruntur,
1079 4231 1203 4294 tudinis
1222 4229 1330 4303 nohis,
1352 4246 1392 4291 ac
1417 4228 1668 4292 successoribus
1692 4233 1834 4303 nostris,
1849 4232 1884 4292 et

223 4330 259 4392 in
273 4344 333 4390 suo
342 4332 413 4408 jam
428 4329 598 4406 proposito
612 4331 671 4390 vix
687 4330 881 4403 subsistunt,
899 4333 933 4394 et
947 4331 1025 4409 quia
1078 4331 1232 4391 Catacen.
1244 4327 1395 4390 ecclesiae
1412 4342 1624 4389 reservamus
1637 4328 1673 4388 in
1687 4329 1764 4405 ipsa
1779 4328 1882 4391 ecole-

224 4427 410 4505 spiritualis
433 4427 504 4489 baec
529 4426 696 4489 structura
725 4427 928 4500 dissolvitur,
959 4429 1025 4490 nisi
1079 4427 1129 4488 sia
1139 4424 1458 4487 Sanctorumirium
1471 4426 1667 4498 Puerorum,
1675 4429 1711 4486 et
1719 4427 1884 4487 tenimen-

225 4525 323 4588 citius
352 4523 570 4587 subventione
599 4525 831 4602 temporalium
856 4525 1023 4597 fulciatur,
1078 4524 1121 4586 tis
1143 4540 1183 4586 ac
1199 4522 1409 4601 pertinentiis
1437 4524 1521 4600 ejrrs,
1543 4524 1667 4599 praeter
1690 4524 1883 4586 orationum

224 4640 286 4686 nos
301 4623 379 4686 licet
390 4622 547 4684 immeriti
558 4624 694 4699 agentes
706 4623 1025 4700 inbacpontitlcutus
1078 4624 1265 4684 vestrarum
1284 4620 1509 4698 participium,
1526 4622 1560 4682 et
1574 4636 1726 4681 annuum
1744 4637 1881 4683 censum

225 4721 360 4798 specula
374 4721 465 4783 vices
477 4721 610 4794 Christi,
626 4721 682 4799 qui
693 4721 844 4798 quamvis
858 4738 970 4783 rerum
983 4722 1027 4785 sit
1079 4720 1176 4782 dictae
1194 4718 1293 4780 unius
1313 4717 1422 4780 uncias
1446 4718 1533 4791 auri,
1559 4717 1618 4779 sed
1636 4720 1753 4780 omnia
1769 4718 1880 4796 plene,

227 4818 391 4891 Salvator,
412 4820 445 4881 et
472 4835 620 4897 operum,
649 4820 840 4896 specialiter
860 4820 1025 4882 tamenin
1080 4816 1246 4888 liberast
1266 4815 1416 4878 absolute
1433 4815 1618 4887 offerimus,
1634 4816 1881 4892 damnantque

226 4914 317 4976 omni
331 4930 468 4977 suorum
476 4917 684 4978 sacramento
698 4916 871 4989 dictorum,
884 4916 1026 4978 salutem
1079 4913 1291 4977 concedimus
1314 4912 1420 4987 vobis,
1437 4916 1470 4975 et
1488 4912 1742 4974 successoribus
1757 4911 1883 4975 vestris

226 5010 372 5088 praetulit
397 5012 596 5081 animarum,
623 5014 755 5089 cognita
780 5030 952 5076 servorum
966 5014 1026 5075 Dei
1079 5014 1115 5074 in
1130 5013 1324 5089 perpetuum
1339 5010 1380 5072 ad
1396 5026 1490 5087 opus,
1508 5010 1544 5072 ut
1562 5010 1722 5081 diximus,
1737 5015 1772 5072 et
1796 5009 1882 5071 sub-

227 5108 436 5180 necessitate,
448 5116 516 5170 tam
531 5111 627 5186 gravi
642 5112 783 5172 materia
798 5112 889 5183 moti,
915 5127 1025 5173 causae
1079 5109 1278 5179 ventiouem,
1310 5110 1651 5184 sustentationemque
1684 5107 1884 5193 monasterii

227 5221 409 5283 pauperum
424 5205 480 5283 pia
500 5205 700 5269 liberalitate
719 5208 874 5271 duximus
889 5224 1026 5271 succur-
1080 5208 1279 5283 Aquaevivae,
1299 5222 1372 5284 quae
1392 5205 1558 5283 quondam
1574 5207 1770 5267 monacaria
1794 5205 1885 5265 dicta

228 5302 385 5375 rendum,
415 5304 551 5366 illorum
578 5305 775 5367 aemulantes
802 5307 1026 5383 apostolicam
1080 5301 1888 5381 est.Decernimusequidemattentissimeprohi-

96 5420 105 5436 ·
229 5399 412 5471 caritatem,
430 5416 512 5477 quos
527 5402 706 5479 unicuique
724 5405 821 5480 juxta
838 5403 923 5481 quod
950 5404 1025 5466 sin-
1080 5402 1206 5474 bentes‚
1218 5401 1348 5464 utnulli
1363 5398 1664 5475 desuccosscribus
1676 5401 1814 5472 nostris,
1826 5404 1886 5462 aut

229 5494 316 5568 gulis
336 5498 409 5558 erat
428 5497 636 5560 distribuisse
658 5500 809 5576 legimus,
822 5504 855 5562 et
869 5516 929 5578 pro
944 5501 1028 5563 flde-
1079 5501 1120 5561 de
1134 5502 1287 5562 (latacen.
1302 5499 1459 5577 capitulo,
1472 5499 1572 5561 liceat
1586 5515 1647 5575 pro
1662 5498 1717 5560 his
1729 5499 1886 5561 omnibus

231 5590 311 5649 lium
333 5593 438 5653 salute
454 5592 556 5677 [suasi
570 5597 668 5658 etiam
685 5597 895 5673 impendisse.
913 5601 1025 5673 Longa
1079 5615 1097 5659 a
1112 5598 1260 5674 praelato,
1285 5598 1351 5659 vel·
1368 5596 1526 5659 fratribus
1550 5597 1657 5672 ipsius
1688 5598 1885 5659 monasterii
