3982 6196
118 318 177 378 557
502 310 507 321 ’
750 314 981 379 EPISTOLAE.
1004 316 1082 377 LIB.
1108 317 1148 377 ΙΙ.
1714 315 1774 379 558

118 474 275 552 amajori
289 473 324 536 et
337 472 465 535 saniori
485 472 581 550 parte
599 472 737 553 capituli
761 474 921 536 canonice
975 473 1653 552 000103133003311030033113113,001)13
1669 473 1702 537 et
1715 491 1776 552 per

119 572 333 644 celebratam,
363 571 539 631 dummodo
566 570 671 633 electo
697 571 746 631 nil
771 571 921 635 obviaret
974 589 1034 634 vos
1055 572 1162 635 eidem
1184 572 1334 635 ecolesiae
1363 574 1561 636 auctoritate
1583 572 1776 649 apostoliea

119 672 159 732 de
193 666 367 731 canonicis
395 669 573 741 institutis,
604 668 733 730 sublato
767 670 921 746 appella·
977 669 1209 731 confirmamus
1232 671 1265 732 et
1293 671 1467 747 praesonns
1491 670 1605 747 scripti
1628 671 1776 747 patroci-

118 769 223 831 tionis
244 767 418 831 obstaculo
442 766 687 839 confirmarent,
716 768 763 828 ita
787 767 922 844 quodsi
977 767 1033 829 nio
1057 769 1299 830 communinus.
1322 768 1415 830 Nulli
1439 783 1518 844 ergo
1535 768 1708 829 hominurn
1731 768 1776 829 li-

120 867 343 941 contingeret,
371 856 567 927 electionem
596 865 770 942 utramque
790 865 922 941 justitia
977 866 1050 927 ceat
1069 866 1156 927 hanc
1175 868 1331 944 paginam
1356 871 1478 929 nostrae
1505 867 1721 943 protectionis
1743 868 1776 929 et

120 964 282 1039 exigente
300 963 440 1035 cassari,
464 963 635 1033 studerent
656 962 762 1025 eidem
786 978 922 1023 monas·
977 963 1443 1041 eontirmationisinfringere,
1458 964 1512 1026 vel
1527 964 1559 1025 ei
1574 966 1777 1026 ausuteme-

119 1061 206 1124 terio
235 1061 278 1122 de
300 1075 444 1138 persona
466 1059 585 1121 idonea
608 1060 794 1137 providere,
821 1060 922 1121 iidem
977 1062 1068 1127 cario
1083 1064 1261 1124 contraire.
1278 1063 1312 1124 Si
1323 1063 1398 1140 quis
1413 1064 1523 1125 autem
1536 1062 1600 1124 hoc
1612 1062 1775 1124 attentare

120 1147 302 1221 electiones
318 1159 410 1235 ipsas
424 1173 491 1218 non
507 1173 734 1234 personarum,
752 1158 809 1219 sed
829 1158 922 1220 elec·
977 1160 1236 1236 praesumpserit,
1258 1160 1523 1237 indignationem
1541 1160 1775 1237 omnipotentis

119 1257 252 1319 tionum
270 1255 353 1317 uitio
364 1255 495 1331 justitia
510 1255 669 1330 exigente
680 1254 862 1327 cassantes,
882 1255 923 1316 de
978 1257 1038 1318 Dei
1051 1258 1085 1319 31
1094 1257 1267 1320 beatorum
1282 1259 1373 1320 Petri
1388 1261 1421 1321 et
1438 1258 1535 1319 Pauli
1551 1257 1776 1335 apostolorum

122 1354 284 1431 praedicto
303 1352 433 1425 abbate,
453 1368 513 1431 per
529 1370 626 1435 quem
646 1352 825 1430 sperabant
839 1353 923 1415 Ful·
978 1358 1051 1431 ejus
1062 1371 1099 1417 se
1110 1357 1243 1418 noverit
1257 1352 1482 1418 incursurum.

122 1451 218 1512 densi
243 1452 445 1513 monasterio
470 1450 572 1515 multa
594 1450 766 1513 commoda
780 1466 925 1528 preren·
1017 1455 1136 1515 Datum
1145 1455 1314 1526 Laterani,
1327 1457 1434 1517 XVIII
1444 1454 1606 1516 kalendas
1612 1453 1773 1532 januarii,

120 1551 212 1621 tura,
229 1548 337 1610 eidem
359 1549 561 1611 monasterio
577 1549 801 1626 prouiderunt.
830 1547 923 1610 Unde
978 1551 1190 1628 pontificatus
1202 1552 1308 1614 nostri
1324 1568 1411 1614 anno
1427 1552 1584 1615 secundo.

122 1649 190 1708 tam
215 1645 282 1723 ipsi
306 1662 405 1723 quam
428 1646 608 1723 capitulum
636 1646 804 1709 Fuldense
826 1645 922 1707 nobis

97 1758 100 1764 ’
122 1744 299 1806 humiliter
324 1743 565 1822 supplicabant,
591 1744 627 1809 ut
649 1742 787 1820 praefato
813 1743 924 1806 abbati
1297 1738 1455 1826 LXXXI

124 1843 296 1905 lioenfiam
317 1842 513 1904 transeundi
537 1842 580 1903 ad
601 1841 767 1905 &fldem
789 1858 925 1907 m⁰¹²a⁸⁷
978 1880 1031 1951 nd
1044 1892 1084 1950 F.
1100 1890 1255 1951 abbatem
1266 1891 1472 1952 monasterti
1482 1891 1776 1961 001103000111110·

122 1941 249 2050 terium.
284 1940 467 2050 9⁰¹¹⁰⁰d⁰¹⁹⁹
498 1941 726 2017 dignaremur·
763 1941 925 2013 Qu⁰⁰ir⁰³
1000 2000 1125 2048 conum
1138 1987 1173 2049 et
1181 1988 1367 2050 sacristam
1380 1990 1586 2053 0000130313
1595 1991 1754 2049 eeclesiae.

122 2039 311 2114 dignatiom
341 2039 461 2100 restrae
492 2053 552 2115 per
580 2038 769 2115 apostolica
800 2038 924 2116 scripta

121 2136 332 2207 mandamus,
360 2135 522 2212 quatenus
537 2135 697 2212 inquisita
719 2149 819 2212 super
832 2151 923 2211 prae·
1117 2139 1119 2142 ⁴
1269 2110 1303 2168 ¹5
1321 2108 1384 2168 ‘¹0⁰-
1405 2110 1484 2171 1²1⁷·

122 2234 236 2299 missis
265 2232 458 2309 diligentius
485 2234 646 2301 veritate,
676 2233 705 2295 si
731 2249 801 2299 rem
825 2233 923 2294 inve·
1135 2222 1642 2293 [dannpuelnpot.colomanno]

122 2331 243 2393 ”erilis
280 2331 328 2394 ila
362 2346 455 2403 0880,
489 2331 683 2407 praedictum
718 2330 870 2395 abbatem
904 2347 924 2393 a
979 2333 1028 2388 Eis
1045 2328 1162 2389 mandat
1183 2338 1214 2389 ut
1230 2333 1260 2388 iu
1274 2344 1361 2391 eausa
1385 2330 1561 2390 conchensis
1581 2330 1709 2404 eptsoopi
1728 2330 1777 2402 qui

122 2444 206 2490 cura
234 2428 465 2504 Elwangensis
498 2428 737 2491 monasterium
769 2428 924 2493 tribuatis
1014 2421 1162 2489 simonia,
1185 2420 1399 2478 incontinentiae
1418 2420 1596 2491 aliorumque
1617 2417 1775 2476 facinorum

122 2527 154 2587 ei
178 2524 403 2602 appellatione
416 2528 544 2587 remma
559 2526 698 2589 liberam
720 2525 921 2588 facultatem,
1015 2517 1165 2568 accusatus
1180 2515 1250 2579 erat,
1265 2508 1340 2582 quod
1351 2509 1522 2566 canonicum
1533 2506 1626 2577 fuerit,
1638 2514 1774 2564 statuant.

123 2622 217 2695 Quod
238 2623 268 2683 si
283 2638 351 2683 non
376 2638 491 2685 omnes
511 2624 553 2684 us
576 2623 796 2700 exsequendis
820 2624 926 2687 inter-
1020 2635 1165 2708 vocans,
1183 2636 1239 2712 qui
1258 2635 1400 2697 vocandi
1415 2635 1536 2706 essent,
1560 2634 1593 2696 et
1613 2633 1773 2710 inquisita

123 2737 199 2782 ⁰880
225 2721 416 2797 timueritis,
453 2721 518 2782 duo
543 2722 700 2803 ,vestrum
727 2736 768 2784 ea
796 2720 923 2785 ssihUO·
980 2732 1145 2810 superbis
1160 2732 1363 2809 diligentius,
1382 2733 1416 2793 et
1429 2731 1561 2807 cognita
1575 2731 1728 2801 veritate,
1741 2730 1774 2792 et

122 2819 235 2879 minus
250 2819 486 2894 exsequantur.
550 2830 551 2833 ’
980 2846 1081 2907 super
1099 2830 1176 2891 aliis
1192 2829 1355 2901 omnibus
1374 2829 1415 2889 de
1444 2828 1562 2906 quibus
1586 2827 1776 2888 admonitus

162 2919 283 2977 Datum
299 2916 456 2978 Laterani
477 2917 605 2981 decimo
624 2917 741 2981 00t⁸V0
757 2917 925 2981 Kalendas
980 2928 1107 2999 suisset,
1124 2927 1384 3002 dignosceretur,
1397 2925 1483 3004 quod
1494 2926 1691 2987 canonicum
1704 2923 1779 2984 fue-

120 3013 273 3092 J'assuffli
294 3014 504 3091 POsstfflffltUS
519 3016 625 3079 nostri
639 3015 896 3079 3111108901111110·
979 3027 1034 3099 rit,
1056 3025 1245 3103 apostoliea
1271 3025 1469 3086 auctoritate
1491 3008 1697 3095 statuerunt,
1721 3021 1774 3082 ia-

163 3116 224 3174 Είθ
240 3113 385 3188 3696810
396 3115 488 3174 Anni
499 3116 539 3174 ll
551 3114 768 3177 Litterarum
781 3114 927 3188 Alloelo·
980 3125 1117 3195 cientes,
1152 3138 1225 3200 quse
1257 3121 1501 3194 decrevissent,
1529 3137 1589 3198 per
1617 3134 1776 3182 censuras

124 3213 582 3273 lmeHOWXPPJH
595 3210 924 3287 Pom-Mimmffl·
980 3221 1230 3283 Ecclesiastieas
1266 3220 1406 3281 firmiter
1443 3218 1628 3282 observari.
1658 3219 1777 3278 Datum

126 3308 165 3371 15
178 3311 259 3369 Deo·
979 3319 1136 3381 Laterani
1155 3320 1261 3379 XVIII
1284 3317 1445 3379 kalendas
1461 3317 1621 3397 januarii,
1643 3314 1778 3392 pontid-

459 3458 596 3549 LXXX
957 3456 958 3459 =
980 3418 1073 3479 catus
1086 3432 1174 3477 anno
1189 3415 1345 3477 secundo.

134 3610 378 3671 3000010303
390 3611 426 3671 s.
441 3611 592 3699 noerae
605 3610 916 3671 nmeroemeoso.
1289 3590 1468 3679 LXXXII

420 3735 629 3795 1511031217.
1064 3746 1421 3819 Adoreoiepiseopom
1433 3741 1689 3818 Maponttnum.

271 3858 446 3925 [Sonnemann
458 3859 584 3919 Defensio,
599 3858 695 3924 registr.
707 3856 779 3922 nd]
1273 3866 1307 3923 19
1321 3863 1385 3923 doc,
1402 3865 1480 3923 1217.

57 4005 60 4009 ›
142 3966 304 4025 Ecclesiam
328 3967 357 4024 S.
373 3965 496 4024 Andreae
521 3966 766 4024 Hildensemensis
786 3963 838 4023 sub
857 3979 908 4023 sua
1042 3979 1218 4045 mordendo,
1230 3980 1301 4030 Nova
1312 3978 1380 4029 suos.
1392 3978 1434 4035 111,
1444 3976 1599 4041 imitaret.
1613 3975 1658 4026 tib.
1670 3974 1703 4036 11,

187 4055 365 4128 protectione
381 4056 481 4128 recipit
495 4062 523 4112 ct
538 4053 612 4112 bona
627 4053 858 4127 ejusconiirmat.
1299 4057 1374 4123 epist.
1392 4057 1461 4122 1111]
1733 4074 1734 4078 ’

166 4167 337 4251 Honorius
372 4190 564 4266 opiscopus,
600 4204 717 4250 servus
753 4202 924 4249 sorvorum
979 4161 1104 4225 Clericus
1117 4161 1142 4221 1.
1157 4164 1303 4232 promotus
1317 4171 1369 4230 per
1387 4155 1490 4215 saltum
1501 4153 1536 4212 ad
1552 4153 1778 4228 presbyteratum

125 4286 196 4359 Dei,
210 4286 341 4349 dilectis
357 4287 446 4360 filiis,
470 4287 596 4348 decano
611 4286 644 4348 et
655 4285 799 4362 capitulo
814 4284 925 4347 eccle·
1039 4249 1181 4307 ministrct
1194 4255 1305 4305 tantum
1319 4246 1349 4303 in
1364 4244 1464 4303 ordine
1478 4242 1711 4303 subdiaconatus.

126 4385 186 4446 siae
195 4386 310 4447 Sancti
319 4386 460 4447 Andreae
475 4382 925 4456 Hildensemensis,salutem
1019 4376 1198 4448 Honorius,
1218 4377 1294 4448 etc,
1312 4372 1499 4437 venerabili
1517 4371 1613 4435 fratri
1615 4415 1702 4432 .......
1719 4384 1778 4432 ar-

125 4483 160 4544 et
174 4482 394 4558 apostolicam
405 4481 682 4543 benedictionem.
980 4474 1191 4552 chiepiscopo
1209 4475 1373 4549 Magum,
1390 4472 1542 4533 salutem.

166 4579 738 4656 5013130003308311333003101103
754 4578 819 4655 piis
838 4576 925 4638 votis
1019 4573 1165 4635 Veniens
1190 4570 1230 4631 ad
1247 4569 1365 4631 Sedem
1381 4566 1604 4645 Apostolicam
1625 4568 1655 4627 J.
1678 4564 1779 4626 cleri·

125 4678 159 4739 et
174 4676 326 4738 honestis
338 4676 521 4754 petentium
535 4675 689 4753 precibus
701 4674 849 4738 favorem
863 4674 925 4735 be·
979 4686 1039 4731 cus
1058 4669 1163 4732 irater
1183 4667 1359 4743 hospitalis
1389 4662 1682 4740 Hierosolymitani
1709 4661 1776 4721 hu·

124 4776 280 4836 nevolum
292 4774 467 4851 impertiri.
480 4777 527 4834 Ea
538 4775 682 4850 propter,
695 4772 808 4833 dilecti
818 4771 925 4833 iube·
980 4767 1050 4828 mili
1082 4765 1178 4827 nobis
1206 4762 1414 4825 consessione
1443 4760 1661 4831 monstravit,
1693 4760 1778 4836 quod

125 4873 218 4935 mino
242 4872 315 4944 lilii,
335 4873 456 4933 vestris
472 4871 574 4950 justis
596 4869 752 4947 precibus
772 4867 925 4929 inclinati
980 4880 1055 4925 cum
1069 4863 1147 4924 olim
1161 4860 1354 4938 priusquam
1369 4857 1662 4935 hospitalariorum
1677 4856 1778 4917 habi-

125 4986 289 5048 personas
304 4969 432 5030 uestras
445 4970 478 5030 et
492 4967 668 5030 ecclesiam
680 4968 798 5044 ipsam,
810 4967 845 5026 in
862 4981 926 5042 qua
980 4965 1049 5024 tum
1062 4959 1216 5030 sumeret,
1234 4958 1268 5018 in
1282 4956 1540 5018 subdiaconatus
1556 4954 1672 5016 ordine
1687 4970 1780 5017 oons-

126 5069 241 5129 divino
255 5067 338 5129 estis
349 5065 507 5144 obsequio
521 5064 711 5142 mancipati,
724 5080 798 5125 cum
814 5062 928 5124 omniss
980 5060 1095 5122 titutus
1111 5073 1147 5119 se
1159 5055 1231 5128 tibi,
1244 5056 1299 5133 qui
1314 5070 1390 5116 eum
1405 5053 1447 5116 ad
1458 5053 1544 5114 alios
1560 5052 1694 5115 ordines
1705 5068 1780 5129 pro·

124 5166 190 5228 laus
204 5165 313 5236 bonis,
332 5181 405 5243 quae
419 5165 454 5224 in
470 5163 722 5240 praesentiarum
743 5159 928 5223 rationabi-
981 5171 1144 5228 moveras,
1170 5152 1390 5231 praesentarit,
1418 5151 1506 5212 idem
1535 5152 1613 5213 tunc
1635 5152 1778 5211 terrenae

125 5265 205 5327 liter
218 5262 406 5341 possidetis,
421 5263 480 5323 aut
501 5263 536 5323 in
551 5261 698 5323 futurum
707 5259 809 5337 justis
821 5258 926 5319 modis
982 5253 1120 5330 cupidus
1138 5251 1309 5328 dignitatis
1331 5252 1364 5312 et
1384 5266 1480 5339 vante
1496 5249 1611 5326 gloriae
1629 5249 1779 5309 oontem-

126 5361 229 5423 danie
252 5360 393 5422 Domino
412 5359 564 5437 poteritis
586 5357 737 5435 adipisci,
760 5355 821 5417 sub
838 5354 930 5417 beati.
981 5352 1100 5429 plator,
1122 5352 1158 5412 ut
1181 5348 1313 5410 facilins
1328 5351 1440 5426 posset
1455 5348 1495 5411 ad
1511 5346 1650 5423 gradum
1666 5360 1779 5406 sacer-

126 5458 219 5521 Petri
230 5459 264 5519 et
275 5460 392 5519 nostra
405 5459 610 5535 protectione
622 5455 832 5532 suscipimus.
851 5457 929 5530 Spe·
982 5450 1066 5511 dotis
1078 5446 1277 5525 promoveri,
1288 5462 1324 5506 se
1337 5445 1542 5519 mendaciter
1552 5441 1699 5504 asseruit
1711 5441 1779 5503 dia·

127 5557 261 5619 cialiter
289 5557 401 5616 autem
429 5555 590 5628 decimas,
616 5569 762 5624 mansos,
794 5550 926 5611 molen·
982 5547 1119 5608 conatus
1141 5543 1290 5605 ordinem
1310 5542 1541 5619 assumpsisse,
1559 5543 1653 5618 cujus
1668 5555 1781 5601 asser-

127 5654 218 5725 dina,
235 5654 343 5730 prata,
362 5655 395 5714 et
413 5654 643 5730 possessiones
659 5649 745 5713 sicut
761 5664 801 5710 ea
816 5647 927 5710 omnia
982 5644 1122 5706 tinnitu
1147 5641 1245 5703 iidem
1267 5640 1428 5703 adhibens
1449 5641 1557 5716 ipsum
1579 5637 1657 5700 iacti
1679 5637 1778 5714 huJus
