<?xml version="1.0" encoding="UTF-8"?>
<!DOCTYPE html PUBLIC "-//W3C//DTD XHTML 1.0 Transitional//EN"
    "http://www.w3.org/TR/xhtml1/DTD/xhtml1-transitional.dtd">
<html xmlns="http://www.w3.org/1999/xhtml" xml:lang="en" lang="en">
 <head>
  <title>
</title>
<meta http-equiv="Content-Type" content="text/html;charset=utf-8" />
  <meta name='ocr-system' content='tesseract 3.04.00' />
  <meta name='ocr-capabilities' content='ocr_page ocr_carea ocr_par ocr_line ocrx_word'/>
</head>
<body>
  <div class='ocr_page' id='page_1' title='image "./mediiaevibiblio00bottgoog_0289.png"; bbox 0 0 3928 6200; ppageno 0'>
   <div class='ocr_carea' id='block_1_1' title="bbox 208 252 1855 327">
    <p class='ocr_par' dir='ltr' id='par_1_1' title="bbox 208 252 1855 327">
     <span class='ocr_line' id='line_1_1' title="bbox 208 252 1855 327; baseline -0.013 0"><span class='ocrx_word' id='word_1_1' title='bbox 208 264 248 327; x_wconf 76' lang='lat'>95</span> <span class='ocrx_word' id='word_1_2' title='bbox 824 252 1000 317; x_wconf 81' lang='lat' dir='ltr'>HONORII</span> <span class='ocrx_word' id='word_1_3' title='bbox 1021 254 1068 316; x_wconf 89' lang='lat'>111</span> <span class='ocrx_word' id='word_1_4' title='bbox 1089 252 1237 316; x_wconf 79' lang='lat' dir='ltr'><strong>OPERA.</strong></span> <span class='ocrx_word' id='word_1_5' title='bbox 1817 254 1855 317; x_wconf 74' lang='grc'>96</span> 
     </span>
    </p>
   </div>
   <div class='ocr_carea' id='block_1_2' title="bbox 194 413 1874 4301">
    <p class='ocr_par' dir='ltr' id='par_1_2' title="bbox 209 413 1874 3617">
     <span class='ocr_line' id='line_1_2' title="bbox 209 413 1857 495; baseline -0.004 -10"><span class='ocrx_word' id='word_1_6' title='bbox 209 421 306 495; x_wconf 78' lang='lat' dir='ltr'>savit,</span> <span class='ocrx_word' id='word_1_7' title='bbox 318 419 625 483; x_wconf 87' lang='lat' dir='ltr'>archidiaconatum</span> <span class='ocrx_word' id='word_1_8' title='bbox 638 417 745 494; x_wconf 90' lang='lat' dir='ltr'>ipsum</span> <span class='ocrx_word' id='word_1_9' title='bbox 759 414 868 479; x_wconf 91' lang='lat' dir='ltr'>eidem</span> <span class='ocrx_word' id='word_1_10' title='bbox 882 429 1007 493; x_wconf 82' lang='lat' dir='ltr'>praepo</span> <span class='ocrx_word' id='word_1_11' title='bbox 1061 415 1149 477; x_wconf 87' lang='lat' dir='ltr'>esset</span> <span class='ocrx_word' id='word_1_12' title='bbox 1163 413 1332 477; x_wconf 79' lang='lat' dir='ltr'>sufficiens</span> <span class='ocrx_word' id='word_1_13' title='bbox 1349 416 1391 478; x_wconf 86' lang='lat' dir='ltr'>ad</span> <span class='ocrx_word' id='word_1_14' title='bbox 1410 416 1573 494; x_wconf 80' lang='lat' dir='ltr'>agendum</span> <span class='ocrx_word' id='word_1_15' title='bbox 1587 420 1620 480; x_wconf 89' lang='lat' dir='ltr'>et</span> <span class='ocrx_word' id='word_1_16' title='bbox 1634 434 1670 479; x_wconf 88' lang='lat' dir='ltr'>se</span> <span class='ocrx_word' id='word_1_17' title='bbox 1683 419 1857 479; x_wconf 79' lang='lat' dir='ltr'>contuma-</span> 
     </span>
     <span class='ocr_line' id='line_1_3' title="bbox 210 511 1857 593; baseline -0.003 -12"><span class='ocrx_word' id='word_1_18' title='bbox 210 521 274 583; x_wconf 88' lang='lat' dir='ltr'>sito</span> <span class='ocrx_word' id='word_1_19' title='bbox 289 519 487 581; x_wconf 85' lang='lat' dir='ltr'>auctoritate</span> <span class='ocrx_word' id='word_1_20' title='bbox 497 514 685 593; x_wconf 76' lang='lat' dir='ltr'>legationis,</span> <span class='ocrx_word' id='word_1_21' title='bbox 707 529 772 592; x_wconf 89' lang='lat' dir='ltr'>qua</span> <span class='ocrx_word' id='word_1_22' title='bbox 794 511 1004 590; x_wconf 77' lang='lat' dir='ltr'>tangebatur,</span> <span class='ocrx_word' id='word_1_23' title='bbox 1061 513 1144 574; x_wconf 89' lang='lat' dir='ltr'>citer</span> <span class='ocrx_word' id='word_1_24' title='bbox 1155 513 1242 574; x_wconf 89' lang='lat' dir='ltr'>idem</span> <span class='ocrx_word' id='word_1_25' title='bbox 1254 515 1278 575; x_wconf 92' lang='lat'>1.</span> <span class='ocrx_word' id='word_1_26' title='bbox 1297 514 1457 592; x_wconf 83' lang='lat' dir='ltr'>ajudicio</span> <span class='ocrx_word' id='word_1_27' title='bbox 1471 515 1668 589; x_wconf 79' lang='lat' dir='ltr'>absentavit,</span> <span class='ocrx_word' id='word_1_28' title='bbox 1682 514 1857 576; x_wconf 87' lang='lat' dir='ltr'>humiliter</span> 
     </span>
     <span class='ocr_line' id='line_1_4' title="bbox 210 609 1857 691; baseline -0.004 -11"><span class='ocrx_word' id='word_1_29' title='bbox 210 617 406 688; x_wconf 80' lang='lat' dir='ltr'><strong>concedens,</strong></span> <span class='ocrx_word' id='word_1_30' title='bbox 437 615 522 677; x_wconf 89' lang='lat' dir='ltr'>siout</span> <span class='ocrx_word' id='word_1_31' title='bbox 549 629 592 675; x_wconf 79' lang='lat' dir='ltr'>en</span> <span class='ocrx_word' id='word_1_32' title='bbox 627 611 733 688; x_wconf 87' lang='lat' dir='ltr'>ipsius</span> <span class='ocrx_word' id='word_1_33' title='bbox 761 609 1007 688; x_wconf 84' lang='lat' dir='ltr'>archiepiscopi</span> <span class='ocrx_word' id='word_1_34' title='bbox 1062 610 1240 687; x_wconf 80' lang='lat' dir='ltr'>postularit</span> <span class='ocrx_word' id='word_1_35' title='bbox 1259 626 1279 673; x_wconf 87' lang='lat' dir='ltr'>a</span> <span class='ocrx_word' id='word_1_36' title='bbox 1295 611 1402 685; x_wconf 91' lang='lat' dir='ltr'>nobis,</span> <span class='ocrx_word' id='word_1_37' title='bbox 1425 614 1462 676; x_wconf 92' lang='lat' dir='ltr'>ut</span> <span class='ocrx_word' id='word_1_38' title='bbox 1477 613 1654 691; x_wconf 84' lang='lat' dir='ltr'>publicatis</span> <span class='ocrx_word' id='word_1_39' title='bbox 1669 612 1857 675; x_wconf 80' lang='lat' dir='ltr'>attestatio·-</span> 
     </span>
     <span class='ocr_line' id='line_1_5' title="bbox 212 707 1855 791; baseline -0.004 -14"><span class='ocrx_word' id='word_1_40' title='bbox 212 715 344 783; x_wconf 89' lang='lat' dir='ltr'>litteris,</span> <span class='ocrx_word' id='word_1_41' title='bbox 366 728 449 791; x_wconf 86' lang='lat' dir='ltr'>quas</span> <span class='ocrx_word' id='word_1_42' title='bbox 473 711 505 775; x_wconf 89' lang='lat' dir='ltr'>ei</span> <span class='ocrx_word' id='word_1_43' title='bbox 523 725 624 787; x_wconf 87' lang='lat' dir='ltr'>super</span> <span class='ocrx_word' id='word_1_44' title='bbox 637 710 702 771; x_wconf 90' lang='lat' dir='ltr'>hcc</span> <span class='ocrx_word' id='word_1_45' title='bbox 717 707 912 779; x_wconf 80' lang='lat' dir='ltr'>contulerat,</span> <span class='ocrx_word' id='word_1_46' title='bbox 934 721 1008 768; x_wconf 90' lang='lat' dir='ltr'>ma·</span> <span class='ocrx_word' id='word_1_47' title='bbox 1062 709 1159 772; x_wconf 91' lang='lat' dir='ltr'>nibus</span> <span class='ocrx_word' id='word_1_48' title='bbox 1183 724 1293 772; x_wconf 78' lang='lat' dir='ltr'>causas</span> <span class='ocrx_word' id='word_1_49' title='bbox 1316 710 1415 773; x_wconf 84' lang='lat' dir='ltr'>tinem</span> <span class='ocrx_word' id='word_1_50' title='bbox 1436 710 1608 789; x_wconf 82' lang='lat' dir='ltr'>imponere</span> <span class='ocrx_word' id='word_1_51' title='bbox 1628 712 1855 787; x_wconf 75' lang='lat' dir='ltr'>dignaremur.</span> 
     </span>
     <span class='ocr_line' id='line_1_6' title="bbox 211 803 1858 888; baseline -0.008 -7"><span class='ocrx_word' id='word_1_52' title='bbox 211 813 331 875; x_wconf 71' lang='lat' dir='ltr'>niseste</span> <span class='ocrx_word' id='word_1_53' title='bbox 351 808 533 881; x_wconf 66' lang='lat' dir='ltr'>coustabab</span> <span class='ocrx_word' id='word_1_54' title='bbox 550 807 591 869; x_wconf 70' lang='lat' dir='ltr'>ad</span> <span class='ocrx_word' id='word_1_55' title='bbox 606 804 693 886; x_wconf 75' lang='lat' dir='ltr'>quod</span> <span class='ocrx_word' id='word_1_56' title='bbox 711 805 819 868; x_wconf 67' lang='lat' dir='ltr'>dicius</span> <span class='ocrx_word' id='word_1_57' title='bbox 836 805 862 867; x_wconf 89' lang='lat' dir='ltr'>l·</span> <span class='ocrx_word' id='word_1_58' title='bbox 883 820 927 867; x_wconf 78' lang='lat'>01</span> <span class='ocrx_word' id='word_1_59' title='bbox 947 803 1009 865; x_wconf 77' lang='lat' dir='ltr'>ad·</span> <span class='ocrx_word' id='word_1_60' title='bbox 1062 811 1131 872; x_wconf 89' lang='lat' dir='ltr'>Nos</span> <span class='ocrx_word' id='word_1_61' title='bbox 1146 812 1257 872; x_wconf 88' lang='lat' dir='ltr'>autem</span> <span class='ocrx_word' id='word_1_62' title='bbox 1273 808 1381 871; x_wconf 89' lang='lat' dir='ltr'>eidem</span> <span class='ocrx_word' id='word_1_63' title='bbox 1400 825 1512 872; x_wconf 74' lang='lat' dir='ltr'>eausa</span> <span class='ocrx_word' id='word_1_64' title='bbox 1531 811 1708 888; x_wconf 72' lang='lat' dir='ltr'>protracta</span> <span class='ocrx_word' id='word_1_65' title='bbox 1734 808 1858 871; x_wconf 88' lang='lat' dir='ltr'>diutius</span> 
     </span>
     <span class='ocr_line' id='line_1_7' title="bbox 213 901 1858 985; baseline -0.002 -15"><span class='ocrx_word' id='word_1_66' title='bbox 213 925 310 972; x_wconf 81' lang='lat' dir='ltr'>uerso</span> <span class='ocrx_word' id='word_1_67' title='bbox 322 906 505 985; x_wconf 81' lang='lat' dir='ltr'>respondit,</span> <span class='ocrx_word' id='word_1_68' title='bbox 527 906 612 984; x_wconf 85' lang='lat' dir='ltr'>quod</span> <span class='ocrx_word' id='word_1_69' title='bbox 625 905 802 983; x_wconf 87' lang='lat' dir='ltr'>episcopus</span> <span class='ocrx_word' id='word_1_70' title='bbox 822 901 1008 965; x_wconf 86' lang='lat' dir='ltr'>antedictus</span> <span class='ocrx_word' id='word_1_71' title='bbox 1063 908 1161 969; x_wconf 89' lang='lat' dir='ltr'>tlnem</span> <span class='ocrx_word' id='word_1_72' title='bbox 1176 908 1347 985; x_wconf 83' lang='lat' dir='ltr'>imponere</span> <span class='ocrx_word' id='word_1_73' title='bbox 1366 907 1547 984; x_wconf 88' lang='lat' dir='ltr'>cupientes,</span> <span class='ocrx_word' id='word_1_74' title='bbox 1569 907 1727 969; x_wconf 87' lang='lat' dir='ltr'>dilectum</span> <span class='ocrx_word' id='word_1_75' title='bbox 1753 906 1858 967; x_wconf 85' lang='lat' dir='ltr'>tilium</span> 
     </span>
     <span class='ocr_line' id='line_1_8' title="bbox 212 1000 1860 1084; baseline -0.007 -14"><span class='ocrx_word' id='word_1_76' title='bbox 212 1011 290 1070; x_wconf 76' lang='lat' dir='ltr'>anie</span> <span class='ocrx_word' id='word_1_77' title='bbox 309 1006 517 1077; x_wconf 73' lang='lat' dir='ltr'>senientiam,</span> <span class='ocrx_word' id='word_1_78' title='bbox 532 1019 631 1082; x_wconf 71' lang='lat' dir='ltr'>quam</span> <span class='ocrx_word' id='word_1_79' title='bbox 646 1018 723 1080; x_wconf 79' lang='lat' dir='ltr'>pars</span> <span class='ocrx_word' id='word_1_80' title='bbox 744 1002 885 1064; x_wconf 76' lang='lat' dir='ltr'>adversa</span> <span class='ocrx_word' id='word_1_81' title='bbox 899 1001 935 1061; x_wconf 88' lang='lat' dir='ltr'>ill</span> <span class='ocrx_word' id='word_1_82' title='bbox 957 1000 1010 1076; x_wconf 87' lang='lat' dir='ltr'>ip·</span> <span class='ocrx_word' id='word_1_83' title='bbox 1063 1006 1214 1068; x_wconf 81' lang='lat' dir='ltr'>nostrum</span> <span class='ocrx_word' id='word_1_84' title='bbox 1231 1009 1267 1068; x_wconf 84' lang='lat' dir='ltr'>L.</span> <span class='ocrx_word' id='word_1_85' title='bbox 1283 1006 1333 1068; x_wconf 82' lang='lat' dir='ltr'>tit.</span> <span class='ocrx_word' id='word_1_86' title='bbox 1351 1006 1384 1067; x_wconf 78' lang='lat' dir='ltr'>S.</span> <span class='ocrx_word' id='word_1_87' title='bbox 1402 1006 1518 1067; x_wconf 78' lang='lat' dir='ltr'>Crucis</span> <span class='ocrx_word' id='word_1_88' title='bbox 1532 1006 1764 1084; x_wconf 80' lang='lat' dir='ltr'>presbyterum</span> <span class='ocrx_word' id='word_1_89' title='bbox 1786 1020 1860 1066; x_wconf 79' lang='lat' dir='ltr'>car-</span> 
     </span>
     <span class='ocr_line' id='line_1_9' title="bbox 213 1097 1859 1181; baseline -0.001 -16"><span class='ocrx_word' id='word_1_90' title='bbox 213 1121 285 1166; x_wconf 92' lang='lat' dir='ltr'>sum</span> <span class='ocrx_word' id='word_1_91' title='bbox 310 1103 431 1165; x_wconf 86' lang='lat' dir='ltr'>asserit</span> <span class='ocrx_word' id='word_1_92' title='bbox 455 1103 525 1164; x_wconf 83' lang='lat' dir='ltr'>iore</span> <span class='ocrx_word' id='word_1_93' title='bbox 544 1102 657 1169; x_wconf 87' lang='lat' dir='ltr'>latam,</span> <span class='ocrx_word' id='word_1_94' title='bbox 677 1101 718 1161; x_wconf 95' lang='lat' dir='ltr'>ad</span> <span class='ocrx_word' id='word_1_95' title='bbox 736 1099 852 1162; x_wconf 86' lang='lat' dir='ltr'>sedem</span> <span class='ocrx_word' id='word_1_96' title='bbox 865 1097 1009 1175; x_wconf 80' lang='lat' dir='ltr'>aposto·</span> <span class='ocrx_word' id='word_1_97' title='bbox 1064 1103 1209 1165; x_wconf 86' lang='lat' dir='ltr'>dinalem</span> <span class='ocrx_word' id='word_1_98' title='bbox 1225 1102 1267 1165; x_wconf 90' lang='lat' dir='ltr'>ad</span> <span class='ocrx_word' id='word_1_99' title='bbox 1286 1104 1393 1181; x_wconf 90' lang='lat' dir='ltr'>ipsius</span> <span class='ocrx_word' id='word_1_100' title='bbox 1405 1120 1518 1165; x_wconf 84' lang='lat' dir='ltr'>causae</span> <span class='ocrx_word' id='word_1_101' title='bbox 1533 1104 1736 1165; x_wconf 83' lang='lat' dir='ltr'>decisionem</span> <span class='ocrx_word' id='word_1_102' title='bbox 1751 1102 1859 1164; x_wconf 88' lang='lat' dir='ltr'>eidem</span> 
     </span>
     <span class='ocr_line' id='line_1_10' title="bbox 215 1196 1860 1279; baseline -0.002 -15"><span class='ocrx_word' id='word_1_103' title='bbox 215 1203 315 1264; x_wconf 88' lang='lat' dir='ltr'>licam</span> <span class='ocrx_word' id='word_1_104' title='bbox 324 1200 545 1279; x_wconf 83' lang='lat' dir='ltr'>appellavitet</span> <span class='ocrx_word' id='word_1_105' title='bbox 556 1214 745 1277; x_wconf 86' lang='lat' dir='ltr'>quanquam</span> <span class='ocrx_word' id='word_1_106' title='bbox 752 1196 1010 1275; x_wconf 91' lang='lat' dir='ltr'>appellationem</span> <span class='ocrx_word' id='word_1_107' title='bbox 1064 1201 1218 1279; x_wconf 90' lang='lat' dir='ltr'>episcopo</span> <span class='ocrx_word' id='word_1_108' title='bbox 1231 1201 1387 1262; x_wconf 80' lang='lat' dir='ltr'>duximus</span> <span class='ocrx_word' id='word_1_109' title='bbox 1404 1201 1661 1278; x_wconf 75' lang='lat' dir='ltr'>adiungendum,</span> <span class='ocrx_word' id='word_1_110' title='bbox 1679 1199 1737 1279; x_wconf 85' lang='lat' dir='ltr'>qui</span> <span class='ocrx_word' id='word_1_111' title='bbox 1752 1201 1860 1262; x_wconf 86' lang='lat' dir='ltr'>attes-</span> 
     </span>
     <span class='ocr_line' id='line_1_11' title="bbox 214 1295 1861 1376; baseline -0.002 -14"><span class='ocrx_word' id='word_1_112' title='bbox 214 1317 311 1363; x_wconf 86' lang='lat' dir='ltr'>suam</span> <span class='ocrx_word' id='word_1_113' title='bbox 323 1298 425 1361; x_wconf 83' lang='lat' dir='ltr'>tuerit</span> <span class='ocrx_word' id='word_1_114' title='bbox 437 1314 496 1376; x_wconf 89' lang='lat' dir='ltr'>per</span> <span class='ocrx_word' id='word_1_115' title='bbox 509 1299 757 1375; x_wconf 75' lang='lat' dir='ltr'>procuratorem</span> <span class='ocrx_word' id='word_1_116' title='bbox 769 1295 924 1356; x_wconf 76' lang='lat' dir='ltr'>idoneum</span> <span class='ocrx_word' id='word_1_117' title='bbox 937 1308 1011 1370; x_wconf 82' lang='lat' dir='ltr'>pro·</span> <span class='ocrx_word' id='word_1_118' title='bbox 1063 1299 1247 1361; x_wconf 89' lang='lat' dir='ltr'>tationihus</span> <span class='ocrx_word' id='word_1_119' title='bbox 1259 1298 1292 1360; x_wconf 89' lang='lat' dir='ltr'>el</span> <span class='ocrx_word' id='word_1_120' title='bbox 1303 1298 1561 1374; x_wconf 80' lang='lat' dir='ltr'>allegationibus</span> <span class='ocrx_word' id='word_1_121' title='bbox 1576 1314 1615 1361; x_wconf 86' lang='lat' dir='ltr'>ac</span> <span class='ocrx_word' id='word_1_122' title='bbox 1629 1299 1733 1360; x_wconf 90' lang='lat' dir='ltr'>totius</span> <span class='ocrx_word' id='word_1_123' title='bbox 1750 1314 1861 1359; x_wconf 81' lang='lat' dir='ltr'>causae</span> 
     </span>
     <span class='ocr_line' id='line_1_12' title="bbox 214 1390 1863 1474; baseline -0.002 -15"><span class='ocrx_word' id='word_1_124' title='bbox 214 1399 351 1461; x_wconf 88' lang='lat' dir='ltr'>secutus</span> <span class='ocrx_word' id='word_1_125' title='bbox 366 1397 399 1459; x_wconf 88' lang='lat' dir='ltr'>et</span> <span class='ocrx_word' id='word_1_126' title='bbox 413 1395 501 1459; x_wconf 88' lang='lat' dir='ltr'>idem</span> <span class='ocrx_word' id='word_1_127' title='bbox 522 1396 660 1458; x_wconf 90' lang='lat' dir='ltr'>nuntius</span> <span class='ocrx_word' id='word_1_128' title='bbox 671 1393 771 1455; x_wconf 85' lang='lat' dir='ltr'>luerit</span> <span class='ocrx_word' id='word_1_129' title='bbox 783 1391 962 1469; x_wconf 91' lang='lat' dir='ltr'>impeditus</span> <span class='ocrx_word' id='word_1_130' title='bbox 974 1390 1010 1451; x_wconf 91' lang='lat' dir='ltr'>in</span> <span class='ocrx_word' id='word_1_131' title='bbox 1065 1396 1193 1459; x_wconf 83' lang='lat' dir='ltr'>meritis</span> <span class='ocrx_word' id='word_1_132' title='bbox 1206 1394 1384 1472; x_wconf 78' lang='lat' dir='ltr'>diligenter</span> <span class='ocrx_word' id='word_1_133' title='bbox 1395 1395 1565 1473; x_wconf 89' lang='lat' dir='ltr'>inspectis,</span> <span class='ocrx_word' id='word_1_134' title='bbox 1582 1413 1682 1474; x_wconf 85' lang='lat' dir='ltr'>quum</span> <span class='ocrx_word' id='word_1_135' title='bbox 1693 1395 1863 1457; x_wconf 88' lang='lat' dir='ltr'>constaret</span> 
     </span>
     <span class='ocr_line' id='line_1_13' title="bbox 215 1488 1862 1572; baseline -0.004 -14"><span class='ocrx_word' id='word_1_136' title='bbox 215 1496 282 1569; x_wconf 82' lang='lat' dir='ltr'>via,</span> <span class='ocrx_word' id='word_1_137' title='bbox 300 1495 407 1557; x_wconf 88' lang='lat' dir='ltr'>dictus</span> <span class='ocrx_word' id='word_1_138' title='bbox 422 1493 649 1572; x_wconf 72' lang='lat' dir='ltr'>predecessor</span> <span class='ocrx_word' id='word_1_139' title='bbox 666 1491 780 1553; x_wconf 89' lang='lat' dir='ltr'>noster</span> <span class='ocrx_word' id='word_1_140' title='bbox 796 1492 904 1567; x_wconf 92' lang='lat' dir='ltr'>ipsum</span> <span class='ocrx_word' id='word_1_141' title='bbox 919 1488 1012 1567; x_wconf 90' lang='lat' dir='ltr'>post-</span> <span class='ocrx_word' id='word_1_142' title='bbox 1065 1494 1115 1555; x_wconf 90' lang='lat' dir='ltr'>eis</span> <span class='ocrx_word' id='word_1_143' title='bbox 1134 1496 1202 1556; x_wconf 88' lang='lat' dir='ltr'>tam</span> <span class='ocrx_word' id='word_1_144' title='bbox 1228 1508 1288 1570; x_wconf 91' lang='lat' dir='ltr'>per</span> <span class='ocrx_word' id='word_1_145' title='bbox 1310 1492 1541 1567; x_wconf 89' lang='lat' dir='ltr'>instrumenta,</span> <span class='ocrx_word' id='word_1_146' title='bbox 1563 1509 1661 1572; x_wconf 89' lang='lat' dir='ltr'>quam</span> <span class='ocrx_word' id='word_1_147' title='bbox 1678 1508 1738 1571; x_wconf 90' lang='lat' dir='ltr'>per</span> <span class='ocrx_word' id='word_1_148' title='bbox 1759 1492 1862 1554; x_wconf 88' lang='lat' dir='ltr'>testes</span> 
     </span>
     <span class='ocr_line' id='line_1_14' title="bbox 216 1586 1865 1670; baseline -0.002 -16"><span class='ocrx_word' id='word_1_149' title='bbox 216 1593 349 1655; x_wconf 92' lang='lat' dir='ltr'>modum</span> <span class='ocrx_word' id='word_1_150' title='bbox 364 1608 424 1670; x_wconf 91' lang='lat' dir='ltr'>pro</span> <span class='ocrx_word' id='word_1_151' title='bbox 435 1607 504 1653; x_wconf 87' lang='lat' dir='ltr'>suae</span> <span class='ocrx_word' id='word_1_152' title='bbox 518 1589 699 1653; x_wconf 81' lang='lat' dir='ltr'>voluntatis</span> <span class='ocrx_word' id='word_1_153' title='bbox 713 1588 852 1650; x_wconf 85' lang='lat' dir='ltr'>arbitrio</span> <span class='ocrx_word' id='word_1_154' title='bbox 861 1586 1011 1664; x_wconf 89' lang='lat' dir='ltr'>recipere</span> <span class='ocrx_word' id='word_1_155' title='bbox 1065 1590 1219 1653; x_wconf 90' lang='lat' dir='ltr'>inductos</span> <span class='ocrx_word' id='word_1_156' title='bbox 1240 1590 1457 1652; x_wconf 89' lang='lat' dir='ltr'>ildesemens.</span> <span class='ocrx_word' id='word_1_157' title='bbox 1488 1592 1679 1669; x_wconf 88' lang='lat' dir='ltr'>episcopum</span> <span class='ocrx_word' id='word_1_158' title='bbox 1705 1606 1746 1652; x_wconf 88' lang='lat' dir='ltr'>eo</span> <span class='ocrx_word' id='word_1_159' title='bbox 1778 1590 1865 1651; x_wconf 90' lang='lat' dir='ltr'>tem-</span> 
     </span>
     <span class='ocr_line' id='line_1_15' title="bbox 215 1684 1863 1767; baseline -0.002 -16"><span class='ocrx_word' id='word_1_160' title='bbox 215 1692 324 1753; x_wconf 90' lang='lat' dir='ltr'>noluit</span> <span class='ocrx_word' id='word_1_161' title='bbox 338 1690 391 1751; x_wconf 80' lang='lat' dir='ltr'>vel</span> <span class='ocrx_word' id='word_1_162' title='bbox 413 1690 529 1751; x_wconf 89' lang='lat' dir='ltr'>audire</span> <span class='ocrx_word' id='word_1_163' title='bbox 543 1689 576 1750; x_wconf 88' lang='lat' dir='ltr'>et</span> <span class='ocrx_word' id='word_1_164' title='bbox 595 1690 663 1750; x_wconf 91' lang='lat' dir='ltr'>tam</span> <span class='ocrx_word' id='word_1_165' title='bbox 684 1687 747 1748; x_wconf 87' lang='lat' dir='ltr'>boc</span> <span class='ocrx_word' id='word_1_166' title='bbox 768 1701 867 1763; x_wconf 86' lang='lat' dir='ltr'>quam</span> <span class='ocrx_word' id='word_1_167' title='bbox 882 1684 1013 1761; x_wconf 90' lang='lat' dir='ltr'>episco-</span> <span class='ocrx_word' id='word_1_168' title='bbox 1066 1705 1157 1767; x_wconf 91' lang='lat' dir='ltr'>pore,</span> <span class='ocrx_word' id='word_1_169' title='bbox 1182 1703 1248 1767; x_wconf 87' lang='lat' dir='ltr'>qno</span> <span class='ocrx_word' id='word_1_170' title='bbox 1263 1688 1402 1750; x_wconf 89' lang='lat' dir='ltr'>contulit</span> <span class='ocrx_word' id='word_1_171' title='bbox 1421 1688 1730 1751; x_wconf 83' lang='lat' dir='ltr'>archidiaconatum</span> <span class='ocrx_word' id='word_1_172' title='bbox 1756 1703 1863 1750; x_wconf 89' lang='lat' dir='ltr'>cano-</span> 
     </span>
     <span class='ocr_line' id='line_1_16' title="bbox 215 1781 1865 1866; baseline -0.002 -17"><span class='ocrx_word' id='word_1_173' title='bbox 215 1804 294 1866; x_wconf 88' lang='lat' dir='ltr'>pum</span> <span class='ocrx_word' id='word_1_174' title='bbox 309 1789 456 1865; x_wconf 88' lang='lat' dir='ltr'>tempore</span> <span class='ocrx_word' id='word_1_175' title='bbox 471 1785 660 1849; x_wconf 85' lang='lat' dir='ltr'>collationis</span> <span class='ocrx_word' id='word_1_176' title='bbox 678 1784 827 1862; x_wconf 89' lang='lat' dir='ltr'>potuisse</span> <span class='ocrx_word' id='word_1_177' title='bbox 842 1781 1013 1843; x_wconf 84' lang='lat' dir='ltr'>archidia·</span> <span class='ocrx_word' id='word_1_178' title='bbox 1067 1787 1142 1848; x_wconf 89' lang='lat' dir='ltr'>nico</span> <span class='ocrx_word' id='word_1_179' title='bbox 1162 1784 1334 1864; x_wconf 80' lang='lat' dir='ltr'>saepefato</span> <span class='ocrx_word' id='word_1_180' title='bbox 1355 1786 1709 1848; x_wconf 79' lang='lat' dir='ltr'>excommunicationis</span> <span class='ocrx_word' id='word_1_181' title='bbox 1728 1784 1865 1847; x_wconf 82' lang='lat' dir='ltr'>vinculo</span> 
     </span>
     <span class='ocr_line' id='line_1_17' title="bbox 218 1877 1865 1961; baseline -0.003 -14"><span class='ocrx_word' id='word_1_182' title='bbox 218 1888 372 1948; x_wconf 88' lang='lat' dir='ltr'>conatum</span> <span class='ocrx_word' id='word_1_183' title='bbox 382 1886 490 1961; x_wconf 91' lang='lat' dir='ltr'>ipsum</span> <span class='ocrx_word' id='word_1_184' title='bbox 501 1883 541 1945; x_wconf 93' lang='lat' dir='ltr'>de</span> <span class='ocrx_word' id='word_1_185' title='bbox 549 1880 794 1961; x_wconf 85' lang='lat' dir='ltr'>jureconlerre,</span> <span class='ocrx_word' id='word_1_186' title='bbox 809 1877 1014 1958; x_wconf 89' lang='lat' dir='ltr'>proponebat</span> <span class='ocrx_word' id='word_1_187' title='bbox 1067 1883 1173 1945; x_wconf 85' lang='lat' dir='ltr'>luisse</span> <span class='ocrx_word' id='word_1_188' title='bbox 1194 1881 1388 1944; x_wconf 91' lang='lat' dir='ltr'>innodatum</span> <span class='ocrx_word' id='word_1_189' title='bbox 1414 1898 1476 1944; x_wconf 89' lang='lat' dir='ltr'>nec</span> <span class='ocrx_word' id='word_1_190' title='bbox 1495 1898 1570 1944; x_wconf 91' lang='lat' dir='ltr'>eum</span> <span class='ocrx_word' id='word_1_191' title='bbox 1592 1881 1779 1944; x_wconf 87' lang='lat' dir='ltr'>constiterit</span> <span class='ocrx_word' id='word_1_192' title='bbox 1798 1897 1865 1958; x_wconf 89' lang='lat' dir='ltr'>ap-</span> 
     </span>
     <span class='ocr_line' id='line_1_18' title="bbox 216 1975 1869 2060; baseline -0.003 -15"><span class='ocrx_word' id='word_1_193' title='bbox 216 1999 255 2044; x_wconf 89' lang='lat' dir='ltr'>ss</span> <span class='ocrx_word' id='word_1_194' title='bbox 276 1999 336 2060; x_wconf 90' lang='lat' dir='ltr'>per</span> <span class='ocrx_word' id='word_1_195' title='bbox 361 1984 463 2044; x_wconf 89' lang='lat' dir='ltr'>testes</span> <span class='ocrx_word' id='word_1_196' title='bbox 488 1980 626 2042; x_wconf 91' lang='lat' dir='ltr'>idoneos</span> <span class='ocrx_word' id='word_1_197' title='bbox 662 1977 889 2057; x_wconf 84' lang='lat' dir='ltr'>probaturum.</span> <span class='ocrx_word' id='word_1_198' title='bbox 919 1975 1013 2037; x_wconf 89' lang='lat' dir='ltr'>Unde</span> <span class='ocrx_word' id='word_1_199' title='bbox 1068 1981 1223 2059; x_wconf 91' lang='lat' dir='ltr'>pellasse,</span> <span class='ocrx_word' id='word_1_200' title='bbox 1236 1996 1296 2042; x_wconf 91' lang='lat' dir='ltr'>nec</span> <span class='ocrx_word' id='word_1_201' title='bbox 1306 1979 1563 2058; x_wconf 91' lang='lat' dir='ltr'>appellationem</span> <span class='ocrx_word' id='word_1_202' title='bbox 1580 1978 1869 2041; x_wconf 84' lang='lat' dir='ltr'>suaminfratem·</span> 
     </span>
     <span class='ocr_line' id='line_1_19' title="bbox 219 2073 1869 2159; baseline -0.002 -18"><span class='ocrx_word' id='word_1_203' title='bbox 219 2096 320 2159; x_wconf 80' lang='lat' dir='ltr'>quum</span> <span class='ocrx_word' id='word_1_204' title='bbox 343 2079 408 2140; x_wconf 89' lang='lat' dir='ltr'>sibi</span> <span class='ocrx_word' id='word_1_205' title='bbox 432 2094 498 2139; x_wconf 91' lang='lat' dir='ltr'>non</span> <span class='ocrx_word' id='word_1_206' title='bbox 521 2076 640 2139; x_wconf 87' lang='lat' dir='ltr'>debeat</span> <span class='ocrx_word' id='word_1_207' title='bbox 653 2075 822 2153; x_wconf 87' lang='lat' dir='ltr'>imputari,</span> <span class='ocrx_word' id='word_1_208' title='bbox 840 2073 898 2152; x_wconf 84' lang='lat' dir='ltr'>qui</span> <span class='ocrx_word' id='word_1_209' title='bbox 917 2073 1014 2151; x_wconf 90' lang='lat' dir='ltr'>prin·</span> <span class='ocrx_word' id='word_1_210' title='bbox 1068 2094 1130 2156; x_wconf 88' lang='lat' dir='ltr'>pus</span> <span class='ocrx_word' id='word_1_211' title='bbox 1143 2077 1328 2155; x_wconf 81' lang='lat' dir='ltr'>legitimum</span> <span class='ocrx_word' id='word_1_212' title='bbox 1341 2078 1563 2155; x_wconf 88' lang='lat' dir='ltr'>prosecutum,</span> <span class='ocrx_word' id='word_1_213' title='bbox 1575 2076 1684 2154; x_wconf 89' lang='lat' dir='ltr'>ipsum</span> <span class='ocrx_word' id='word_1_214' title='bbox 1694 2076 1869 2138; x_wconf 86' lang='lat' dir='ltr'>archidia-</span> 
     </span>
     <span class='ocr_line' id='line_1_20' title="bbox 219 2172 1870 2255; baseline -0.006 -10"><span class='ocrx_word' id='word_1_215' title='bbox 219 2178 325 2255; x_wconf 80' lang='lat' dir='ltr'>cipem</span> <span class='ocrx_word' id='word_1_216' title='bbox 338 2176 536 2253; x_wconf 71' lang='lat' dir='ltr'>compellere</span> <span class='ocrx_word' id='word_1_217' title='bbox 551 2190 618 2236; x_wconf 86' lang='lat'>11011</span> <span class='ocrx_word' id='word_1_218' title='bbox 632 2174 749 2251; x_wconf 71' lang='lat' dir='ltr'>potuit,</span> <span class='ocrx_word' id='word_1_219' title='bbox 761 2172 798 2234; x_wconf 70' lang='lat' dir='ltr'>lli</span> <span class='ocrx_word' id='word_1_220' title='bbox 811 2187 946 2234; x_wconf 69' lang='lat' dir='ltr'>causam</span> <span class='ocrx_word' id='word_1_221' title='bbox 959 2186 1015 2247; x_wconf 73' lang='lat' dir='ltr'>al)-</span> <span class='ocrx_word' id='word_1_222' title='bbox 1069 2176 1224 2239; x_wconf 74' lang='lat' dir='ltr'>conanum</span> <span class='ocrx_word' id='word_1_223' title='bbox 1237 2173 1481 2237; x_wconf 90' lang='lat' dir='ltr'>sententialiter</span> <span class='ocrx_word' id='word_1_224' title='bbox 1490 2175 1530 2236; x_wconf 88' lang='lat' dir='ltr'>ad</span> <span class='ocrx_word' id='word_1_225' title='bbox 1530 2173 1726 2252; x_wconf 74' lang='lat' dir='ltr'>iudicarunt</span> <span class='ocrx_word' id='word_1_226' title='bbox 1739 2189 1870 2251; x_wconf 81' lang='lat' dir='ltr'>praepo-</span> 
     </span>
     <span class='ocr_line' id='line_1_21' title="bbox 218 2267 1868 2352; baseline -0.002 -16"><span class='ocrx_word' id='word_1_227' title='bbox 218 2273 408 2352; x_wconf 88' lang='lat' dir='ltr'>pellationis</span> <span class='ocrx_word' id='word_1_228' title='bbox 425 2273 460 2334; x_wconf 93' lang='lat' dir='ltr'>in</span> <span class='ocrx_word' id='word_1_229' title='bbox 473 2271 707 2334; x_wconf 86' lang='lat' dir='ltr'>consistorium</span> <span class='ocrx_word' id='word_1_230' title='bbox 721 2286 818 2331; x_wconf 89' lang='lat' dir='ltr'>suum</span> <span class='ocrx_word' id='word_1_231' title='bbox 833 2267 1013 2331; x_wconf 90' lang='lat' dir='ltr'>secundum</span> <span class='ocrx_word' id='word_1_232' title='bbox 1069 2274 1133 2335; x_wconf 88' lang='lat' dir='ltr'>slto</span> <span class='ocrx_word' id='word_1_233' title='bbox 1145 2272 1324 2336; x_wconf 86' lang='lat' dir='ltr'>antedicto.</span> <span class='ocrx_word' id='word_1_234' title='bbox 1344 2273 1414 2335; x_wconf 89' lang='lat' dir='ltr'>Nos</span> <span class='ocrx_word' id='word_1_235' title='bbox 1429 2271 1532 2350; x_wconf 78' lang='lat' dir='ltr'>igitur</span> <span class='ocrx_word' id='word_1_236' title='bbox 1551 2271 1698 2349; x_wconf 89' lang='lat' dir='ltr'>ipsorum</span> <span class='ocrx_word' id='word_1_237' title='bbox 1725 2272 1868 2333; x_wconf 89' lang='lat' dir='ltr'>senten·</span> 
     </span>
     <span class='ocr_line' id='line_1_22' title="bbox 218 2366 1870 2448; baseline -0.005 -9"><span class='ocrx_word' id='word_1_238' title='bbox 218 2387 343 2433; x_wconf 77' lang='lat' dir='ltr'>morem</span> <span class='ocrx_word' id='word_1_239' title='bbox 368 2370 501 2448; x_wconf 72' lang='lat' dir='ltr'>iuberet</span> <span class='ocrx_word' id='word_1_240' title='bbox 523 2368 679 2439; x_wconf 74' lang='lat' dir='ltr'>conferri,</span> <span class='ocrx_word' id='word_1_241' title='bbox 710 2367 806 2445; x_wconf 67' lang='lat' dir='ltr'>petiit</span> <span class='ocrx_word' id='word_1_242' title='bbox 833 2366 1014 2428; x_wconf 74' lang='lat' dir='ltr'>0³110nic¹1⁸</span> <span class='ocrx_word' id='word_1_243' title='bbox 1068 2373 1149 2434; x_wconf 87' lang='lat' dir='ltr'>tiam</span> <span class='ocrx_word' id='word_1_244' title='bbox 1160 2373 1267 2433; x_wconf 88' lang='lat' dir='ltr'>ratam</span> <span class='ocrx_word' id='word_1_245' title='bbox 1280 2370 1441 2433; x_wconf 90' lang='lat' dir='ltr'>habentes</span> <span class='ocrx_word' id='word_1_246' title='bbox 1462 2369 1656 2432; x_wconf 90' lang='lat' dir='ltr'>discretioni</span> <span class='ocrx_word' id='word_1_247' title='bbox 1670 2370 1792 2432; x_wconf 80' lang='lat' dir='ltr'>restrae</span> <span class='ocrx_word' id='word_1_248' title='bbox 1805 2384 1870 2447; x_wconf 88' lang='lat' dir='ltr'>per</span> 
     </span>
     <span class='ocr_line' id='line_1_23' title="bbox 220 2463 1870 2548; baseline -0.004 -18"><span class='ocrx_word' id='word_1_249' title='bbox 220 2467 428 2546; x_wconf 88' lang='lat' dir='ltr'>supradictus</span> <span class='ocrx_word' id='word_1_250' title='bbox 441 2465 639 2528; x_wconf 90' lang='lat' dir='ltr'>sententiam</span> <span class='ocrx_word' id='word_1_251' title='bbox 650 2463 1013 2536; x_wconf 83' lang='lat' dir='ltr'>excommunicationis,</span> <span class='ocrx_word' id='word_1_252' title='bbox 1068 2469 1257 2548; x_wconf 76' lang='lat' dir='ltr'>Apostolica</span> <span class='ocrx_word' id='word_1_253' title='bbox 1291 2467 1418 2544; x_wconf 77' lang='lat' dir='ltr'>scripta</span> <span class='ocrx_word' id='word_1_254' title='bbox 1450 2467 1663 2538; x_wconf 83' lang='lat' dir='ltr'>mandamus,</span> <span class='ocrx_word' id='word_1_255' title='bbox 1701 2467 1870 2544; x_wconf 82' lang='lat' dir='ltr'>quatenus</span> 
     </span>
     <span class='ocr_line' id='line_1_24' title="bbox 220 2559 1870 2645; baseline -0.001 -18"><span class='ocrx_word' id='word_1_256' title='bbox 220 2568 333 2645; x_wconf 89' lang='lat' dir='ltr'>utpote</span> <span class='ocrx_word' id='word_1_257' title='bbox 352 2566 427 2642; x_wconf 91' lang='lat' dir='ltr'>post</span> <span class='ocrx_word' id='word_1_258' title='bbox 450 2563 704 2642; x_wconf 89' lang='lat' dir='ltr'>appellationem</span> <span class='ocrx_word' id='word_1_259' title='bbox 720 2561 951 2640; x_wconf 88' lang='lat' dir='ltr'>interpositam</span> <span class='ocrx_word' id='word_1_260' title='bbox 972 2559 1015 2622; x_wconf 91' lang='lat' dir='ltr'>ad</span> <span class='ocrx_word' id='word_1_261' title='bbox 1070 2566 1221 2629; x_wconf 88' lang='lat' dir='ltr'>eumdem</span> <span class='ocrx_word' id='word_1_262' title='bbox 1235 2566 1449 2644; x_wconf 71' lang='lat' dir='ltr'>prepositum</span> <span class='ocrx_word' id='word_1_263' title='bbox 1468 2564 1503 2626; x_wconf 93' lang='lat' dir='ltr'>in</span> <span class='ocrx_word' id='word_1_264' title='bbox 1523 2564 1628 2643; x_wconf 89' lang='lat' dir='ltr'>ipsius</span> <span class='ocrx_word' id='word_1_265' title='bbox 1642 2564 1870 2626; x_wconf 81' lang='lat' dir='ltr'>archidiaco-</span> 
     </span>
     <span class='ocr_line' id='line_1_25' title="bbox 220 2658 1871 2741; baseline -0.002 -15"><span class='ocrx_word' id='word_1_266' title='bbox 220 2660 444 2741; x_wconf 82' lang='lat' dir='ltr'>apostolicam</span> <span class='ocrx_word' id='word_1_267' title='bbox 465 2661 582 2723; x_wconf 83' lang='lat' dir='ltr'>Sedem</span> <span class='ocrx_word' id='word_1_268' title='bbox 602 2660 854 2738; x_wconf 73' lang='lat' dir='ltr'>promulgatum·</span> <span class='ocrx_word' id='word_1_269' title='bbox 872 2658 921 2720; x_wconf 81' lang='lat' dir='ltr'>Ad</span> <span class='ocrx_word' id='word_1_270' title='bbox 943 2658 1016 2720; x_wconf 78' lang='lat' dir='ltr'>haec</span> <span class='ocrx_word' id='word_1_271' title='bbox 1070 2666 1168 2726; x_wconf 89' lang='lat' dir='ltr'>natus</span> <span class='ocrx_word' id='word_1_272' title='bbox 1180 2662 1648 2741; x_wconf 85' lang='lat' dir='ltr'>corporalempossessionem,</span> <span class='ocrx_word' id='word_1_273' title='bbox 1661 2660 1792 2722; x_wconf 86' lang='lat' dir='ltr'>sublato</span> <span class='ocrx_word' id='word_1_274' title='bbox 1808 2677 1871 2723; x_wconf 84' lang='lat' dir='ltr'>eu·</span> 
     </span>
     <span class='ocr_line' id='line_1_26' title="bbox 222 2754 1872 2841; baseline -0.002 -18"><span class='ocrx_word' id='word_1_275' title='bbox 222 2760 395 2838; x_wconf 86' lang='lat' dir='ltr'>respondit</span> <span class='ocrx_word' id='word_1_276' title='bbox 414 2759 610 2837; x_wconf 86' lang='lat' dir='ltr'>praepositus</span> <span class='ocrx_word' id='word_1_277' title='bbox 629 2757 825 2829; x_wconf 77' lang='lat' dir='ltr'>antedictus,</span> <span class='ocrx_word' id='word_1_278' title='bbox 845 2756 931 2834; x_wconf 79' lang='lat' dir='ltr'>quod</span> <span class='ocrx_word' id='word_1_279' title='bbox 953 2754 1015 2817; x_wconf 74' lang='lat' dir='ltr'>etsi</span> <span class='ocrx_word' id='word_1_280' title='bbox 1065 2761 1204 2841; x_wconf 88' lang='lat' dir='ltr'>juslibet</span> <span class='ocrx_word' id='word_1_281' title='bbox 1215 2759 1486 2822; x_wconf 86' lang='lat' dir='ltr'>contradictionis</span> <span class='ocrx_word' id='word_1_282' title='bbox 1497 2760 1530 2821; x_wconf 89' lang='lat' dir='ltr'>et</span> <span class='ocrx_word' id='word_1_283' title='bbox 1539 2758 1774 2837; x_wconf 89' lang='lat' dir='ltr'>appellationis</span> <span class='ocrx_word' id='word_1_284' title='bbox 1790 2757 1872 2819; x_wconf 89' lang='lat' dir='ltr'>obs-</span> 
     </span>
     <span class='ocr_line' id='line_1_27' title="bbox 221 2854 1869 2937; baseline -0.002 -17"><span class='ocrx_word' id='word_1_285' title='bbox 221 2858 381 2937; x_wconf 84' lang='lat' dir='ltr'>praeiaius</span> <span class='ocrx_word' id='word_1_286' title='bbox 403 2857 591 2934; x_wconf 88' lang='lat' dir='ltr'>episcopus,</span> <span class='ocrx_word' id='word_1_287' title='bbox 616 2854 714 2933; x_wconf 88' lang='lat' dir='ltr'>prout</span> <span class='ocrx_word' id='word_1_288' title='bbox 728 2854 940 2917; x_wconf 77' lang='lat' dir='ltr'>adversarius</span> <span class='ocrx_word' id='word_1_289' title='bbox 959 2869 1017 2914; x_wconf 88' lang='lat' dir='ltr'>as-</span> <span class='ocrx_word' id='word_1_290' title='bbox 1070 2858 1191 2930; x_wconf 87' lang='lat' dir='ltr'>taeulo,</span> <span class='ocrx_word' id='word_1_291' title='bbox 1208 2858 1372 2919; x_wconf 88' lang='lat' dir='ltr'>inducatis</span> <span class='ocrx_word' id='word_1_292' title='bbox 1386 2858 1420 2920; x_wconf 89' lang='lat' dir='ltr'>et</span> <span class='ocrx_word' id='word_1_293' title='bbox 1432 2857 1519 2918; x_wconf 90' lang='lat' dir='ltr'>tueri</span> <span class='ocrx_word' id='word_1_294' title='bbox 1539 2856 1662 2918; x_wconf 87' lang='lat' dir='ltr'>curetis</span> <span class='ocrx_word' id='word_1_295' title='bbox 1681 2854 1869 2927; x_wconf 72' lang='lat' dir='ltr'>inductum</span> 
     </span>
     <span class='ocr_line' id='line_1_28' title="bbox 222 2951 1869 3032; baseline -0.002 -15"><span class='ocrx_word' id='word_1_296' title='bbox 222 2957 305 3018; x_wconf 87' lang='lat' dir='ltr'>serit</span> <span class='ocrx_word' id='word_1_297' title='bbox 318 2955 359 3017; x_wconf 86' lang='lat' dir='ltr'>ad</span> <span class='ocrx_word' id='word_1_298' title='bbox 375 2952 607 3032; x_wconf 88' lang='lat' dir='ltr'>appellationis</span> <span class='ocrx_word' id='word_1_299' title='bbox 621 2953 804 3014; x_wconf 90' lang='lat' dir='ltr'>remedium</span> <span class='ocrx_word' id='word_1_300' title='bbox 819 2951 1014 3023; x_wconf 87' lang='lat' dir='ltr'>convolarit,</span> <span class='ocrx_word' id='word_1_301' title='bbox 1071 2956 1330 3020; x_wconf 72' lang='lat' dir='ltr'>conmadictoroe</span> <span class='ocrx_word' id='word_1_302' title='bbox 1344 2970 1405 3032; x_wconf 91' lang='lat' dir='ltr'>per</span> <span class='ocrx_word' id='word_1_303' title='bbox 1424 2968 1600 3015; x_wconf 85' lang='lat' dir='ltr'>censuram</span> <span class='ocrx_word' id='word_1_304' title='bbox 1610 2953 1869 3025; x_wconf 88' lang='lat' dir='ltr'>eclesiastieam,</span> 
     </span>
     <span class='ocr_line' id='line_1_29' title="bbox 221 3047 1872 3133; baseline -0.003 -17"><span class='ocrx_word' id='word_1_305' title='bbox 221 3053 477 3131; x_wconf 82' lang='lat' dir='ltr'>appellationem</span> <span class='ocrx_word' id='word_1_306' title='bbox 494 3053 606 3113; x_wconf 89' lang='lat' dir='ltr'>tamen</span> <span class='ocrx_word' id='word_1_307' title='bbox 622 3064 716 3111; x_wconf 92' lang='lat' dir='ltr'>suam</span> <span class='ocrx_word' id='word_1_308' title='bbox 732 3064 797 3111; x_wconf 91' lang='lat' dir='ltr'>non</span> <span class='ocrx_word' id='word_1_309' title='bbox 820 3047 882 3111; x_wconf 80' lang='lat' dir='ltr'>fuit</span> <span class='ocrx_word' id='word_1_310' title='bbox 895 3048 1016 3109; x_wconf 90' lang='lat' dir='ltr'>nedum</span> <span class='ocrx_word' id='word_1_311' title='bbox 1071 3054 1293 3133; x_wconf 80' lang='lat' dir='ltr'>appellatione</span> <span class='ocrx_word' id='word_1_312' title='bbox 1308 3051 1502 3129; x_wconf 88' lang='lat' dir='ltr'>postposita,</span> <span class='ocrx_word' id='word_1_313' title='bbox 1514 3049 1763 3129; x_wconf 87' lang='lat' dir='ltr'>compescendo.</span> <span class='ocrx_word' id='word_1_314' title='bbox 1775 3048 1872 3122; x_wconf 89' lang='lat' dir='ltr'>Quod</span> 
     </span>
     <span class='ocr_line' id='line_1_30' title="bbox 221 3145 1873 3227; baseline -0.002 -14"><span class='ocrx_word' id='word_1_315' title='bbox 221 3149 310 3212; x_wconf 85' lang='lat' dir='ltr'>intra</span> <span class='ocrx_word' id='word_1_316' title='bbox 328 3164 452 3210; x_wconf 87' lang='lat' dir='ltr'>annum</span> <span class='ocrx_word' id='word_1_317' title='bbox 478 3147 545 3208; x_wconf 89' lang='lat' dir='ltr'>imo</span> <span class='ocrx_word' id='word_1_318' title='bbox 562 3163 624 3208; x_wconf 85' lang='lat' dir='ltr'>nec</span> <span class='ocrx_word' id='word_1_319' title='bbox 648 3147 736 3208; x_wconf 81' lang='lat' dir='ltr'>infra</span> <span class='ocrx_word' id='word_1_320' title='bbox 762 3145 1016 3224; x_wconf 73' lang='lat' dir='ltr'>quadriennium</span> <span class='ocrx_word' id='word_1_321' title='bbox 1071 3151 1101 3212; x_wconf 92' lang='lat' dir='ltr'>si</span> <span class='ocrx_word' id='word_1_322' title='bbox 1121 3167 1187 3212; x_wconf 92' lang='lat' dir='ltr'>non</span> <span class='ocrx_word' id='word_1_323' title='bbox 1204 3165 1318 3212; x_wconf 91' lang='lat' dir='ltr'>omnes</span> <span class='ocrx_word' id='word_1_324' title='bbox 1334 3149 1377 3211; x_wconf 89' lang='lat' dir='ltr'>iis</span> <span class='ocrx_word' id='word_1_325' title='bbox 1392 3149 1615 3227; x_wconf 81' lang='lat' dir='ltr'>exsequendis</span> <span class='ocrx_word' id='word_1_326' title='bbox 1630 3148 1793 3210; x_wconf 88' lang='lat' dir='ltr'>interesse</span> <span class='ocrx_word' id='word_1_327' title='bbox 1807 3162 1873 3224; x_wconf 91' lang='lat' dir='ltr'>po-</span> 
     </span>
     <span class='ocr_line' id='line_1_31' title="bbox 222 3243 1874 3324; baseline -0.005 -12"><span class='ocrx_word' id='word_1_328' title='bbox 222 3262 282 3324; x_wconf 81' lang='lat' dir='ltr'>per</span> <span class='ocrx_word' id='word_1_329' title='bbox 310 3260 346 3306; x_wconf 79' lang='lat' dir='ltr'>se</span> <span class='ocrx_word' id='word_1_330' title='bbox 371 3246 424 3305; x_wconf 73' lang='lat' dir='ltr'>vol</span> <span class='ocrx_word' id='word_1_331' title='bbox 449 3244 697 3322; x_wconf 74' lang='lat' dir='ltr'>procuratorem</span> <span class='ocrx_word' id='word_1_332' title='bbox 723 3243 879 3305; x_wconf 78' lang='lat' dir='ltr'>id0n011m</span> <span class='ocrx_word' id='word_1_333' title='bbox 900 3258 1018 3321; x_wconf 72' lang='lat' dir='ltr'>prose·</span> <span class='ocrx_word' id='word_1_334' title='bbox 1071 3249 1215 3321; x_wconf 88' lang='lat' dir='ltr'>tueritis,</span> <span class='ocrx_word' id='word_1_335' title='bbox 1232 3247 1297 3309; x_wconf 91' lang='lat' dir='ltr'>duo</span> <span class='ocrx_word' id='word_1_336' title='bbox 1315 3248 1516 3310; x_wconf 78' lang='lat' dir='ltr'>vestrumea</span> <span class='ocrx_word' id='word_1_337' title='bbox 1533 3245 1750 3307; x_wconf 90' lang='lat' dir='ltr'>nihilominus</span> <span class='ocrx_word' id='word_1_338' title='bbox 1768 3260 1874 3306; x_wconf 82' lang='lat' dir='ltr'>exse-</span> 
     </span>
     <span class='ocr_line' id='line_1_32' title="bbox 223 3340 1874 3426; baseline -0.003 -20"><span class='ocrx_word' id='word_1_339' title='bbox 223 3344 330 3411; x_wconf 87' lang='lat' dir='ltr'>cutus,</span> <span class='ocrx_word' id='word_1_340' title='bbox 346 3358 449 3420; x_wconf 86' lang='lat' dir='ltr'>quare</span> <span class='ocrx_word' id='word_1_341' title='bbox 464 3341 591 3403; x_wconf 90' lang='lat' dir='ltr'>nullum</span> <span class='ocrx_word' id='word_1_342' title='bbox 606 3340 719 3404; x_wconf 90' lang='lat' dir='ltr'>debuit</span> <span class='ocrx_word' id='word_1_343' title='bbox 730 3340 770 3403; x_wconf 91' lang='lat' dir='ltr'>de</span> <span class='ocrx_word' id='word_1_344' title='bbox 792 3340 1017 3418; x_wconf 90' lang='lat' dir='ltr'>appellatione</span> <span class='ocrx_word' id='word_1_345' title='bbox 1072 3346 1226 3426; x_wconf 89' lang='lat' dir='ltr'>quantur.</span> <span class='ocrx_word' id='word_1_346' title='bbox 1251 3346 1371 3407; x_wconf 88' lang='lat' dir='ltr'>Datum</span> <span class='ocrx_word' id='word_1_347' title='bbox 1392 3347 1505 3408; x_wconf 87' lang='lat' dir='ltr'>Romae</span> <span class='ocrx_word' id='word_1_348' title='bbox 1520 3342 1607 3421; x_wconf 91' lang='lat' dir='ltr'>apud</span> <span class='ocrx_word' id='word_1_349' title='bbox 1630 3343 1788 3404; x_wconf 87' lang='lat' dir='ltr'>Sanctum</span> <span class='ocrx_word' id='word_1_350' title='bbox 1802 3344 1874 3402; x_wconf 87' lang='lat' dir='ltr'>Pe-</span> 
     </span>
     <span class='ocr_line' id='line_1_33' title="bbox 222 3437 1872 3520; baseline -0.008 -7"><span class='ocrx_word' id='word_1_351' title='bbox 222 3442 296 3520; x_wconf 85' lang='lat' dir='ltr'>ipsa</span> <span class='ocrx_word' id='word_1_352' title='bbox 322 3439 529 3502; x_wconf 83' lang='lat' dir='ltr'>commodum</span> <span class='ocrx_word' id='word_1_353' title='bbox 551 3440 733 3517; x_wconf 73' lang='lat' dir='ltr'>reportare,</span> <span class='ocrx_word' id='word_1_354' title='bbox 764 3455 865 3517; x_wconf 84' lang='lat' dir='ltr'>quum</span> <span class='ocrx_word' id='word_1_355' title='bbox 884 3454 951 3500; x_wconf 86' lang='lat' dir='ltr'>non</span> <span class='ocrx_word' id='word_1_356' title='bbox 975 3437 1017 3499; x_wconf 87' lang='lat' dir='ltr'>ad</span> <span class='ocrx_word' id='word_1_357' title='bbox 1071 3444 1171 3517; x_wconf 83' lang='lat' dir='ltr'>trum,</span> <span class='ocrx_word' id='word_1_358' title='bbox 1192 3445 1268 3505; x_wconf 80' lang='lat' dir='ltr'>vnr</span> <span class='ocrx_word' id='word_1_359' title='bbox 1288 3440 1423 3503; x_wconf 77' lang='lat' dir='ltr'>kalend.</span> <span class='ocrx_word' id='word_1_360' title='bbox 1445 3439 1872 3518; x_wconf 77' lang='lat' dir='ltr'>necemur1s‚p0ntlfleatus</span> 
     </span>
     <span class='ocr_line' id='line_1_34' title="bbox 223 3535 1415 3617; baseline -0.003 -17"><span class='ocrx_word' id='word_1_361' title='bbox 223 3555 294 3601; x_wconf 89' lang='lat' dir='ltr'>suae</span> <span class='ocrx_word' id='word_1_362' title='bbox 312 3536 538 3616; x_wconf 88' lang='lat' dir='ltr'>oppressionis</span> <span class='ocrx_word' id='word_1_363' title='bbox 551 3535 746 3609; x_wconf 89' lang='lat' dir='ltr'>subsidium,</span> <span class='ocrx_word' id='word_1_364' title='bbox 763 3536 821 3598; x_wconf 90' lang='lat' dir='ltr'>sed</span> <span class='ocrx_word' id='word_1_365' title='bbox 836 3535 877 3597; x_wconf 90' lang='lat' dir='ltr'>ad</span> <span class='ocrx_word' id='word_1_366' title='bbox 892 3535 1019 3614; x_wconf 86' lang='lat' dir='ltr'>iniqui·</span> <span class='ocrx_word' id='word_1_367' title='bbox 1072 3541 1178 3605; x_wconf 81' lang='lat' dir='ltr'>nostri</span> <span class='ocrx_word' id='word_1_368' title='bbox 1193 3555 1281 3601; x_wconf 77' lang='lat' dir='ltr'>anno</span> <span class='ocrx_word' id='word_1_369' title='bbox 1295 3539 1415 3617; x_wconf 89' lang='lat' dir='ltr'>primo.</span> 
     </span>
    </p>

    <p class='ocr_par' dir='ltr' id='par_1_3' title="bbox 223 3633 1018 3714">
     <span class='ocr_line' id='line_1_35' title="bbox 223 3633 1018 3714; baseline -0.005 -14"><span class='ocrx_word' id='word_1_370' title='bbox 223 3636 301 3700; x_wconf 84' lang='lat' dir='ltr'>tatis</span> <span class='ocrx_word' id='word_1_371' title='bbox 326 3634 519 3714; x_wconf 84' lang='lat' dir='ltr'>praesidium</span> <span class='ocrx_word' id='word_1_372' title='bbox 546 3634 678 3696; x_wconf 84' lang='lat' dir='ltr'>duxerit</span> <span class='ocrx_word' id='word_1_373' title='bbox 698 3633 942 3712; x_wconf 89' lang='lat' dir='ltr'>appellandum.</span> <span class='ocrx_word' id='word_1_374' title='bbox 968 3634 1018 3696; x_wconf 85' lang='lat' dir='ltr'>Ad</span> 
     </span>
    </p>

    <p class='ocr_par' dir='ltr' id='par_1_4' title="bbox 223 3731 1018 3813">
     <span class='ocr_line' id='line_1_36' title="bbox 223 3731 1018 3813; baseline -0.005 -16"><span class='ocrx_word' id='word_1_375' title='bbox 223 3733 429 3813; x_wconf 91' lang='lat' dir='ltr'>probandum</span> <span class='ocrx_word' id='word_1_376' title='bbox 445 3735 556 3794; x_wconf 88' lang='lat' dir='ltr'>autem</span> <span class='ocrx_word' id='word_1_377' title='bbox 571 3731 763 3809; x_wconf 88' lang='lat' dir='ltr'>episcopum</span> <span class='ocrx_word' id='word_1_378' title='bbox 785 3732 1018 3794; x_wconf 83' lang='lat' dir='ltr'>excommuni-</span> 
     </span>
    </p>

    <p class='ocr_par' dir='ltr' id='par_1_5' title="bbox 223 3789 1532 3909">
     <span class='ocr_line' id='line_1_37' title="bbox 223 3789 1532 3909; baseline -0.005 -14"><span class='ocrx_word' id='word_1_379' title='bbox 223 3833 333 3895; x_wconf 88' lang='lat' dir='ltr'>catum</span> <span class='ocrx_word' id='word_1_380' title='bbox 346 3831 495 3909; x_wconf 88' lang='lat' dir='ltr'>tempore</span> <span class='ocrx_word' id='word_1_381' title='bbox 508 3830 696 3893; x_wconf 84' lang='lat' dir='ltr'>collationis</span> <span class='ocrx_word' id='word_1_382' title='bbox 710 3829 824 3902; x_wconf 75' lang='lat' dir='ltr'>risisse,</span> <span class='ocrx_word' id='word_1_383' title='bbox 834 3830 903 3892; x_wconf 90' lang='lat' dir='ltr'>tam</span> <span class='ocrx_word' id='word_1_384' title='bbox 916 3830 1019 3892; x_wconf 89' lang='lat' dir='ltr'>testes</span> <span class='ocrx_word' id='word_1_385' title='bbox 1409 3789 1532 3876; x_wconf 69' lang='lat' dir='ltr'>LXIX</span> 
     </span>
    </p>

    <p class='ocr_par' dir='ltr' id='par_1_6' title="bbox 194 3927 1635 4008">
     <span class='ocr_line' id='line_1_38' title="bbox 194 3927 1635 4008; baseline -0.006 -15"><span class='ocrx_word' id='word_1_386' title='bbox 194 3930 371 4002; x_wconf 71' lang='lat' dir='ltr'>induxit,</span> <span class='ocrx_word' id='word_1_387' title='bbox 398 3944 497 4007; x_wconf 84' lang='lat' dir='ltr'>quam</span> <span class='ocrx_word' id='word_1_388' title='bbox 524 3928 652 3991; x_wconf 86' lang='lat' dir='ltr'>litteras</span> <span class='ocrx_word' id='word_1_389' title='bbox 676 3927 918 4005; x_wconf 85' lang='lat' dir='ltr'>archiepiscopi</span> <span class='ocrx_word' id='word_1_390' title='bbox 948 3943 1021 3989; x_wconf 90' lang='lat' dir='ltr'>me-</span> <span class='ocrx_word' id='word_1_391' title='bbox 1574 3996 1579 4007; x_wconf 38' lang='lat'>·</span> <span class='ocrx_word' id='word_1_392' title='bbox 1629 3995 1635 4008; x_wconf 32' lang='lat'>⁸</span> 
     </span>
    </p>

    <p class='ocr_par' dir='ltr' id='par_1_7' title="bbox 223 3997 1778 4200">
     <span class='ocr_line' id='line_1_39' title="bbox 223 3997 1778 4103; baseline -0.003 -13"><span class='ocrx_word' id='word_1_393' title='bbox 223 4029 354 4091; x_wconf 88' lang='lat' dir='ltr'>morati.</span> <span class='ocrx_word' id='word_1_394' title='bbox 376 4030 482 4100; x_wconf 90' lang='lat' dir='ltr'>Quum</span> <span class='ocrx_word' id='word_1_395' title='bbox 497 4026 606 4088; x_wconf 90' lang='lat' dir='ltr'>autem</span> <span class='ocrx_word' id='word_1_396' title='bbox 619 4026 691 4088; x_wconf 89' lang='lat' dir='ltr'>haec</span> <span class='ocrx_word' id='word_1_397' title='bbox 713 4026 746 4088; x_wconf 92' lang='lat' dir='ltr'>et</span> <span class='ocrx_word' id='word_1_398' title='bbox 762 4026 829 4087; x_wconf 88' lang='lat' dir='ltr'>alia</span> <span class='ocrx_word' id='word_1_399' title='bbox 849 4026 1020 4103; x_wconf 88' lang='lat' dir='ltr'>proposita</span> <span class='ocrx_word' id='word_1_400' title='bbox 1167 4000 1219 4058; x_wconf 80' lang='lat' dir='ltr'>Ad</span> <span class='ocrx_word' id='word_1_401' title='bbox 1239 3997 1461 4057; x_wconf 55' lang='lat' dir='ltr'><strong><em>Bermffum</em></strong></span> <span class='ocrx_word' id='word_1_402' title='bbox 1481 3997 1778 4067; x_wconf 60' lang='lat' dir='ltr'><em>arcmepwfflpum</em></span> 
     </span>
     <span class='ocr_line' id='line_1_40' title="bbox 223 4095 1584 4200; baseline -0.003 -13"><span class='ocrx_word' id='word_1_403' title='bbox 223 4126 365 4187; x_wconf 81' lang='lat' dir='ltr'>luissent</span> <span class='ocrx_word' id='word_1_404' title='bbox 377 4140 488 4186; x_wconf 84' lang='lat' dir='ltr'>coram</span> <span class='ocrx_word' id='word_1_405' title='bbox 503 4124 704 4185; x_wconf 90' lang='lat' dir='ltr'>subdiacono</span> <span class='ocrx_word' id='word_1_406' title='bbox 718 4123 906 4200; x_wconf 88' lang='lat' dir='ltr'>supradicto</span> <span class='ocrx_word' id='word_1_407' title='bbox 919 4122 1020 4184; x_wconf 91' lang='lat' dir='ltr'>idem·</span> <span class='ocrx_word' id='word_1_408' title='bbox 1359 4095 1584 4154; x_wconf 56' lang='lat' dir='ltr'>omnm</span> 
     </span>
    </p>

    <p class='ocr_par' dir='ltr' id='par_1_8' title="bbox 225 4203 1575 4301">
     <span class='ocr_line' id='line_1_41' title="bbox 225 4203 1575 4301; baseline -0.001 -18"><span class='ocrx_word' id='word_1_409' title='bbox 225 4238 288 4301; x_wconf 87' lang='lat' dir='ltr'>que</span> <span class='ocrx_word' id='word_1_410' title='bbox 311 4237 377 4283; x_wconf 90' lang='lat' dir='ltr'>non</span> <span class='ocrx_word' id='word_1_411' title='bbox 398 4221 560 4298; x_wconf 90' lang='lat' dir='ltr'>potuisset</span> <span class='ocrx_word' id='word_1_412' title='bbox 577 4221 712 4299; x_wconf 90' lang='lat' dir='ltr'>propter</span> <span class='ocrx_word' id='word_1_413' title='bbox 726 4219 910 4282; x_wconf 89' lang='lat' dir='ltr'>absentiam</span> <span class='ocrx_word' id='word_1_414' title='bbox 925 4237 1019 4282; x_wconf 89' lang='lat' dir='ltr'>suam</span> <span class='ocrx_word' id='word_1_415' title='bbox 1370 4204 1405 4262; x_wconf 74' lang='lat'>²⁶</span> <span class='ocrx_word' id='word_1_416' title='bbox 1415 4218 1481 4261; x_wconf 57' lang='grc' dir='ltr'>ΠΟΥ·</span> <span class='ocrx_word' id='word_1_417' title='bbox 1495 4203 1575 4261; x_wconf 73' lang='lat'>¹²¹⁶·</span> 
     </span>
    </p>
   </div>
   <div class='ocr_carea' id='block_1_3' title="bbox 224 4317 1816 4489">
    <p class='ocr_par' dir='ltr' id='par_1_9' title="bbox 224 4317 1816 4489">
     <span class='ocr_line' id='line_1_42' title="bbox 224 4317 1816 4395; baseline -0.004 -14"><span class='ocrx_word' id='word_1_418' title='bbox 224 4318 380 4381; x_wconf 87' lang='lat' dir='ltr'>meritum</span> <span class='ocrx_word' id='word_1_419' title='bbox 395 4317 500 4394; x_wconf 88' lang='lat' dir='ltr'>ipsius</span> <span class='ocrx_word' id='word_1_420' title='bbox 524 4333 633 4379; x_wconf 88' lang='lat' dir='ltr'>causae</span> <span class='ocrx_word' id='word_1_421' title='bbox 653 4318 892 4395; x_wconf 85' lang='lat' dir='ltr'>praedecessori</span> <span class='ocrx_word' id='word_1_422' title='bbox 906 4320 1019 4380; x_wconf 90' lang='lat' dir='ltr'>nostro</span> <span class='ocrx_word' id='word_1_423' title='bbox 1126 4328 1255 4393; x_wconf 61' lang='lat' dir='ltr'>[rusinae</span> <span class='ocrx_word' id='word_1_424' title='bbox 1270 4330 1435 4381; x_wconf 78' lang='lat' dir='ltr'>monuments</span> <span class='ocrx_word' id='word_1_425' title='bbox 1447 4324 1588 4390; x_wconf 65' lang='lat' dir='ltr'>flunprie,</span> <span class='ocrx_word' id='word_1_426' title='bbox 1602 4331 1623 4376; x_wconf 85' lang='lat' dir='ltr'>t.</span> <span class='ocrx_word' id='word_1_427' title='bbox 1636 4326 1656 4383; x_wconf 90' lang='lat' dir='ltr'>l,</span> <span class='ocrx_word' id='word_1_428' title='bbox 1668 4339 1695 4390; x_wconf 83' lang='lat' dir='ltr'>p.</span> <span class='ocrx_word' id='word_1_429' title='bbox 1706 4324 1731 4385; x_wconf 80' lang='lat' dir='ltr'>l,</span> <span class='ocrx_word' id='word_1_430' title='bbox 1743 4339 1769 4375; x_wconf 83' lang='lat' dir='ltr'>n.</span> <span class='ocrx_word' id='word_1_431' title='bbox 1780 4324 1816 4389; x_wconf 66' lang='lat' dir='ltr'>a}</span> 
     </span>
     <span class='ocr_line' id='line_1_43' title="bbox 224 4410 1020 4489; baseline -0.001 -14"><span class='ocrx_word' id='word_1_432' title='bbox 224 4412 361 4485; x_wconf 80' lang='lat' dir='ltr'>reterre,</span> <span class='ocrx_word' id='word_1_433' title='bbox 385 4411 491 4473; x_wconf 89' lang='lat' dir='ltr'>dictus</span> <span class='ocrx_word' id='word_1_434' title='bbox 513 4410 738 4488; x_wconf 87' lang='lat' dir='ltr'>praedecessor</span> <span class='ocrx_word' id='word_1_435' title='bbox 755 4428 890 4474; x_wconf 85' lang='lat' dir='ltr'>causam</span> <span class='ocrx_word' id='word_1_436' title='bbox 913 4412 1020 4489; x_wconf 91' lang='lat' dir='ltr'>ipsam</span> 
     </span>
    </p>
   </div>
   <div class='ocr_carea' id='block_1_4' title="bbox 225 4508 1874 5663">
    <p class='ocr_par' dir='ltr' id='par_1_10' title="bbox 225 4508 1874 5077">
     <span class='ocr_line' id='line_1_44' title="bbox 226 4508 1020 4588; baseline -0.004 -14"><span class='ocrx_word' id='word_1_437' title='bbox 226 4509 411 4574; x_wconf 79' lang='lat' dir='ltr'>venerabili</span> <span class='ocrx_word' id='word_1_438' title='bbox 434 4508 531 4570; x_wconf 81' lang='lat' dir='ltr'>tratri</span> <span class='ocrx_word' id='word_1_439' title='bbox 551 4509 665 4570; x_wconf 91' lang='lat' dir='ltr'>nostro</span> <span class='ocrx_word' id='word_1_440' title='bbox 687 4508 848 4570; x_wconf 86' lang='lat' dir='ltr'>Albanen.</span> <span class='ocrx_word' id='word_1_441' title='bbox 865 4511 1020 4588; x_wconf 89' lang='lat' dir='ltr'>episcopo</span> 
     </span>
     <span class='ocr_line' id='line_1_45' title="bbox 226 4605 1019 4685; baseline -0.004 -13"><span class='ocrx_word' id='word_1_442' title='bbox 226 4608 393 4673; x_wconf 88' lang='lat' dir='ltr'>commisit</span> <span class='ocrx_word' id='word_1_443' title='bbox 406 4607 527 4669; x_wconf 87' lang='lat' dir='ltr'>iterum</span> <span class='ocrx_word' id='word_1_444' title='bbox 541 4605 752 4680; x_wconf 88' lang='lat' dir='ltr'>audiendam,</span> <span class='ocrx_word' id='word_1_445' title='bbox 768 4608 803 4668; x_wconf 93' lang='lat' dir='ltr'>in</span> <span class='ocrx_word' id='word_1_446' title='bbox 817 4611 913 4685; x_wconf 86' lang='lat' dir='ltr'>cujus</span> <span class='ocrx_word' id='word_1_447' title='bbox 928 4624 1019 4684; x_wconf 87' lang='lat' dir='ltr'>pree-</span> 
     </span>
     <span class='ocr_line' id='line_1_46' title="bbox 226 4703 1022 4785; baseline -0.004 -15"><span class='ocrx_word' id='word_1_448' title='bbox 226 4708 333 4770; x_wconf 87' lang='lat' dir='ltr'>sentia</span> <span class='ocrx_word' id='word_1_449' title='bbox 347 4705 514 4785; x_wconf 88' lang='lat' dir='ltr'>praedictis</span> <span class='ocrx_word' id='word_1_450' title='bbox 529 4703 681 4766; x_wconf 90' lang='lat' dir='ltr'>omnibus</span> <span class='ocrx_word' id='word_1_451' title='bbox 697 4703 932 4767; x_wconf 80' lang='lat' dir='ltr'>sufficientera</span> <span class='ocrx_word' id='word_1_452' title='bbox 949 4721 1022 4783; x_wconf 88' lang='lat' dir='ltr'>par·</span> 
     </span>
     <span class='ocr_line' id='line_1_47' title="bbox 225 4787 1874 4883; baseline -0.013 -15"><span class='ocrx_word' id='word_1_453' title='bbox 225 4806 314 4868; x_wconf 90' lang='lat' dir='ltr'>tibus</span> <span class='ocrx_word' id='word_1_454' title='bbox 338 4805 493 4881; x_wconf 79' lang='lat' dir='ltr'>allegatis</span> <span class='ocrx_word' id='word_1_455' title='bbox 509 4806 542 4865; x_wconf 89' lang='lat' dir='ltr'>et</span> <span class='ocrx_word' id='word_1_456' title='bbox 558 4818 660 4865; x_wconf 89' lang='lat' dir='ltr'>eausa</span> <span class='ocrx_word' id='word_1_457' title='bbox 679 4804 777 4883; x_wconf 84' lang='lat' dir='ltr'>plene</span> <span class='ocrx_word' id='word_1_458' title='bbox 791 4804 943 4865; x_wconf 89' lang='lat' dir='ltr'>discussa</span> <span class='ocrx_word' id='word_1_459' title='bbox 964 4818 1023 4864; x_wconf 87' lang='lat' dir='ltr'>eo-</span> <span class='ocrx_word' id='word_1_460' title='bbox 1115 4795 1283 4857; x_wconf 89' lang='lat' dir='ltr'>Honorius</span> <span class='ocrx_word' id='word_1_461' title='bbox 1305 4792 1479 4869; x_wconf 88' lang='lat' dir='ltr'>episcopus</span> <span class='ocrx_word' id='word_1_462' title='bbox 1497 4791 1572 4863; x_wconf 80' lang='lat' dir='ltr'>ete,</span> <span class='ocrx_word' id='word_1_463' title='bbox 1594 4787 1781 4851; x_wconf 79' lang='lat' dir='ltr'>venerabili</span> <span class='ocrx_word' id='word_1_464' title='bbox 1802 4787 1874 4847; x_wconf 86' lang='lat' dir='ltr'>sra-</span> 
     </span>
     <span class='ocr_line' id='line_1_48' title="bbox 227 4885 1874 4980; baseline -0.011 -16"><span class='ocrx_word' id='word_1_465' title='bbox 227 4903 301 4964; x_wconf 91' lang='lat' dir='ltr'>dem</span> <span class='ocrx_word' id='word_1_466' title='bbox 317 4902 561 4980; x_wconf 88' lang='lat' dir='ltr'>praedecessore</span> <span class='ocrx_word' id='word_1_467' title='bbox 574 4902 828 4963; x_wconf 88' lang='lat' dir='ltr'>nostrointerim</span> <span class='ocrx_word' id='word_1_468' title='bbox 840 4902 929 4963; x_wconf 72' lang='lat' dir='ltr'>mam</span> <span class='ocrx_word' id='word_1_469' title='bbox 942 4901 1022 4962; x_wconf 90' lang='lat' dir='ltr'>uni·</span> <span class='ocrx_word' id='word_1_470' title='bbox 1075 4894 1182 4957; x_wconf 87' lang='lat' dir='ltr'>tri.....</span> <span class='ocrx_word' id='word_1_471' title='bbox 1191 4890 1407 4966; x_wconf 85' lang='lat' dir='ltr'>Arcbiepisco</span> <span class='ocrx_word' id='word_1_472' title='bbox 1413 4887 1584 4950; x_wconf 80' lang='lat' dir='ltr'>colocensi</span> <span class='ocrx_word' id='word_1_473' title='bbox 1592 4885 1732 4947; x_wconf 90' lang='lat' dir='ltr'>salutem</span> <span class='ocrx_word' id='word_1_474' title='bbox 1738 4885 1771 4947; x_wconf 92' lang='lat' dir='ltr'>et</span> <span class='ocrx_word' id='word_1_475' title='bbox 1778 4899 1874 4963; x_wconf 90' lang='lat' dir='ltr'>apos·</span> 
     </span>
     <span class='ocr_line' id='line_1_49' title="bbox 227 4987 1495 5077; baseline -0.013 -16"><span class='ocrx_word' id='word_1_476' title='bbox 227 5016 336 5061; x_wconf 80' lang='lat' dir='ltr'>versae</span> <span class='ocrx_word' id='word_1_477' title='bbox 350 5001 462 5062; x_wconf 86' lang='lat' dir='ltr'>carnis</span> <span class='ocrx_word' id='word_1_478' title='bbox 485 5000 649 5077; x_wconf 78' lang='lat' dir='ltr'>ingresso,</span> <span class='ocrx_word' id='word_1_479' title='bbox 673 5000 870 5076; x_wconf 70' lang='lat' dir='ltr'>sepedictus</span> <span class='ocrx_word' id='word_1_480' title='bbox 891 5002 915 5060; x_wconf 91' lang='lat' dir='ltr'>l.</span> <span class='ocrx_word' id='word_1_481' title='bbox 941 5014 1022 5077; x_wconf 90' lang='lat' dir='ltr'>pro·</span> <span class='ocrx_word' id='word_1_482' title='bbox 1076 4992 1210 5053; x_wconf 90' lang='lat' dir='ltr'>tolicam</span> <span class='ocrx_word' id='word_1_483' title='bbox 1221 4987 1495 5050; x_wconf 89' lang='lat' dir='ltr'>benedictionem.</span> 
     </span>
    </p>

    <p class='ocr_par' dir='ltr' id='par_1_11' title="bbox 228 5080 1872 5663">
     <span class='ocr_line' id='line_1_50' title="bbox 229 5080 1871 5175; baseline -0.012 -15"><span class='ocrx_word' id='word_1_484' title='bbox 229 5098 383 5160; x_wconf 89' lang='lat' dir='ltr'>curatore</span> <span class='ocrx_word' id='word_1_485' title='bbox 394 5098 522 5160; x_wconf 90' lang='lat' dir='ltr'>tantum</span> <span class='ocrx_word' id='word_1_486' title='bbox 534 5098 576 5159; x_wconf 92' lang='lat' dir='ltr'>ad</span> <span class='ocrx_word' id='word_1_487' title='bbox 591 5098 834 5175; x_wconf 89' lang='lat' dir='ltr'>impetrandum</span> <span class='ocrx_word' id='word_1_488' title='bbox 849 5099 883 5160; x_wconf 90' lang='lat' dir='ltr'>et</span> <span class='ocrx_word' id='word_1_489' title='bbox 894 5098 1024 5159; x_wconf 89' lang='lat' dir='ltr'>contra-</span> <span class='ocrx_word' id='word_1_490' title='bbox 1117 5091 1225 5166; x_wconf 85' lang='lat' dir='ltr'>Super</span> <span class='ocrx_word' id='word_1_491' title='bbox 1246 5084 1406 5147; x_wconf 85' lang='lat' dir='ltr'>familiam</span> <span class='ocrx_word' id='word_1_492' title='bbox 1421 5080 1551 5145; x_wconf 87' lang='lat' dir='ltr'>Domini</span> <span class='ocrx_word' id='word_1_493' title='bbox 1576 5080 1774 5143; x_wconf 88' lang='lat' dir='ltr'>constitutus</span> <span class='ocrx_word' id='word_1_494' title='bbox 1801 5080 1871 5141; x_wconf 89' lang='lat' dir='ltr'>cir-</span> 
     </span>
     <span class='ocr_line' id='line_1_51' title="bbox 228 5177 1872 5273; baseline -0.007 -17"><span class='ocrx_word' id='word_1_495' title='bbox 228 5195 403 5257; x_wconf 87' lang='lat' dir='ltr'>dieendum</span> <span class='ocrx_word' id='word_1_496' title='bbox 424 5194 573 5267; x_wconf 89' lang='lat' dir='ltr'>dimisso,</span> <span class='ocrx_word' id='word_1_497' title='bbox 597 5195 733 5256; x_wconf 88' lang='lat' dir='ltr'>licentia</span> <span class='ocrx_word' id='word_1_498' title='bbox 752 5211 818 5257; x_wconf 90' lang='lat' dir='ltr'>non</span> <span class='ocrx_word' id='word_1_499' title='bbox 833 5195 1020 5273; x_wconf 87' lang='lat' dir='ltr'>impetrata,</span> <span class='ocrx_word' id='word_1_500' title='bbox 1077 5185 1321 5264; x_wconf 84' lang='lat' dir='ltr'>cumspectione</span> <span class='ocrx_word' id='word_1_501' title='bbox 1349 5181 1449 5243; x_wconf 80' lang='lat' dir='ltr'>debes</span> <span class='ocrx_word' id='word_1_502' title='bbox 1473 5179 1616 5241; x_wconf 74' lang='lat' dir='ltr'>sollicita</span> <span class='ocrx_word' id='word_1_503' title='bbox 1641 5177 1813 5247; x_wconf 73' lang='lat' dir='ltr'>meditari,</span> <span class='ocrx_word' id='word_1_504' title='bbox 1840 5178 1872 5238; x_wconf 75' lang='lat' dir='ltr'>et</span> 
     </span>
     <span class='ocr_line' id='line_1_52' title="bbox 228 5274 1871 5369; baseline -0.013 -13"><span class='ocrx_word' id='word_1_505' title='bbox 228 5292 378 5356; x_wconf 89' lang='lat' dir='ltr'>recessit.</span> <span class='ocrx_word' id='word_1_506' title='bbox 394 5292 601 5369; x_wconf 72' lang='lat' dir='ltr'>litquoniam</span> <span class='ocrx_word' id='word_1_507' title='bbox 616 5292 658 5355; x_wconf 92' lang='lat' dir='ltr'>lis</span> <span class='ocrx_word' id='word_1_508' title='bbox 672 5293 781 5355; x_wconf 84' lang='lat' dir='ltr'>tuerat</span> <span class='ocrx_word' id='word_1_509' title='bbox 794 5294 980 5356; x_wconf 88' lang='lat' dir='ltr'>contestata</span> <span class='ocrx_word' id='word_1_510' title='bbox 990 5292 1024 5354; x_wconf 93' lang='lat' dir='ltr'>et</span> <span class='ocrx_word' id='word_1_511' title='bbox 1077 5285 1243 5362; x_wconf 87' lang='lat' dir='ltr'>respicere</span> <span class='ocrx_word' id='word_1_512' title='bbox 1271 5280 1390 5342; x_wconf 89' lang='lat' dir='ltr'>merita</span> <span class='ocrx_word' id='word_1_513' title='bbox 1413 5278 1631 5348; x_wconf 90' lang='lat' dir='ltr'>subditorum,</span> <span class='ocrx_word' id='word_1_514' title='bbox 1661 5277 1698 5337; x_wconf 91' lang='lat' dir='ltr'>ut</span> <span class='ocrx_word' id='word_1_515' title='bbox 1730 5274 1871 5351; x_wconf 79' lang='lat' dir='ltr'>singulis</span> 
     </span>
     <span class='ocr_line' id='line_1_53' title="bbox 228 5373 1872 5468; baseline -0.012 -15"><span class='ocrx_word' id='word_1_516' title='bbox 228 5393 297 5453; x_wconf 83' lang='lat' dir='ltr'>tam</span> <span class='ocrx_word' id='word_1_517' title='bbox 316 5390 357 5450; x_wconf 89' lang='lat' dir='ltr'>de</span> <span class='ocrx_word' id='word_1_518' title='bbox 375 5404 477 5452; x_wconf 86' lang='lat' dir='ltr'>causa</span> <span class='ocrx_word' id='word_1_519' title='bbox 497 5389 565 5450; x_wconf 91' lang='lat' dir='ltr'>tam</span> <span class='ocrx_word' id='word_1_520' title='bbox 586 5405 647 5467; x_wconf 90' lang='lat' dir='ltr'>per</span> <span class='ocrx_word' id='word_1_521' title='bbox 659 5392 762 5453; x_wconf 90' lang='lat' dir='ltr'>testes</span> <span class='ocrx_word' id='word_1_522' title='bbox 776 5406 876 5468; x_wconf 86' lang='lat' dir='ltr'>quam</span> <span class='ocrx_word' id='word_1_523' title='bbox 891 5405 950 5468; x_wconf 89' lang='lat' dir='ltr'>per</span> <span class='ocrx_word' id='word_1_524' title='bbox 964 5390 1021 5451; x_wconf 91' lang='lat' dir='ltr'>in-</span> <span class='ocrx_word' id='word_1_525' title='bbox 1078 5383 1258 5444; x_wconf 88' lang='lat' dir='ltr'>secundum</span> <span class='ocrx_word' id='word_1_526' title='bbox 1277 5377 1507 5441; x_wconf 85' lang='lat' dir='ltr'>necessitatem</span> <span class='ocrx_word' id='word_1_527' title='bbox 1531 5374 1699 5453; x_wconf 90' lang='lat' dir='ltr'>propriam</span> <span class='ocrx_word' id='word_1_528' title='bbox 1714 5374 1748 5435; x_wconf 91' lang='lat' dir='ltr'>et</span> <span class='ocrx_word' id='word_1_529' title='bbox 1765 5373 1872 5434; x_wconf 78' lang='lat' dir='ltr'>virtu-</span> 
     </span>
     <span class='ocr_line' id='line_1_54' title="bbox 231 5470 1869 5567; baseline -0.011 -18"><span class='ocrx_word' id='word_1_530' title='bbox 231 5489 415 5550; x_wconf 84' lang='lat' dir='ltr'>strumenta</span> <span class='ocrx_word' id='word_1_531' title='bbox 429 5486 587 5566; x_wconf 86' lang='lat' dir='ltr'>liquebat,</span> <span class='ocrx_word' id='word_1_532' title='bbox 599 5503 677 5565; x_wconf 91' lang='lat' dir='ltr'>pars</span> <span class='ocrx_word' id='word_1_533' title='bbox 695 5489 876 5567; x_wconf 90' lang='lat' dir='ltr'>praepositi,</span> <span class='ocrx_word' id='word_1_534' title='bbox 897 5503 1022 5567; x_wconf 87' lang='lat' dir='ltr'>procu·</span> <span class='ocrx_word' id='word_1_535' title='bbox 1077 5482 1143 5543; x_wconf 88' lang='lat' dir='ltr'>tem</span> <span class='ocrx_word' id='word_1_536' title='bbox 1165 5477 1328 5556; x_wconf 88' lang='lat' dir='ltr'>stipendia</span> <span class='ocrx_word' id='word_1_537' title='bbox 1347 5473 1551 5538; x_wconf 87' lang='lat' dir='ltr'>baereditatis</span> <span class='ocrx_word' id='word_1_538' title='bbox 1563 5471 1739 5534; x_wconf 88' lang='lat' dir='ltr'>dominicse</span> <span class='ocrx_word' id='word_1_539' title='bbox 1754 5470 1869 5532; x_wconf 90' lang='lat' dir='ltr'>distri-</span> 
     </span>
     <span class='ocr_line' id='line_1_55' title="bbox 231 5567 1869 5663; baseline -0.003 -20"><span class='ocrx_word' id='word_1_540' title='bbox 231 5586 342 5644; x_wconf 90' lang='lat' dir='ltr'>ratore</span> <span class='ocrx_word' id='word_1_541' title='bbox 364 5585 470 5659; x_wconf 88' lang='lat' dir='ltr'>partis</span> <span class='ocrx_word' id='word_1_542' title='bbox 498 5585 649 5647; x_wconf 70' lang='lat' dir='ltr'>adverse</span> <span class='ocrx_word' id='word_1_543' title='bbox 663 5586 809 5662; x_wconf 89' lang='lat' dir='ltr'>repulso,</span> <span class='ocrx_word' id='word_1_544' title='bbox 831 5602 931 5663; x_wconf 83' lang='lat' dir='ltr'>quum</span> <span class='ocrx_word' id='word_1_545' title='bbox 956 5602 1023 5647; x_wconf 91' lang='lat' dir='ltr'>non</span> <span class='ocrx_word' id='word_1_546' title='bbox 1078 5574 1489 5653; x_wconf 69' lang='lat' dir='ltr'>bllasael¹1³¹³ss00·011m</span> <span class='ocrx_word' id='word_1_547' title='bbox 1512 5569 1625 5647; x_wconf 64' lang='lat' dir='ltr'>igitur,</span> <span class='ocrx_word' id='word_1_548' title='bbox 1642 5569 1730 5629; x_wconf 66' lang='lat' dir='ltr'>Sicut</span> <span class='ocrx_word' id='word_1_549' title='bbox 1750 5567 1869 5629; x_wconf 64' lang='lat' dir='ltr'>nostris</span> 
     </span>
    </p>
   </div>
   <div class='ocr_carea' id='block_1_5' title="bbox 1074 4466 1874 4725">
    <p class='ocr_par' dir='ltr' id='par_1_12' title="bbox 1074 4466 1874 4725">
     <span class='ocr_line' id='line_1_56' title="bbox 1074 4466 1870 4546; baseline -0.014 -13"><span class='ocrx_word' id='word_1_550' title='bbox 1074 4474 1297 4546; x_wconf 82' lang='lat' dir='ltr'>Areniepisoopo</span> <span class='ocrx_word' id='word_1_551' title='bbox 1311 4470 1470 4540; x_wconf 82' lang='lat' dir='ltr'>colocensi,</span> <span class='ocrx_word' id='word_1_552' title='bbox 1483 4476 1515 4527; x_wconf 86' lang='lat' dir='ltr'>ut</span> <span class='ocrx_word' id='word_1_553' title='bbox 1532 4468 1671 4527; x_wconf 78' lang='lat' dir='ltr'>beneficia</span> <span class='ocrx_word' id='word_1_554' title='bbox 1689 4482 1789 4525; x_wconf 88' lang='lat' dir='ltr'>curam</span> <span class='ocrx_word' id='word_1_555' title='bbox 1806 4466 1870 4524; x_wconf 90' lang='lat' dir='ltr'>ani·</span> 
     </span>
     <span class='ocr_line' id='line_1_57' title="bbox 1110 4554 1874 4620; baseline -0.01 0"><span class='ocrx_word' id='word_1_556' title='bbox 1110 4577 1222 4620; x_wconf 88' lang='lat' dir='ltr'>marum</span> <span class='ocrx_word' id='word_1_557' title='bbox 1240 4575 1297 4619; x_wconf 91' lang='lat' dir='ltr'>non</span> <span class='ocrx_word' id='word_1_558' title='bbox 1316 4559 1451 4618; x_wconf 86' lang='lat' dir='ltr'>babentia</span> <span class='ocrx_word' id='word_1_559' title='bbox 1471 4572 1613 4616; x_wconf 81' lang='lat' dir='ltr'>annexam</span> <span class='ocrx_word' id='word_1_560' title='bbox 1632 4557 1743 4614; x_wconf 85' lang='lat' dir='ltr'>clericis</span> <span class='ocrx_word' id='word_1_561' title='bbox 1759 4554 1874 4613; x_wconf 87' lang='lat' dir='ltr'>idoneis</span> 
     </span>
     <span class='ocr_line' id='line_1_58' title="bbox 1111 4649 1372 4725; baseline -0.023 -15"><span class='ocrx_word' id='word_1_562' title='bbox 1111 4652 1260 4725; x_wconf 86' lang='lat' dir='ltr'>assignare</span> <span class='ocrx_word' id='word_1_563' title='bbox 1274 4649 1372 4723; x_wconf 86' lang='lat' dir='ltr'>possit.</span> 
     </span>
    </p>
   </div>
   <div class='ocr_carea' id='block_1_6' title="bbox 0 0 1989 6196">
    <p class='ocr_par' dir='ltr' id='par_1_13' title="bbox 0 0 1989 6196">
     <span class='ocr_line' id='line_1_59' title="bbox 0 0 1989 6196; baseline 0 0"><span class='ocrx_word' id='word_1_564' title='bbox 0 0 1989 6196; x_wconf 95' lang='lat' dir='ltr'> </span> 
     </span>
    </p>
   </div>
  </div>
 </body>
</html>
