3980 6206
271 261 331 321 735
888 251 1062 313 HONORII
1086 248 1131 311 111
1152 252 1301 313 OPERA.
1858 251 1918 313 731

271 420 413 482 diocese
433 412 554 481 milites
576 412 681 477 nostri
704 411 844 477 tirmiter
867 409 1066 487 obligarunt.
1121 410 1208 489 qnod
1223 413 1381 491 postejus
1395 409 1520 473 obitum
1535 409 1577 472 ad
1593 409 1702 487 ipsum
1719 414 1753 473 et
1767 412 1920 475 haeredes

271 515 416 580 Promisi
424 515 523 577 etiam
532 526 592 590 pro
604 526 702 589 posse
714 508 955 571 meobonatlde
967 508 1068 570 etiam
1122 524 1201 571 suos
1220 507 1311 573 omni
1333 509 1510 571 occasione
1528 525 1569 572 ac
1591 507 1749 570 dilatione
1768 511 1918 584 remotis,

272 616 450 679 extraneos
469 609 635 680 cohibere,
657 624 699 669 ne
714 623 773 684 per
792 607 876 667 lines
895 607 935 668 de
957 605 1067 667 Lubus
1123 606 1248 669 directo
1267 606 1383 669 redeat
1406 623 1480 667 cnm
1504 606 1576 667 suis
1599 607 1810 684 pertinentiis
1830 609 1921 669 idem

271 710 482 775 transeuntes
505 721 627 767 nocere
648 704 781 766 valeant
803 704 857 764 rel
878 705 977 765 terrae
1000 718 1068 764 suae
1123 707 1280 774 castrum,
1296 720 1356 782 per
1368 720 1427 766 ros
1442 703 1627 766 faceremus
1642 720 1702 781 per
1719 721 1919 767 excommu-

271 807 472 886 specialiter,
496 804 548 866 vel
570 802 728 865 marchiae
741 801 926 872 Lusicenci‚
948 816 1068 878 quam·
1123 803 1303 865 nicationis
1335 802 1534 864 sententiam
1568 802 1707 863 tirmiter
1734 803 1918 865 observari.

272 907 329 968 diu
357 903 399 966 ab
420 902 536 965 eodem
557 901 641 961 duce
663 901 703 960 H.
729 899 871 961 tenetur.
895 897 942 959 Ad
968 896 1070 958 robur
1124 902 1230 971 Quum
1245 900 1347 976 igitur
1361 903 1434 977 ejus
1448 901 1569 972 ricem,
1583 899 1661 961 licet
1670 901 1841 973 immeriti,
1859 919 1919 979 ge·

272 1004 383 1073 autem
409 1001 453 1063 et,
474 998 724 1063 incitamentum
753 997 893 1059 sincerae
919 994 1068 1056 caritatis
1124 1013 1236 1058 ramus
1251 997 1287 1059 in
1300 997 1410 1069 terris,
1423 999 1480 1075 qui
1493 998 1920 1074 pacemomnibusnuntia-

272 1100 341 1161 dux
359 1101 398 1160 H.
416 1098 456 1159 de
478 1098 588 1157 castro
608 1111 668 1155 suo
685 1093 795 1155 Lnbus
814 1108 967 1171 personae
986 1107 1069 1153 meae
1124 1095 1182 1167 vit,
1197 1098 1231 1156 et
1243 1111 1316 1156 eam
1328 1095 1452 1156 mundo
1463 1095 1611 1173 reliquit,
1623 1097 1919 1174 supplicationibus

272 1196 369 1268 cedit,
393 1195 440 1258 ita
461 1194 584 1265 tamen,
605 1193 641 1253 ut
656 1192 684 1253 si
710 1191 785 1253 linis
806 1207 901 1253 meus
924 1189 1070 1263 letaliter
1124 1194 1308 1255 annuentes
1321 1193 1479 1270 ipsorum,
1497 1193 1706 1256 universitati
1721 1196 1845 1256 vestrae
1865 1213 1920 1272 per

272 1292 465 1377 contigerit,
478 1290 602 1353 dictum
617 1289 727 1350 Lubus
744 1290 853 1349 eidem
867 1288 944 1349 duci
961 1289 1015 1359 H„
1040 1286 1069 1347 si
1122 1290 1312 1367 Apostolica
1346 1292 1470 1368 scripte
1504 1290 1716 1363 mandamus,
1741 1294 1917 1370 quatenus,

271 1388 506 1468 supervixerit,
522 1387 576 1450 vel
591 1387 715 1451 haeredi
727 1390 808 1465 ejus,
829 1399 1069 1461 equorumque
1124 1388 1211 1466 quod
1235 1406 1335 1466 super
1358 1390 1421 1451 boc
1442 1390 1580 1467 provida
1606 1392 1657 1451 est
1680 1389 1919 1453 deliberatione

272 1489 350 1550 tunc
362 1487 530 1549 detentum
549 1484 660 1555 tuerit,
682 1485 755 1544 sine
774 1482 969 1545 difficultate
988 1481 1068 1543 red·
1124 1487 1478 1559 statutumobservari
1493 1487 1917 1565 subApostolicaobedien·

272 1585 371 1647 datur
387 1607 394 1645 ι
410 1600 511 1661 super
524 1598 588 1660 quo
600 1582 762 1659 promisso
778 1596 839 1657 ego
853 1581 924 1657 ipse
943 1580 977 1640 in
993 1595 1071 1656 per·
1123 1583 1170 1645 tie
1193 1599 1252 1661 per
1271 1585 1422 1645 eamdem
1441 1584 1640 1647 sententiam
1664 1584 1811 1652 iacietis,
1833 1587 1916 1647 etad

272 1698 354 1744 sona
369 1698 443 1744 mea
460 1680 585 1759 iuravi,
600 1681 634 1740 et
654 1679 719 1740 mei
739 1679 778 1738 de
797 1693 871 1739 meo
890 1693 1067 1746 consensu,
1123 1685 1284 1760 majorem
1299 1681 1488 1760 hujusmodi
1508 1682 1557 1744 rei
1573 1682 1751 1755 cautelam,
1772 1684 1918 1747 tellurem

273 1780 308 1841 iu
324 1778 505 1857 quibusvel
516 1793 631 1839 eorum
642 1774 889 1841 successoribus
902 1773 1068 1851 majoriis
1124 1779 1310 1842 litterarum
1321 1779 1451 1858 praeintl
1468 1779 1561 1841 ducis
1571 1780 1731 1852 Polomae,
1741 1781 1780 1843 in
1791 1781 1917 1859 qulbus,

272 1877 344 1938 risa
364 1876 416 1939 est
434 1874 554 1949 adhoc
572 1873 704 1935 effectui
717 1873 984 1950 mancipandum.
1002 1874 1070 1935 Ex·
1125 1877 1210 1955 quod
1221 1878 1378 1940 statutum
1391 1880 1442 1940 est
1457 1878 1654 1955 interipsos,
1670 1878 1920 1955 pleniuscouti·
1982 1928 1983 1939 ,

273 1972 528 2035 communicatio
541 1971 641 2033 etiam
655 1972 731 2033 latae
750 1971 923 2033 sententiae
938 1970 978 2033 de
995 1984 1068 2030 meo
1123 1979 1232 2047 netur,
1258 1974 1479 2052 praesentibus
1508 1974 1664 2037 duximus
1694 1976 1919 2037 inserendum.

272 2072 306 2133 et
325 2085 474 2131 meorum
489 2085 654 2131 consensu
674 2070 743 2130 tam
769 2068 804 2128 in
825 2084 889 2139 me,
912 2083 1011 2145 quam
1033 2066 1069 2127 in
1125 2073 1247 2144 Quiest
1260 2072 1661 2149 tallszvenerabllipatri,
1673 2075 1765 2135 etc...
1779 2075 1920 2150 utsupra

272 2183 422 2230 meorum
442 2165 631 2244 quemlibet,
652 2167 682 2226 si
705 2164 747 2227 ab
769 2165 882 2242 aliquo
906 2182 949 2226 ex
973 2163 1068 2226 nobis
1123 2171 1280 2245 usquein
1297 2170 1407 2235 finem,

272 2267 387 2327 contra
402 2265 476 2337 boc,
500 2263 657 2340 placitum
673 2262 764 2325 fraus
778 2262 832 2324 vel
849 2262 1068 2339 impedimen·
1438 2295 1604 2382 CCXXX

271 2367 343 2425 tum
367 2360 435 2422 ullo
459 2363 609 2438 tempore
634 2361 866 2438 opponeretur,
892 2360 993 2421 missa
1019 2359 1069 2420 est

272 2475 294 2520 a
315 2461 352 2520 p·
375 2458 608 2529 mmmmm,
630 2459 666 2518 L·
690 2456 962 2519 wratissaviensi
976 2458 1010 2519 et
1030 2458 1066 2517 L,
1123 2428 1920 2489 Aoaooatemetconerencumscowarzacenses.

273 2554 452 2617 Lubicensi
467 2554 630 2632 episcopis
646 2570 829 2617 :consensu
839 2555 939 2615 etiam
950 2554 1069 2615 incon·
1417 2540 1452 2597 ¹0
1466 2540 1533 2596 mali
1545 2540 1624 2598 ¹²¹⁸·

275 2653 462 2715 firmatione
478 2651 603 2714 domini
617 2668 712 2729 papae
731 2652 764 2713 et
780 2651 1022 2729 archiepiscopi
1037 2653 1069 2713 et
1223 2646 1405 2712 [wirecestre
1417 2647 1489 2697 nova
1500 2645 1625 2705 suminis,
1636 2646 1703 2704 Xlss»
1717 2662 1744 2712 r·
1754 2646 1828 2712 ’301

276 2750 505 2827 episcoporum
529 2749 677 2810 Poloniae
699 2748 989 2811 denunciationem
1013 2749 1067 2810 ta·
1123 2754 1274 2815 abbatiam
1290 2752 1560 2811 Schwarmceusem
1575 2753 1769 2811 inscisionis
1782 2754 1919 2811 0110000-

273 2847 426 2925 ciendam
447 2862 547 2924 super
572 2846 687 2907 eadem
711 2846 1065 2909 excommunicatione.
1364 2842 1500 2901 nitatibus
1515 2840 1676 2899 condrust.

275 2945 421 3021 Uterque
433 2948 544 3005 autem
557 2947 717 3015 nostrum,
735 2943 820 3020 quod
833 2944 996 3020 immisit,
1007 2945 1067 3020 ju·
1162 2953 1331 3015 Honorius
1339 2952 1526 3029 episeopus,
1536 2966 1653 3012 servus
1663 2967 1841 3012 servorum
1851 2951 1918 3019 bei,

271 3043 426 3103 ramento
446 3040 600 3102 armavit.
626 3040 719 3103 nuru
733 3042 924 3116 egaea...
946 3042 1068 3103 nostre
1123 3049 1915 3113 0000001000εο0000101010080100-

273 3137 536 3200 confirmationis
547 3137 742 3212 intringere,
752 3137 952 3209 relei,etc...
963 3153 1069 3212 resque
1123 3165 1172 3221 23,
1189 3149 1330 3213 salutem
1345 3149 1378 3209 et
1391 3148 1607 3225 apogmpcam
1620 3146 1899 3210 benedictionem,

274 3235 451 3296 ⁰0¹¹ts³iffi
470 3233 504 3294 Si
516 3233 590 3310 (11118
605 3234 726 3304 autem,
744 3235 833 3295 etcu-
1163 3251 1270 3319 Quum
1282 3264 1301 3308 a
1315 3245 1411 3319 nobis
1424 3247 1557 3324 petitur,
1574 3246 1660 3322 quod
1675 3247 1808 3323 justum
1827 3247 1916 3307 estet

313 3331 431 3391 Datum
447 3331 560 3391 Romae
573 3329 660 3406 apud
677 3332 834 3392 Sanctum
854 3332 989 3393 Petrum
1008 3332 1068 3393 vll
1124 3346 1309 3415 honestum,
1329 3346 1397 3407 tam
1417 3344 1514 3420 vigor
1533 3344 1703 3421 aequitatis
1721 3360 1824 3421 quam
1840 3343 1917 3404 ordo

272 3427 348 3493 idus
364 3424 444 3489 maii
458 3425 669 3504 pontificatus
684 3428 789 3489 nostri
804 3444 892 3489 anno
909 3429 1066 3490 secundo.
1122 3443 1227 3519 exigit
1239 3443 1390 3514 rationis,
1407 3443 1444 3504 ut
1456 3442 1489 3503 id
1502 3458 1562 3519 per
1573 3441 1835 3503 sollicitudinem
1851 3441 1918 3503 offi.

1123 3542 1167 3603 cii
1184 3541 1289 3602 nostri
1305 3540 1344 3601 ad
1371 3539 1516 3601 debitum
1535 3539 1739 3615 perducatur
1752 3539 1918 3601 effectum.

576 3631 762 3718 CCXXIX
1021 3714 1025 3721 ,
1123 3643 1170 3702 aa
1191 3642 1337 3719 proptor,
1358 3637 1525 3699 ursonis
1546 3636 1921 3709 murmuraremus

258 3773 1069 3847 1000000000αοθηειηεηεωηειιιηιυεν-
1118 3737 1220 3815 jum
1244 3734 1524 3813 mmmmm
1558 3736 1654 3810 Um)
1684 3738 1921 3844 θωθῑῑξΐθῡῑθὸ

530 3872 704 3945 111111
718 3874 882 3932 lilim·
1122 3832 1923 4008 ltili,litlillilliillttlli?

568 3999 763 4057 9100111118.
1697 3974 1706 4002 ’

405 4105 540 4170 [retinen
555 4106 625 4155 ⁸¹⁰⁰·
636 4105 760 4163 Potonie,
774 4106 794 4157 ¹·
805 4107 829 4163 θ’
840 4121 866 4155 ¹¹·
882 4106 931 4171 ω’]
1122 4128 1329 4191 tionabiliter
1340 4126 1531 4203 possidetis,
1547 4128 1605 4187 aut
1615 4126 1650 4186 in
1661 4124 1813 4186 futurum
1819 4125 1921 4202 justis

271 4215 307 4272 Ul
320 4212 485 4285 predictam
497 4212 735 4283 compositionem
753 4228 803 4285 per
815 4228 966 4271 censuram
977 4228 1064 4271 oeno·
1123 4223 1240 4294 modis,
1270 4222 1451 4299 ppaestanto
1482 4220 1633 4291 Domino,
1662 4220 1817 4296 p010rjfis
1843 4218 1921 4279 adj.

475 4301 570 4357 ¹¹i⁰⁸ffl
584 4299 858 4359 ⁰b⁸⁰fV³f¹s³⁰i³⁰²·
1123 4321 1217 4398 pisci,
1236 4318 1297 4381 sub
1319 4318 1410 4380 beati
1434 4318 1524 4379 Petri
1544 4320 1578 4378 et
1595 4318 1693 4379 Pauli
1715 4317 1922 4394 protectione

310 4403 479 4477 Honorius
489 4414 676 4492 episcopus,
689 4431 985 4481 servusservorum
994 4418 1064 4491 Dei,
1121 4418 1322 4494 suscipimus
1339 4438 1347 4492 ;
1371 4415 1561 4493 specialiter
1575 4416 1686 4477 autem
1702 4415 1875 4477 libertates
1890 4416 1921 4474 et

271 4511 522 4577 venerabilibus
554 4511 712 4574 iratribus
716 4556 775 4574 .....
814 4514 1067 4592 archiepiscopo
1120 4516 1402 4586 immunitatem
1433 4512 1531 4575 bonae
1565 4513 1737 4574 memoriae
1770 4513 1922 4575 ‚lolianus

271 4610 456 4672 Gneznensi
476 4613 509 4672 et
524 4611 689 4671 universis
705 4611 871 4688 episcopis
888 4628 949 4690 per
963 4614 1065 4675 Polo·
1121 4615 1276 4692 episcopo
1287 4612 1448 4689 spirensi,
1458 4611 1669 4688 episcopatus
1678 4611 1732 4670 sni
1743 4611 1921 4672 accedente

269 4709 360 4769 niam
393 4708 590 4779 constitutis,
621 4707 821 4770 salutemet
848 4710 1065 4786 apostolicam
1120 4726 1297 4782 consensu,
1315 4711 1370 4787 pia
1380 4709 1582 4770 liberalitate
1592 4709 1799 4771 monasterio
1809 4710 1922 4769 restro

269 4804 544 4867 benedictionem.
1035 4862 1039 4869 .
1122 4824 1309 4879 concessas,
1332 4806 1419 4867 sieut
1440 4806 1474 4866 in
1495 4805 1717 4866 instrumento
1737 4805 1870 4867 videtur
1890 4808 1922 4865 el

1122 4031 1183 4093 bus
1197 4030 1295 4091 bonis
1311 4029 1441 4099 vestris,
1458 4043 1533 4105 quae
1547 4027 1852 4104 inpraesentiarum
1866 4043 1924 4088 ra-
1982 4026 1983 4033 ’

310 4902 427 4963 Dilecti
443 4898 515 4973 tilii,
537 4901 665 4964 nobiles
680 4902 744 4963 riri
758 4905 812 4964 W.
837 4904 906 4965 dun
919 4904 1065 4966 Poloniee
1121 4907 1155 4968 in
1172 4923 1211 4968 eo
1233 4905 1365 4983 plenius
1384 4904 1584 4971 continetur,
1610 4901 1705 4964 robis
1731 4905 1766 4966 et
1788 4918 1847 4981 per
1863 4919 1922 4963 ros
1982 4958 1983 4961 ,

270 5013 310 5059 ac
327 5000 366 5059 ll.
389 4997 457 5059 dun
479 4998 615 5083 Zelesiae
637 5015 696 5077 per
718 5017 796 5062 suas
818 5000 912 5063 nobis
937 5003 1065 5064 litteras
1120 5003 1228 5065 eidem
1246 5000 1447 5065 monasterio
1465 5001 1575 5062 vestro
1590 5000 1790 5062 auctoritate
1808 5003 1922 5076 Apos-

270 5095 509 5173 supplicarunt,
531 5096 566 5156 ut
580 5095 666 5172 quod
691 5097 813 5161 iactum
830 5100 881 5161 est
898 5099 940 5161 ad
960 5099 1065 5161 foedus
1119 5101 1221 5162 tolica
1236 5099 1473 5163 confirmamus
1488 5098 1521 5159 et
1535 5098 1711 5175 praesentis
1722 5096 1838 5175 scripti
1856 5114 1923 5174 pa·

268 5191 1064 5271 dilectionisintereosperpetuoconservandum,
1120 5197 1261 5260 trocinio
1282 5196 1535 5261 communimus.
1561 5195 1655 5256 Nulli
1677 5210 1758 5272 ergo
1783 5194 1924 5255 omnino
1982 5236 1983 5261 t

269 5291 385 5355 eodem
398 5289 482 5350 duce
495 5290 631 5353 Zeleziae
644 5291 782 5353 cedente
796 5292 833 5353 in
847 5294 978 5370 signum
989 5309 1067 5371 per-
1120 5295 1292 5368 hominum
1302 5292 1404 5354 liceat
1413 5293 1500 5353 banc
1511 5292 1666 5369 pagiuam
1675 5294 1800 5353 nostrae
1810 5291 1926 5353 direc-

267 5387 363 5451 ieetae
378 5386 534 5449 amicitiae
547 5403 587 5447 ac
602 5391 724 5459 mutuae
736 5391 886 5452 caritatis
902 5392 1065 5469 quoddam
1119 5392 1221 5455 tionis
1233 5394 1267 5454 et
1281 5390 1544 5453 confirmationis
1559 5388 1756 5465 intringere,
1771 5393 1830 5451 etc.
1854 5392 1927 5450 Da·

210 5478 213 5482 ’
268 5484 424 5555 castrum,
442 5484 527 5561 quod
550 5484 660 5546 Lubus
682 5486 814 5558 dicitur,
835 5488 971 5565 praefato
988 5489 1065 5551 duci
1119 5493 1188 5559 tum
1207 5492 1332 5561 Romae,
1347 5488 1433 5565 apud
1451 5491 1609 5551 Sanctum
1625 5490 1772 5559 Petrum,
1786 5489 1826 5548 Vl
1842 5487 1924 5548 idus
1982 5520 1983 5541 1

269 5579 429 5651 Poloniue,
456 5581 563 5656 quoad
590 5582 723 5653 vixerit,
747 5586 992 5660 possidendum,
1019 5587 1076 5651 ita.
1120 5588 1211 5661 maii,
1229 5586 1440 5664 pontificatus
1454 5586 1559 5647 nostri
1575 5601 1663 5647 anno
1680 5583 1836 5646 secundo.
