3968 6204
92 190 153 254 ras
548 184 637 248 xru.
652 182 755 246 -1u
776 183 907 248 unsre
929 183 1081 248 sunum
1103 167 1317 252 caueomr.
1695 195 1759 261 111

90 348 137 411 ita
151 346 223 409 rita
238 346 274 408 et
288 344 382 409 tama
400 342 490 408 beati
507 342 661 422 Gregorii
678 342 744 407 11111
764 344 904 424 pulchra
958 345 1088 422 praelati
1112 347 1262 424 pastores
1283 348 1506 428 appellantur,
1533 350 1620 416 sicut
1637 352 1760 419 dicitur

89 447 124 509 et
132 444 299 524 pretiosa,
314 443 459 507 honesta
478 443 512 506 et
527 443 690 523 praeclara
704 458 817 507 coram
835 446 903 507 Deo
958 444 993 505 in
1008 446 1187 523 Evangelio
1205 462 1213 508 ε
1227 448 1456 524 retentores,
1473 449 1590 528 iuquit,
1606 454 1709 517 eram
1722 457 1760 516 ts

88 544 123 607 et
142 541 357 605 hominihus.
383 542 424 604 lli
438 542 526 604 sicut
545 541 629 604 illud
650 557 711 604 vas
726 543 802 605 auri
822 542 905 605 soli·
957 545 1100 620 regione
1109 547 1229 621 ecdem
1239 547 1421 623 otpllontcs
1431 549 1463 609 ct
1473 551 1704 613 custodientes
1713 555 1761 615 ci·

88 643 165 703 dum
187 640 268 710 init,
291 642 341 704 ita
359 640 480 703 beatus
497 640 680 717 Gregorius
698 639 762 703 fult
775 640 904 705 stabilis
957 643 1059 717 giltas
1068 642 1699 727 uectirsuperprepemsuum(Luc.11,
1710 646 1758 727 8).

91 741 124 803 ct
136 740 258 800 firmus
270 739 309 800 in
324 739 407 815 ude,
420 738 499 818 quia
514 738 798 817 impossibileest,
816 740 902 802 sicut
957 740 1049 799 'lunc
1064 739 1196 816 quidem
1215 757 1295 802 vere
1314 743 1464 818 pastores
1483 744 1701 821 appellamur,
1729 746 1760 808 si

94 838 174 901 dicit
192 838 394 915 Apostolus,
418 838 492 899 sine
513 836 577 899 tide
606 837 739 915 placere
762 840 841 900 Deo.
864 837 904 900 nt
957 835 1137 912 vigilamus
1152 838 1407 900 et'custodimus
1425 840 1560 917 vigilias
1573 842 1682 906 noctis
1701 859 1761 906 su·

91 936 177 999 sicut
199 935 288 997 illud
316 951 379 998 uas
408 935 472 997 fuit
498 936 653 998 ornatum
680 935 772 998 omui
793 936 904 1016 lapide
958 949 1017 1011 per
1032 934 1153 1013 populo
1168 935 1265 998 nohis
1280 938 1606 1017 commissoltaque,
1624 939 1757 1015 iratres,

92 1034 256 1114 pretioso,
271 1034 323 1097 ita
342 1033 462 1097 beatus
475 1033 657 1111 Gregorius
679 1034 744 1097 iuit
766 1037 903 1098 ornatus
958 1031 987 1092 si
1008 1048 1070 1094 nos
1094 1049 1207 1095 sumus
1230 1035 1380 1113 pastores
1389 1035 1506 1097 ovium
1528 1038 1649 1116 quibus
1668 1039 1758 1103 dici·
1863 1096 1865 1099 .

94 1131 282 1206 nobilitate,
306 1131 486 1210 sapientia,
509 1132 663 1206 scientie,
688 1133 852 1196 charitate
872 1137 904 1197 et
958 1129 1023 1203 tur,
1042 1145 1148 1205 pasce
1174 1145 1255 1195 over
1283 1147 1396 1206 meas,
1422 1133 1470 1196 sic
1499 1134 1657 1198 dehemus
1680 1152 1759 1200 oves

93 1231 183 1294 omni
195 1231 340 1293 virtute.
710 1224 713 1229 ⁴
958 1243 1037 1289 suas
1054 1244 1203 1307 pascere,
1230 1230 1278 1303 ut,
1300 1231 1455 1294 ueniente
1477 1232 1555 1312 lupo
1577 1250 1652 1296 cum
1671 1234 1759 1298 beno

132 1327 304 1401 Secundo,
329 1328 420 1406 quia,
444 1329 533 1392 sicut
557 1328 608 1391 sal
629 1328 743 1391 condit
763 1328 901 1402 cibaria,
957 1327 1090 1403 pastore
1109 1327 1239 1389 animas
1260 1328 1393 1390 normas
1415 1344 1577 1408 ponamus
1596 1348 1657 1409 pro
1679 1333 1757 1395 ovi-

96 1442 136 1488 ue
149 1427 220 1487 siut
237 1426 403 1505 insipida,
420 1427 479 1489 sed
490 1424 659 1490 utbcnum
677 1442 829 1506 saporem
842 1427 904 1489 ha·
958 1421 1021 1485 bus
1036 1426 1171 1487 nostris.

94 1525 204 1596 beant,
216 1524 266 1586 ita
281 1524 445 1601 praelatus
458 1524 555 1588 dehet
567 1525 691 1588 hahere
705 1524 901 1588 condimen·
1000 1521 1035 1582 Si
1050 1538 1165 1584 sumus
1179 1522 1340 1600 clavigeri
1354 1526 1451 1602 regni
1465 1526 1622 1597 ccelesiis,
1638 1527 1758 1606 qulbus

96 1619 331 1684 mmscientiae
346 1619 383 1683 in
398 1637 446 1694 se,
460 1621 558 1692 idest,
574 1637 690 1683 sanam
704 1620 901 1696 doctrinam,
958 1618 1080 1681 dicitur
1100 1640 1108 1680 :
1131 1620 1204 1682 Tibi
1223 1621 1308 1683 dabo
1332 1622 1443 1684 claves
1465 1624 1561 1701 regui
1585 1626 1757 1699 coelorum,

97 1721 134 1782 ut
146 1720 233 1782 sciat
244 1718 421 1795 corrigere
435 1718 595 1793 subditos,
616 1735 764 1792 mouere,
780 1720 904 1799 praedi-
958 1717 991 1779 et
1012 1717 1242 1797 quodcumque
1265 1719 1405 1781 solveris
1429 1721 1495 1782 erit
1514 1722 1676 1798 solutum;
1708 1724 1759 1785 sic

97 1831 183 1889 care,
204 1817 330 1878 docere
352 1817 512 1895 populum
535 1817 600 1880 sihi
619 1817 845 1890 commissum,
871 1820 905 1880 et
958 1814 1320 1879 dehemusdiscernere
1328 1816 1554 1896 interlepram
1569 1822 1603 1881 et
1616 1819 1756 1897 lepram,

98 1913 269 1977 retrahere
284 1929 306 1976 a
320 1916 377 1976 uia
390 1916 516 1977 erroris
530 1914 564 1977 et
580 1916 742 1978 reducere
754 1916 797 1978 ad
813 1916 903 1979 1111111
957 1913 991 1975 et
1000 1915 1129 1991 justum
1143 1914 1177 1978 et
1190 1914 1363 1992 injustum,
1379 1932 1422 1977 ue
1437 1916 1673 1980 mortificemus
1687 1918 1760 1980 aui·

97 2012 247 2074 1111111111
273 2027 337 2091 per
367 2013 584 2076 auctoritates
611 2013 736 2076 ueteris
766 2015 799 2077 ei
824 2014 902 2077 nori
952 2027 1191 2090 -masquaenon
1204 2013 1404 2087 momuntur,
1419 2015 1452 2077 et
1466 2014 1673 2078 vivificemus
1688 2017 1760 2079 ani·

98 2110 317 2183 Testamenti,
354 2125 413 2187 per
446 2111 611 2185 rationes,
646 2112 900 2187 similitudines,
957 2125 1029 2171 mas
1052 2125 1125 2187 quas
1149 2126 1217 2172 nou
1239 2111 1369 2185 uiuunt,
1398 2113 1433 2174 et
1460 2112 1609 2174 dicamus
1632 2114 1758 2177 malum

99 2209 248 2286 exempla
262 2209 458 2272 sauctorum
472 2210 620 2287 patrum3
635 2211 685 2274 ita
703 2212 740 2274 ut
751 2211 902 2274 doctrina
956 2206 1079 2269 honum
1098 2208 1132 2270 et
1151 2207 1274 2270 bouum
1295 2209 1437 2281 malum,
1460 2211 1620 2287 ponentes
1649 2211 1758 2274 lucem

101 2322 156 2368 sua
177 2307 222 2369 sit
242 2323 346 2379 sana,
372 2307 417 2370 sit
439 2306 586 2385 integra,
613 2308 657 2371 sit
679 2310 753 2372 sine
774 2325 900 2384 errore,
955 2305 1111 2368 teuelmas
1125 2305 1159 2368 et
1171 2306 1326 2369 tenebras
1336 2306 1457 2369 lucem.
1474 2307 1510 2370 Sl
1523 2306 1619 2370 nobis
1633 2309 1758 2372 dictum

102 2405 170 2466 sine
190 2405 402 2467 admixtione
421 2406 594 2480 falsitatis,
624 2408 661 2470 ut
682 2407 769 2487 qued
792 2408 899 2482 docet,
955 2404 1006 2466 est
1022 2425 1030 2465 1
1047 2403 1199 2467 Praedica
1212 2404 1362 2478 uerbum,
1379 2403 1466 2467 insta
1481 2407 1676 2483 opportune,
1692 2408 1760 2469 im·

104 2502 198 2565 111111
218 2505 406 2566 secundum
427 2505 617 2583 exemplum
638 2506 792 2583 Magistri
814 2505 868 2568 sui
891 2528 899 2567 :
955 2503 1107 2580 portuno,
1130 2518 1247 2580 argue,
1262 2502 1412 2575 obsecra,
1426 2502 1575 2581 increpa,
1601 2504 1650 2566 sic
1664 2505 1757 2582 uigi-

104 2603 315 2679 coepitlesus
329 2600 630 2666 iacereetdocerc.
647 2605 803 2684 Numqui
817 2604 902 2668 iece-
954 2600 1062 2662 lomus
1086 2600 1119 2663 et
1144 2600 1180 2662 in
1204 2599 1579 2673 omnibuslabcremus,
1610 2602 1647 2664 ut
1672 2618 1758 2679 opus

102 2698 143 2761 rit
155 2700 242 2777 quod
256 2700 423 2774 docuerit,
445 2700 501 2763 hic
519 2716 660 2778 magnus
676 2701 851 2765 vocabitur
864 2703 900 2765 in
955 2698 1116 2759 iaciamus
1140 2697 1366 2774 evangelistae,
1390 2697 1424 2759 et
1435 2696 1585 2759 nostrum
1599 2697 1756 2762 ministe-

103 2811 200 2873 reguc
215 2799 390 2860 coelorum.
472 2796 474 2800 “
955 2795 1041 2857 rium
1056 2795 1265 2872 impleamus.

138 2895 212 2956 Nou
234 2895 360 2958 sufficit
381 2896 546 2959 sacerdoti
565 2896 690 2960 habere
712 2897 901 2975 exemplum
995 2895 1031 2957 si
1046 2910 1160 2956 sumus
1181 2893 1360 2966 salterrae,
1386 2892 1435 2954 sic
1453 2893 1539 2956 alios
1562 2893 1757 2957 condiamus

104 2992 176 3054 uite
195 2993 270 3055 sine
285 2993 389 3056 uerbo
401 2993 573 3058 doctrinae.
587 2997 696 3058 Unum
708 2995 782 3058 sine
795 2998 901 3059 altero
956 2993 1078 3056 nesure
1096 2991 1359 3054 conversationis
1374 2993 1537 3070 exemplo,
1555 2993 1591 3054 ut
1602 3008 1755 3070 saperem

105 3090 266 3153 modicum
277 3092 380 3154 ualet.
397 3093 492 3155 Unde
509 3093 544 3154 in
561 3094 743 3170 evangelio
760 3096 902 3158 :Omma
956 3090 1101 3153 habeant
1119 3089 1160 3150 de
1179 3089 1266 3151 valle
1285 3088 1480 3153 salinarum.
1511 3091 1558 3152 De
1581 3105 1646 3168 qua
1669 3090 1758 3154 ualle

104 3193 212 3251 rerico
236 3192 359 3253 doctus
385 3195 425 3253 tn
443 3207 553 3270 reguo
577 3178 742 3255 coelorum
763 3194 901 3269 profert
955 3188 1079 3251 dicitur
1096 3187 1133 3249 iu
1154 3186 1240 3249 libro
1265 3188 1403 3263 Regum,
1433 3187 1520 3265 quod
1542 3187 1646 3251 Dauid
1674 3205 1756 3267 per-

104 3290 314 3350 demerercro
326 3289 733 3370 noeaetocterafflatth.
746 3290 899 3370 1111,52).
956 3286 1059 3349 cussit
1076 3284 1231 3348 inimicos
1249 3284 1285 3346 in
1306 3284 1394 3347 valle
1420 3285 1614 3347 salinarum.
1635 3286 1752 3360 David,

106 3385 218 3447 scriba
239 3386 357 3449 doctus
376 3388 428 3450 est
448 3388 648 3466 praedicator
666 3389 721 3452 vel
742 3390 901 3468 prelatus
955 3383 1062 3446 bouus
1086 3384 1260 3463 prelatus,
1290 3383 1445 3446 inimicos
1469 3384 1629 3461 percutit,
1657 3384 1755 3459 idest,

106 3484 154 3545 vel
175 3484 293 3546 doctor
321 3485 471 3547 eruditus
494 3485 530 3547 in
550 3485 674 3549 divinis
703 3488 900 3565 scripturis3
956 3482 1058 3545 verbo
1077 3480 1325 3561 predicationis
1339 3483 1531 3560 peccatores
1545 3483 1702 3556 concutit,
1723 3482 1758 3545 et

106 3596 240 3658 mgnum
255 3582 428 3657 coelorum,
442 3582 903 3664 divinaScriptura3ilresau-
956 3581 1019 3643 hoc
1040 3581 1077 3642 in
1095 3580 1184 3644 ualle
1206 3579 1389 3642 salinarum
1409 3579 1501 3652 iacit,
1517 3580 1596 3659 quia
1619 3580 1759 3643 humili·

105 3695 159 3741 rus
177 3680 229 3743 est
249 3680 428 3759 sapientia,
448 3681 545 3756 idest,
566 3699 690 3745 novum
706 3683 901 3746 Testamen·
955 3680 1024 3742 tate
1039 3695 1100 3741 sua
1115 3679 1164 3741 eis
1179 3677 1424 3741 condimentum
1437 3678 1565 3740 tribuit.

106 3778 170 3839 tum
186 3779 340 3842 etvetus.
359 3782 453 3841 Tunc
468 3781 594 3858 profert
610 3780 652 3843 de
668 3780 827 3844 thesauro
841 3798 902 3846 suo
997 3778 1147 3854 sicergo
1170 3775 1277 3839 bonus
1301 3776 1459 3854 praelatus
1481 3775 1595 3848 iaciat,
1613 3791 1657 3837 ne
1670 3774 1756 3839 lorte

108 3891 187 3939 noua
202 3878 236 3939 et
248 3880 376 3951 vetera,
391 3876 523 3956 quando
538 3880 755 3943 auctoritates
777 3881 901 3944 veteris
955 3876 1124 3954 tamquam
1138 3874 1190 3937 sal
1208 3872 1409 3935 infatuatum
1430 3871 1471 3933 ad
1486 3871 1629 3933 nihilum
1644 3871 1756 3934 valeat

27 4024 31 4029 .
108 3975 139 4035 et
162 3975 240 4038 noui
257 3976 474 4046 Testamenti,
494 3976 548 4038 rel
568 3978 808 4055 promissiones
828 3980 903 4056 glo-
957 3973 1108 4046 ulterius,
1124 3971 1241 4034 1111111
1254 3971 1451 4050 projiciatur
1467 3971 1558 4033 foras
1573 3972 1757 4035 etcoucul·

108 4073 163 4135 ria
181 4073 343 4147 ccelesiis,
366 4074 420 4136 rel
438 4076 712 4139 comminationes
729 4092 902 4155 poeuarum
957 4072 1051 4135 cetur
1060 4069 1102 4133 ab
1116 4069 1318 4133 homiuibus.
1330 4072 1416 4147 Ergo
1431 4069 1461 4131 si
1479 4086 1541 4132 nos
1559 4069 1690 4148 praelati
1703 4070 1756 4133 sal

109 4170 794 4251 infernipraedicatpopulosibicommisso.
807 4176 902 4239 Unde
955 4171 1055 4233 terrae
1079 4185 1205 4242 sumus,
1224 4168 1362 4232 condire
1383 4170 1512 4235 mentes
1531 4168 1679 4231 fidelium
1691 4167 1756 4231 de-

110 4269 227 4331 Paulus
239 4269 322 4332 dicit
338 4270 518 4348 uuicuique
534 4267 694 4350 praelato:
710 4273 795 4346 Esto
813 4276 904 4351 utpl-
956 4267 1084 4330 bemus.
1102 4267 1188 4342 Quia
1200 4267 1287 4329 sicut
1301 4266 1444 4345 coquina
1456 4270 1507 4329 est
1521 4266 1666 4346 insipida
1682 4267 1756 4329 siue

109 4370 186 4439 Ursa,
203 4371 241 4429 111
255 4372 414 4431 omnibus
427 4372 560 4444 1111111111,
579 4385 665 4446 opus
688 4374 745 4446 suc
758 4386 903 4448 wange-
957 4366 1042 4438 saie,
1063 4366 1111 4428 ita
1130 4364 1324 4444 predicatio
1343 4378 1462 4442 parum
1488 4364 1578 4428 valet
1601 4365 1674 4426 siue
1696 4381 1755 4427 sa-

110 4464 847 4549 dstae,mtutstertumtuumtmplc(lllim.rv,
855 4468 900 4550 5).
958 4463 1083 4542 pientia
1098 4465 1132 4527 et
1150 4463 1362 4525 discretione.
1379 4462 1474 4526 Unde
1488 4463 1648 4525 Dominus
1668 4478 1758 4538 prae-

144 4562 244 4626 llebet
257 4562 359 4625 etiam
372 4564 512 4644 quisque
521 4566 679 4643 praelatus
688 4566 831 4643 uigilare
843 4583 903 4646 per
957 4563 1087 4641 cipitia
1106 4562 1181 4640 lege
1195 4578 1203 4617 =
1219 4565 1262 4624 In
1274 4561 1551 4634 omnisocm'iicto
1560 4566 1613 4623 sal
1625 4560 1756 4635 offerus

112 4675 215 4723 ruram
235 4662 270 4724 et
293 4661 552 4725 sollicitudinem
576 4679 678 4742 super
698 4664 903 4744 populosibi
958 4661 1101 4740 (Lean,
1118 4659 1183 4739 13),
1199 4659 1296 4731 idest,
1313 4658 1348 4720 iu
1368 4657 1459 4720 omni
1478 4657 1565 4734 quod
1585 4656 1675 4718 dices
1697 4660 1756 4719 aaut

114 4760 291 4823 commisso.
312 4763 342 4822 A
361 4756 436 4838 quo
447 4756 536 4823 enim
554 4758 662 4840 major
676 4779 758 4825 cura
779 4765 813 4826 et
832 4765 902 4826 cir·
957 4759 1072 4832 iacies,
1095 4756 1216 4818 adhibe
1235 4754 1449 4833 sapientiam,
1465 4769 1508 4817 ne
1530 4753 1608 4833 quid
1632 4752 1761 4817 offeras.

113 4856 306 4937 cumspectio
320 4858 479 4935 exigitur,
493 4870 591 4937 quam
604 4860 717 4924 abillo
731 4877 902 4940 perquem
957 4855 1138 4934 insipidum
1152 4853 1206 4918 rel
1220 4852 1397 4915 insulsum.
1422 4853 1462 4915 nt
1480 4851 1543 4914 lob
1558 4873 1566 4914 1
1579 4854 1756 4928 Numquid

114 4970 185 5032 grex
197 4956 333 5019 Domini
348 4958 384 5019 iu
400 4956 508 5019 medio
529 4958 683 5036 luporum
703 4960 904 5023 custodituri
955 4952 1069 5028 potere
1086 4951 1219 5012 comedi
1235 4950 1405 5011 1111111111
1418 4951 1507 5022 duod
1525 4962 1595 5011 uon
1617 4948 1669 5011 eat
1685 4955 1757 5013 calc

114 5068 150 5115 ue
166 5054 245 5133 lupi,
266 5055 365 5128 idest,
392 5055 542 5118 haeretici
563 5057 696 5133 rapiant
714 5059 748 5120 et
769 5058 902 5137 disper·
957 5050 1133 5112 conditum
1153 5044 1241 5128 (1011·
1263 5060 1312 5117 VI,
1335 5044 1382 5124 6)·
1408 5045 1559 5109 1111111813
1583 5047 1634 5109 est
1661 5045 1756 5109 cibus

112 5155 182 5228 gant
199 5169 289 5218 cres.
313 5154 403 5215 sicut
419 5153 542 5215 dicitur
560 5154 595 5216 iu
618 5155 799 5232 Evangelio
815 5179 823 5217 1
839 5159 904 5221 lati
957 5146 1137 5218 doctrin&
1163 5144 1221 5224 qui
1241 5159 1310 5207 1¹0ss
1329 5143 1430 5207 1116111
1444 5145 1597 5207 &Editus
1612 5145 1682 5207 ⁵810
1696 5160 1756 5205 ³⁸·

114 5252 182 5312 unt
200 5255 260 5327 psci
285 5252 460 5314 venenant
485 5255 523 5313 in
547 5254 764 5317 uestimentis
786 5245 904 5319 oerum
958 5245 1105 5325 pientiae.
1119 5245 1160 5307 Et
1168 5243 1367 5322 Apostolusz
1387 5243 1442 5308 Sit
1457 5258 1573 5306 sermo
1590 5242 1705 5305 cester
1719 5246 1757 5304 tu

117 5342 231 5425 (1111111.
257 5365 318 5423 ru,
348 5347 415 5427 15).
446 5349 504 5411 lati
526 5351 673 5427 quotidie
692 5350 842 5416 nituntur
861 5355 902 5416 ad
959 5347 1077 5424 gratio
1093 5359 1233 5420 semper
1249 5348 1322 5407 sule
1342 5342 1500 5405 conditus
1515 5340 1636 5419 (colos.
1650 5356 1695 5413 rv,
1707 5340 1753 5422 6).

116 5446 299 5511 auferendas
324 5446 457 5509 animas
481 5447 670 5522 hominum,
699 5450 756 5528 qui
776 5451 902 5515 11111111-
999 5442 1107 5507 Unde
1123 5442 1267 5519 legimus
1292 5440 1333 5503 de
1361 5439 1458 5502 heato
1486 5438 1646 5513 Gregorio
1669 5439 1754 5502 illud

23 5534 24 5539 ’
117 5560 197 5609 uuus
218 5547 298 5609 suut
323 5544 396 5622 lupi
417 5560 567 5622 rapaces.
595 5548 635 5612 Ei
660 5547 734 5613 idco
758 5565 903 5626 congrue
959 5542 1046 5623 quod
1073 5540 1196 5604 dicitur
1220 5540 1256 5603 iu
1280 5535 1512 5602 Ecclesiastico
1533 5535 1581 5598 de
1596 5536 1755 5602 Simone:
