<?xml version="1.0" encoding="UTF-8"?>
<!DOCTYPE html PUBLIC "-//W3C//DTD XHTML 1.0 Transitional//EN"
    "http://www.w3.org/TR/xhtml1/DTD/xhtml1-transitional.dtd">
<html xmlns="http://www.w3.org/1999/xhtml" xml:lang="en" lang="en">
 <head>
  <title>
</title>
<meta http-equiv="Content-Type" content="text/html;charset=utf-8" />
  <meta name='ocr-system' content='tesseract 3.04.00' />
  <meta name='ocr-capabilities' content='ocr_page ocr_carea ocr_par ocr_line ocrx_word'/>
</head>
<body>
  <div class='ocr_page' id='page_1' title='image "./mediiaevibiblio00bottgoog_0019.png"; bbox 0 0 3968 6204; ppageno 0'>
   <div class='ocr_carea' id='block_1_1' title="bbox 162 220 1814 289">
    <p class='ocr_par' dir='ltr' id='par_1_1' title="bbox 162 220 1814 289">
     <span class='ocr_line' id='line_1_1' title="bbox 162 220 1814 289; baseline 0.002 -4"><span class='ocrx_word' id='word_1_1' title='bbox 162 237 249 286; x_wconf 81' lang='lat' dir='ltr'><strong>xxm</strong></span> <span class='ocrx_word' id='word_1_2' title='bbox 305 221 350 283; x_wconf 88' lang='lat' dir='ltr'><strong>IN</strong></span> <span class='ocrx_word' id='word_1_3' title='bbox 373 220 595 284; x_wconf 82' lang='lat' dir='ltr'>SERMONES</span> <span class='ocrx_word' id='word_1_4' title='bbox 617 220 841 284; x_wconf 79' lang='lat' dir='ltr'><strong>PRAEFATIO</strong></span> <span class='ocrx_word' id='word_1_5' title='bbox 863 221 1118 283; x_wconf 84' lang='lat' dir='ltr'><strong>DEPROMPTA</strong></span> <span class='ocrx_word' id='word_1_6' title='bbox 1139 222 1196 282; x_wconf 82' lang='lat' dir='ltr'><strong>EX</strong></span> <span class='ocrx_word' id='word_1_7' title='bbox 1216 222 1402 286; x_wconf 70' lang='lat' dir='ltr'><strong>bisseni.</strong></span> <span class='ocrx_word' id='word_1_8' title='bbox 1425 225 1463 285; x_wconf 87' lang='lat' dir='ltr'><strong>D.</strong></span> <span class='ocrx_word' id='word_1_9' title='bbox 1485 224 1676 287; x_wconf 83' lang='lat' dir='ltr'><strong>BO&#39;I&#39;I&#39;INO.</strong></span> <span class='ocrx_word' id='word_1_10' title='bbox 1729 240 1814 289; x_wconf 81' lang='lat' dir='ltr'><strong>mv</strong></span> 
     </span>
    </p>
   </div>
   <div class='ocr_carea' id='block_1_2' title="bbox 158 380 1816 2413">
    <p class='ocr_par' dir='ltr' id='par_1_2' title="bbox 158 380 1816 2413">
     <span class='ocr_line' id='line_1_2' title="bbox 161 380 1813 460; baseline 0.001 -13"><span class='ocrx_word' id='word_1_11' title='bbox 161 382 290 447; x_wconf 82' lang='lat' dir='ltr'><strong>uocum</strong></span> <span class='ocrx_word' id='word_1_12' title='bbox 307 383 415 460; x_wconf 78' lang='lat' dir='ltr'><strong>magis</strong></span> <span class='ocrx_word' id='word_1_13' title='bbox 434 383 617 447; x_wconf 79' lang='lat' dir='ltr'><strong>Historiam</strong></span> <span class='ocrx_word' id='word_1_14' title='bbox 641 397 741 460; x_wconf 82' lang='lat' dir='ltr'><strong>quam</strong></span> <span class='ocrx_word' id='word_1_15' title='bbox 760 381 863 444; x_wconf 84' lang='lat' dir='ltr'><strong>ritum</strong></span> <span class='ocrx_word' id='word_1_16' title='bbox 883 380 959 444; x_wconf 90' lang='lat' dir='ltr'><strong>ideo</strong></span> <span class='ocrx_word' id='word_1_17' title='bbox 1013 380 1093 444; x_wconf 83' lang='lat' dir='ltr'><strong>tolia</strong></span> <span class='ocrx_word' id='word_1_18' title='bbox 1118 383 1207 453; x_wconf 77' lang='lat'><strong>1893,</strong></span> <span class='ocrx_word' id='word_1_19' title='bbox 1228 398 1288 445; x_wconf 87' lang='lat' dir='ltr'><strong>seu</strong></span> <span class='ocrx_word' id='word_1_20' title='bbox 1309 382 1374 446; x_wconf 90' lang='lat' dir='ltr'><strong>duo</strong></span> <span class='ocrx_word' id='word_1_21' title='bbox 1397 383 1568 447; x_wconf 81' lang='lat' dir='ltr'><strong>volumina</strong></span> <span class='ocrx_word' id='word_1_22' title='bbox 1588 384 1686 448; x_wconf 89' lang='lat' dir='ltr'><strong>molis</strong></span> <span class='ocrx_word' id='word_1_23' title='bbox 1709 385 1813 449; x_wconf 87' lang='lat' dir='ltr'><strong>stiam</strong></span> 
     </span>
     <span class='ocr_line' id='line_1_3' title="bbox 162 479 1813 559; baseline 0.002 -17"><span class='ocrx_word' id='word_1_24' title='bbox 162 481 370 559; x_wconf 89' lang='lat' dir='ltr'><strong>conscripsit,</strong></span> <span class='ocrx_word' id='word_1_25' title='bbox 398 481 435 545; x_wconf 94' lang='lat' dir='ltr'><strong>ut</strong></span> <span class='ocrx_word' id='word_1_26' title='bbox 459 484 618 545; x_wconf 80' lang='lat' dir='ltr'><strong>Romanae</strong></span> <span class='ocrx_word' id='word_1_27' title='bbox 642 479 841 558; x_wconf 85' lang='lat' dir='ltr'><strong>Apostolioae</strong></span> <span class='ocrx_word' id='word_1_28' title='bbox 865 479 959 542; x_wconf 86' lang='lat' dir='ltr'><strong>Sedis</strong></span> <span class='ocrx_word' id='word_1_29' title='bbox 1013 479 1161 557; x_wconf 79' lang='lat' dir='ltr'><strong>majoris.</strong></span> <span class='ocrx_word' id='word_1_30' title='bbox 1178 480 1328 542; x_wconf 88' lang='lat' dir='ltr'><strong>Primum</strong></span> <span class='ocrx_word' id='word_1_31' title='bbox 1346 480 1456 544; x_wconf 87' lang='lat' dir='ltr'><strong>adhuc</strong></span> <span class='ocrx_word' id='word_1_32' title='bbox 1470 482 1640 545; x_wconf 80' lang='lat' dir='ltr'><strong>asservari</strong></span> <span class='ocrx_word' id='word_1_33' title='bbox 1658 483 1759 546; x_wconf 88' lang='lat' dir='ltr'><strong>audio</strong></span> <span class='ocrx_word' id='word_1_34' title='bbox 1776 483 1813 545; x_wconf 89' lang='lat' dir='ltr'><strong>in</strong></span> 
     </span>
     <span class='ocr_line' id='line_1_4' title="bbox 158 568 1814 657; baseline 0.002 -17"><span class='ocrx_word' id='word_1_35' title='bbox 158 580 238 657; x_wconf 82' lang='lat' dir='ltr'><strong>jura</strong></span> <span class='ocrx_word' id='word_1_36' title='bbox 252 568 404 641; x_wconf 82' lang='lat' dir='ltr'><strong>h&#39;itorioIs</strong></span> <span class='ocrx_word' id='word_1_37' title='bbox 419 579 624 656; x_wconf 79' lang='lat' dir='ltr'><strong>argumentis</strong></span> <span class='ocrx_word' id='word_1_38' title='bbox 639 577 775 640; x_wconf 90' lang='lat' dir='ltr'><strong>strenue</strong></span> <span class='ocrx_word' id='word_1_39' title='bbox 794 577 960 648; x_wconf 85' lang='lat' dir='ltr'><strong>tueretur,</strong></span> <span class='ocrx_word' id='word_1_40' title='bbox 1013 576 1219 640; x_wconf 79' lang='lat' dir='ltr'>Bibliotheca</span> <span class='ocrx_word' id='word_1_41' title='bbox 1233 578 1439 640; x_wconf 79' lang='lat' dir='ltr'><strong>serenissimi</strong></span> <span class='ocrx_word' id='word_1_42' title='bbox 1452 581 1552 656; x_wconf 78' lang='lat' dir='ltr'><strong>Regis</strong></span> <span class='ocrx_word' id='word_1_43' title='bbox 1572 580 1749 654; x_wconf 86' lang='lat' dir='ltr'><strong>Sardiniae,</strong></span> <span class='ocrx_word' id='word_1_44' title='bbox 1762 580 1814 643; x_wconf 90' lang='lat' dir='ltr'><strong>al-</strong></span> 
     </span>
     <span class='ocr_line' id='line_1_5' title="bbox 164 673 1815 754; baseline 0.001 -16"><span class='ocrx_word' id='word_1_45' title='bbox 164 677 208 749; x_wconf 92' lang='lat' dir='ltr'><strong>et,</strong></span> <span class='ocrx_word' id='word_1_46' title='bbox 226 678 262 738; x_wconf 92' lang='lat' dir='ltr'><strong>ut</strong></span> <span class='ocrx_word' id='word_1_47' title='bbox 283 674 354 754; x_wconf 87' lang='lat' dir='ltr'><strong>ipse</strong></span> <span class='ocrx_word' id='word_1_48' title='bbox 374 677 499 754; x_wconf 88' lang='lat' dir='ltr'><strong>passim</strong></span> <span class='ocrx_word' id='word_1_49' title='bbox 522 676 649 748; x_wconf 87' lang='lat' dir='ltr'><strong>monet,</strong></span> <span class='ocrx_word' id='word_1_50' title='bbox 675 673 960 738; x_wconf 76' lang='lat' dir='ltr'><strong>centuriatoribus</strong></span> <span class='ocrx_word' id='word_1_51' title='bbox 1013 675 1122 737; x_wconf 88' lang='lat' dir='ltr'><strong>terum</strong></span> <span class='ocrx_word' id='word_1_52' title='bbox 1134 673 1190 736; x_wconf 90' lang='lat' dir='ltr'><strong>ubi</strong></span> <span class='ocrx_word' id='word_1_53' title='bbox 1208 676 1310 739; x_wconf 90' lang='lat' dir='ltr'><strong>lateat</strong></span> <span class='ocrx_word' id='word_1_54' title='bbox 1331 676 1459 753; x_wconf 77' lang='lat' dir='ltr'><strong>ignoro.</strong></span> <span class='ocrx_word' id='word_1_55' title='bbox 1480 677 1714 741; x_wconf 82' lang='lat' dir='ltr'><strong>sessorianum</strong></span> <span class='ocrx_word' id='word_1_56' title='bbox 1731 694 1815 741; x_wconf 90' lang='lat' dir='ltr'><strong>nos-</strong></span> 
     </span>
     <span class='ocr_line' id='line_1_6' title="bbox 163 771 1813 852; baseline 0.001 -17"><span class='ocrx_word' id='word_1_57' title='bbox 163 773 513 851; x_wconf 77' lang='lat' dir='ltr'><strong>Magdeburgensibus,</strong></span> <span class='ocrx_word' id='word_1_58' title='bbox 530 772 587 850; x_wconf 81' lang='lat' dir='ltr'><strong>qui</strong></span> <span class='ocrx_word' id='word_1_59' title='bbox 601 787 714 834; x_wconf 90' lang='lat' dir='ltr'><strong>rerum</strong></span> <span class='ocrx_word' id='word_1_60' title='bbox 727 773 873 837; x_wconf 66' lang='lat' dir='ltr'><strong>noriute</strong></span> <span class='ocrx_word' id='word_1_61' title='bbox 892 774 962 834; x_wconf 86' lang='lat' dir='ltr'><strong>lto-</strong></span> <span class='ocrx_word' id='word_1_62' title='bbox 1014 772 1101 835; x_wconf 92' lang='lat' dir='ltr'><strong>trum</strong></span> <span class='ocrx_word' id='word_1_63' title='bbox 1131 771 1305 835; x_wconf 82' lang='lat' dir='ltr'><strong>historiam</strong></span> <span class='ocrx_word' id='word_1_64' title='bbox 1331 774 1563 852; x_wconf 82' lang='lat' dir='ltr'><strong>complectitur</strong></span> <span class='ocrx_word' id='word_1_65' title='bbox 1586 778 1813 838; x_wconf 85' lang='lat' dir='ltr'><strong>Romanorum</strong></span> 
     </span>
     <span class='ocr_line' id='line_1_7' title="bbox 162 868 1813 951; baseline 0.002 -19"><span class='ocrx_word' id='word_1_66' title='bbox 162 887 296 935; x_wconf 86' lang='lat' dir='ltr'><strong>menam</strong></span> <span class='ocrx_word' id='word_1_67' title='bbox 310 870 491 933; x_wconf 84' lang='lat' dir='ltr'><strong>Ecclesiam</strong></span> <span class='ocrx_word' id='word_1_68' title='bbox 510 885 703 949; x_wconf 76' lang='lat' dir='ltr'><strong>oppugnare</strong></span> <span class='ocrx_word' id='word_1_69' title='bbox 718 869 962 947; x_wconf 75' lang='lat' dir='ltr'><strong>aggredieban-</strong></span> <span class='ocrx_word' id='word_1_70' title='bbox 1015 868 1214 932; x_wconf 83' lang='lat' dir='ltr'><strong>Pontificum</strong></span> <span class='ocrx_word' id='word_1_71' title='bbox 1229 886 1250 932; x_wconf 93' lang='lat' dir='ltr'><strong>a</strong></span> <span class='ocrx_word' id='word_1_72' title='bbox 1264 872 1425 948; x_wconf 78' lang='lat' dir='ltr'><strong>Gregorio</strong></span> <span class='ocrx_word' id='word_1_73' title='bbox 1437 874 1513 935; x_wconf 88' lang='lat' dir='ltr'>VIII</span> <span class='ocrx_word' id='word_1_74' title='bbox 1531 889 1637 951; x_wconf 82' lang='lat' dir='ltr'><strong>nsque</strong></span> <span class='ocrx_word' id='word_1_75' title='bbox 1651 872 1694 935; x_wconf 90' lang='lat' dir='ltr'><strong>ad</strong></span> <span class='ocrx_word' id='word_1_76' title='bbox 1705 873 1813 936; x_wconf 74' lang='lat' dir='ltr'><strong>Alex-</strong></span> 
     </span>
     <span class='ocr_line' id='line_1_8' title="bbox 161 966 1816 1048; baseline 0.001 -17"><span class='ocrx_word' id='word_1_77' title='bbox 161 969 228 1043; x_wconf 92' lang='lat' dir='ltr'><strong>tur,</strong></span> <span class='ocrx_word' id='word_1_78' title='bbox 245 984 377 1031; x_wconf 90' lang='lat' dir='ltr'><strong>sacram</strong></span> <span class='ocrx_word' id='word_1_79' title='bbox 389 967 621 1046; x_wconf 81' lang='lat' dir='ltr'><strong>antiquitatem</strong></span> <span class='ocrx_word' id='word_1_80' title='bbox 635 967 827 1046; x_wconf 89' lang='lat' dir='ltr'><strong>opponeret.</strong></span> <span class='ocrx_word' id='word_1_81' title='bbox 844 969 961 1044; x_wconf 84' lang='lat' dir='ltr'><strong>Itaque</strong></span> <span class='ocrx_word' id='word_1_82' title='bbox 1015 966 1157 1029; x_wconf 85' lang='lat' dir='ltr'><strong>andrum</strong></span> <span class='ocrx_word' id='word_1_83' title='bbox 1172 969 1227 1042; x_wconf 86' lang='lat' dir='ltr'><strong>v1‚</strong></span> <span class='ocrx_word' id='word_1_84' title='bbox 1250 968 1287 1030; x_wconf 90' lang='lat' dir='ltr'><strong>in</strong></span> <span class='ocrx_word' id='word_1_85' title='bbox 1305 985 1371 1048; x_wconf 85' lang='lat' dir='ltr'><strong>qno</strong></span> <span class='ocrx_word' id='word_1_86' title='bbox 1385 969 1519 1033; x_wconf 84' lang='lat' dir='ltr'><strong>desinit.</strong></span> <span class='ocrx_word' id='word_1_87' title='bbox 1536 970 1641 1048; x_wconf 62' lang='lat' dir='ltr'><strong>Igitur</strong></span> <span class='ocrx_word' id='word_1_88' title='bbox 1654 973 1733 1032; x_wconf 86' lang='lat' dir='ltr'><strong>tuno</strong></span> <span class='ocrx_word' id='word_1_89' title='bbox 1752 970 1816 1032; x_wconf 89' lang='lat' dir='ltr'><strong>ab·</strong></span> 
     </span>
     <span class='ocr_line' id='line_1_9' title="bbox 162 1063 1813 1149; baseline 0.001 -21"><span class='ocrx_word' id='word_1_90' title='bbox 162 1065 304 1128; x_wconf 88' lang='lat' dir='ltr'><strong>Honorii</strong></span> <span class='ocrx_word' id='word_1_91' title='bbox 317 1065 500 1128; x_wconf 86' lang='lat' dir='ltr'><strong>Historiam</strong></span> <span class='ocrx_word' id='word_1_92' title='bbox 513 1082 557 1128; x_wconf 80' lang='lat' dir='ltr'><strong>ex</strong></span> <span class='ocrx_word' id='word_1_93' title='bbox 577 1065 701 1144; x_wconf 88' lang='lat' dir='ltr'><strong>Majolo</strong></span> <span class='ocrx_word' id='word_1_94' title='bbox 715 1065 780 1128; x_wconf 91' lang='lat' dir='ltr'><strong>bac</strong></span> <span class='ocrx_word' id='word_1_95' title='bbox 802 1065 903 1127; x_wconf 91' lang='lat' dir='ltr'><strong>etiam</strong></span> <span class='ocrx_word' id='word_1_96' title='bbox 920 1063 961 1126; x_wconf 90' lang='lat' dir='ltr'><strong>de</strong></span> <span class='ocrx_word' id='word_1_97' title='bbox 1015 1065 1162 1149; x_wconf 86' lang='lat' dir='ltr'><strong>solutum</strong></span> <span class='ocrx_word' id='word_1_98' title='bbox 1176 1069 1211 1128; x_wconf 90' lang='lat' dir='ltr'><strong>et</strong></span> <span class='ocrx_word' id='word_1_99' title='bbox 1222 1066 1390 1143; x_wconf 75' lang='lat' dir='ltr'><strong>integrum</strong></span> <span class='ocrx_word' id='word_1_100' title='bbox 1407 1066 1602 1130; x_wconf 81' lang='lat' dir='ltr'><strong>habebimus</strong></span> <span class='ocrx_word' id='word_1_101' title='bbox 1621 1069 1685 1130; x_wconf 91' lang='lat' dir='ltr'><strong>hoc</strong></span> <span class='ocrx_word' id='word_1_102' title='bbox 1697 1068 1813 1146; x_wconf 85' lang='lat' dir='ltr'><strong>Majoii</strong></span> 
     </span>
     <span class='ocr_line' id='line_1_10' title="bbox 163 1162 1813 1246; baseline 0.001 -19"><span class='ocrx_word' id='word_1_103' title='bbox 163 1180 265 1227; x_wconf 89' lang='lat' dir='ltr'><strong>causa</strong></span> <span class='ocrx_word' id='word_1_104' title='bbox 294 1163 470 1240; x_wconf 82' lang='lat' dir='ltr'><strong>descripsi,</strong></span> <span class='ocrx_word' id='word_1_105' title='bbox 499 1164 535 1226; x_wconf 93' lang='lat' dir='ltr'><strong>ut</strong></span> <span class='ocrx_word' id='word_1_106' title='bbox 569 1163 727 1226; x_wconf 82' lang='lat' dir='ltr'><strong>Historiae</strong></span> <span class='ocrx_word' id='word_1_107' title='bbox 757 1162 962 1226; x_wconf 85' lang='lat' dir='ltr'><strong>Pontifloalis</strong></span> <span class='ocrx_word' id='word_1_108' title='bbox 1016 1177 1111 1239; x_wconf 90' lang='lat' dir='ltr'><strong>opus,</strong></span> <span class='ocrx_word' id='word_1_109' title='bbox 1132 1163 1264 1246; x_wconf 80' lang='lat' dir='ltr'><strong>quando</strong></span> <span class='ocrx_word' id='word_1_110' title='bbox 1287 1164 1431 1227; x_wconf 89' lang='lat' dir='ltr'><strong>alterum</strong></span> <span class='ocrx_word' id='word_1_111' title='bbox 1454 1165 1536 1227; x_wconf 92' lang='lat' dir='ltr'><strong>illud</strong></span> <span class='ocrx_word' id='word_1_112' title='bbox 1557 1166 1724 1238; x_wconf 88' lang='lat' dir='ltr'><strong>volumen,</strong></span> <span class='ocrx_word' id='word_1_113' title='bbox 1745 1168 1813 1228; x_wconf 83' lang='lat' dir='ltr'><strong>Deo</strong></span> 
     </span>
     <span class='ocr_line' id='line_1_11' title="bbox 163 1259 1481 1341; baseline -0.001 -16"><span class='ocrx_word' id='word_1_114' title='bbox 163 1261 348 1334; x_wconf 74' lang='lat' dir='ltr'><strong>universa,</strong></span> <span class='ocrx_word' id='word_1_115' title='bbox 385 1277 484 1339; x_wconf 86' lang='lat' dir='ltr'><strong>quam</strong></span> <span class='ocrx_word' id='word_1_116' title='bbox 511 1261 565 1323; x_wconf 82' lang='lat' dir='ltr'><strong>vir</strong></span> <span class='ocrx_word' id='word_1_117' title='bbox 591 1260 805 1323; x_wconf 88' lang='lat' dir='ltr'><strong>doctissimus</strong></span> <span class='ocrx_word' id='word_1_118' title='bbox 831 1260 962 1337; x_wconf 77' lang='lat' dir='ltr'><strong>ingenti</strong></span> <span class='ocrx_word' id='word_1_119' title='bbox 1017 1259 1129 1334; x_wconf 87' lang='lat' dir='ltr'><strong>dante,</strong></span> <span class='ocrx_word' id='word_1_120' title='bbox 1145 1260 1481 1341; x_wconf 87' lang='lat' dir='ltr'><strong>alicubireperietur.</strong></span> 
     </span>
     <span class='ocr_line' id='line_1_12' title="bbox 164 1357 1811 1437; baseline 0.001 -16"><span class='ocrx_word' id='word_1_121' title='bbox 164 1358 274 1421; x_wconf 90' lang='lat' dir='ltr'><strong>studio</strong></span> <span class='ocrx_word' id='word_1_122' title='bbox 285 1374 325 1419; x_wconf 86' lang='lat' dir='ltr'><strong>ao</strong></span> <span class='ocrx_word' id='word_1_123' title='bbox 337 1358 453 1420; x_wconf 89' lang='lat' dir='ltr'><strong>labore</strong></span> <span class='ocrx_word' id='word_1_124' title='bbox 465 1358 625 1432; x_wconf 89' lang='lat' dir='ltr'><strong>condidit,</strong></span> <span class='ocrx_word' id='word_1_125' title='bbox 639 1358 808 1436; x_wconf 89' lang='lat' dir='ltr'><strong>specimen</strong></span> <span class='ocrx_word' id='word_1_126' title='bbox 827 1357 962 1436; x_wconf 82' lang='lat' dir='ltr'><strong>aliquod</strong></span> <span class='ocrx_word' id='word_1_127' title='bbox 1057 1361 1137 1422; x_wconf 87' lang='lat' dir='ltr'><strong>Haeo</strong></span> <span class='ocrx_word' id='word_1_128' title='bbox 1151 1374 1194 1421; x_wconf 85' lang='lat' dir='ltr'><strong>ex</strong></span> <span class='ocrx_word' id='word_1_129' title='bbox 1203 1359 1398 1437; x_wconf 80' lang='lat' dir='ltr'><strong>Hieronymi</strong></span> <span class='ocrx_word' id='word_1_130' title='bbox 1409 1359 1547 1423; x_wconf 89' lang='lat' dir='ltr'><strong>Bottinii</strong></span> <span class='ocrx_word' id='word_1_131' title='bbox 1560 1360 1811 1435; x_wconf 85' lang='lat' dir='ltr'><strong>Dissertatione‚</strong></span> 
     </span>
     <span class='ocr_line' id='line_1_13' title="bbox 165 1454 1814 1536; baseline 0.002 -19"><span class='ocrx_word' id='word_1_132' title='bbox 165 1455 352 1533; x_wconf 81' lang='lat' dir='ltr'><strong>legentibus</strong></span> <span class='ocrx_word' id='word_1_133' title='bbox 367 1454 493 1518; x_wconf 90' lang='lat' dir='ltr'><strong>darem.</strong></span> <span class='ocrx_word' id='word_1_134' title='bbox 1016 1471 1116 1533; x_wconf 76' lang='lat' dir='ltr'><strong>quam</strong></span> <span class='ocrx_word' id='word_1_135' title='bbox 1151 1456 1406 1534; x_wconf 79' lang='lat' dir='ltr'><strong>diligentissime</strong></span> <span class='ocrx_word' id='word_1_136' title='bbox 1440 1459 1614 1536; x_wconf 81' lang='lat' dir='ltr'><strong>quaesitam</strong></span> <span class='ocrx_word' id='word_1_137' title='bbox 1647 1459 1814 1535; x_wconf 77' lang='lat' dir='ltr'><strong>integram</strong></span> 
     </span>
     <span class='ocr_line' id='line_1_14' title="bbox 1017 1553 1815 1633; baseline 0.006 -18"><span class='ocrx_word' id='word_1_138' title='bbox 1017 1553 1140 1616; x_wconf 86' lang='lat' dir='ltr'><strong>babere</strong></span> <span class='ocrx_word' id='word_1_139' title='bbox 1154 1570 1220 1616; x_wconf 89' lang='lat' dir='ltr'><strong>non</strong></span> <span class='ocrx_word' id='word_1_140' title='bbox 1229 1555 1332 1633; x_wconf 91' lang='lat' dir='ltr'><strong>potui.</strong></span> <span class='ocrx_word' id='word_1_141' title='bbox 1346 1556 1527 1626; x_wconf 80' lang='lat' dir='ltr'><strong>Praeterea,</strong></span> <span class='ocrx_word' id='word_1_142' title='bbox 1545 1557 1589 1619; x_wconf 85' lang='lat' dir='ltr'><strong>cl.</strong></span> <span class='ocrx_word' id='word_1_143' title='bbox 1601 1557 1655 1619; x_wconf 79' lang='lat' dir='ltr'><strong>vir</strong></span> <span class='ocrx_word' id='word_1_144' title='bbox 1669 1572 1744 1620; x_wconf 90' lang='lat' dir='ltr'><strong>eam</strong></span> <span class='ocrx_word' id='word_1_145' title='bbox 1756 1573 1815 1619; x_wconf 89' lang='lat' dir='ltr'><strong>re-</strong></span> 
     </span>
     <span class='ocr_line' id='line_1_15' title="bbox 204 1650 1815 1730; baseline 0.001 -16"><span class='ocrx_word' id='word_1_146' title='bbox 204 1653 242 1714; x_wconf 89' lang='lat' dir='ltr'><strong>B.</strong></span> <span class='ocrx_word' id='word_1_147' title='bbox 256 1655 306 1714; x_wconf 85' lang='lat' dir='ltr'><strong>De</strong></span> <span class='ocrx_word' id='word_1_148' title='bbox 317 1653 435 1714; x_wconf 79' lang='lat' dir='ltr'><strong>Codice</strong></span> <span class='ocrx_word' id='word_1_149' title='bbox 445 1654 641 1714; x_wconf 76' lang='lat' dir='ltr'><strong>sessoriano</strong></span> <span class='ocrx_word' id='word_1_150' title='bbox 652 1664 700 1714; x_wconf 77' lang='lat' dir='ltr'><strong>eor</strong></span> <span class='ocrx_word' id='word_1_151' title='bbox 713 1664 779 1727; x_wconf 77' lang='lat' dir='ltr'><strong>quo</strong></span> <span class='ocrx_word' id='word_1_152' title='bbox 789 1650 962 1727; x_wconf 73' lang='lat' dir='ltr'><strong>descripta</strong></span> <span class='ocrx_word' id='word_1_153' title='bbox 1016 1650 1167 1725; x_wconf 79' lang='lat' dir='ltr'><strong>sundere,</strong></span> <span class='ocrx_word' id='word_1_154' title='bbox 1182 1652 1344 1730; x_wconf 83' lang='lat' dir='ltr'><strong>expolire,</strong></span> <span class='ocrx_word' id='word_1_155' title='bbox 1361 1654 1395 1714; x_wconf 90' lang='lat' dir='ltr'><strong>et</strong></span> <span class='ocrx_word' id='word_1_156' title='bbox 1405 1652 1567 1730; x_wconf 87' lang='lat' dir='ltr'><strong>perticere</strong></span> <span class='ocrx_word' id='word_1_157' title='bbox 1581 1669 1621 1717; x_wconf 93' lang='lat' dir='ltr'><strong>ac</strong></span> <span class='ocrx_word' id='word_1_158' title='bbox 1633 1653 1815 1716; x_wconf 89' lang='lat' dir='ltr'><strong>additioni·</strong></span> 
     </span>
     <span class='ocr_line' id='line_1_16' title="bbox 165 1747 1814 1828; baseline 0.001 -16"><span class='ocrx_word' id='word_1_159' title='bbox 165 1750 228 1813; x_wconf 83' lang='lat' dir='ltr'><strong>est.</strong></span> <span class='ocrx_word' id='word_1_160' title='bbox 243 1748 508 1811; x_wconf 82' lang='lat' dir='ltr'><strong>-Bibliotheoae</strong></span> <span class='ocrx_word' id='word_1_161' title='bbox 532 1748 655 1811; x_wconf 72' lang='lat' dir='ltr'><strong>nostras</strong></span> <span class='ocrx_word' id='word_1_162' title='bbox 674 1747 874 1809; x_wconf 86' lang='lat' dir='ltr'><strong>sessorianae</strong></span> <span class='ocrx_word' id='word_1_163' title='bbox 895 1749 961 1810; x_wconf 83' lang='lat' dir='ltr'><strong>Go-</strong></span> <span class='ocrx_word' id='word_1_164' title='bbox 1016 1748 1078 1810; x_wconf 91' lang='lat' dir='ltr'><strong>bus</strong></span> <span class='ocrx_word' id='word_1_165' title='bbox 1094 1765 1162 1810; x_wconf 90' lang='lat' dir='ltr'><strong>non</strong></span> <span class='ocrx_word' id='word_1_166' title='bbox 1179 1750 1296 1827; x_wconf 87' lang='lat' dir='ltr'><strong>paucis</strong></span> <span class='ocrx_word' id='word_1_167' title='bbox 1310 1750 1515 1828; x_wconf 87' lang='lat' dir='ltr'><strong>locupletare</strong></span> <span class='ocrx_word' id='word_1_168' title='bbox 1528 1751 1564 1813; x_wconf 92' lang='lat' dir='ltr'><strong>in</strong></span> <span class='ocrx_word' id='word_1_169' title='bbox 1580 1751 1692 1814; x_wconf 90' lang='lat' dir='ltr'><strong>animo</strong></span> <span class='ocrx_word' id='word_1_170' title='bbox 1706 1750 1814 1815; x_wconf 91' lang='lat' dir='ltr'><strong>habe·</strong></span> 
     </span>
     <span class='ocr_line' id='line_1_17' title="bbox 167 1844 1814 1926; baseline 0 -17"><span class='ocrx_word' id='word_1_171' title='bbox 167 1847 243 1921; x_wconf 82' lang='lat' dir='ltr'><strong>dex,</strong></span> <span class='ocrx_word' id='word_1_172' title='bbox 258 1848 315 1926; x_wconf 86' lang='lat' dir='ltr'><strong>qui</strong></span> <span class='ocrx_word' id='word_1_173' title='bbox 330 1850 554 1910; x_wconf 86' lang='lat' dir='ltr'><strong>Romanorum</strong></span> <span class='ocrx_word' id='word_1_174' title='bbox 569 1847 767 1909; x_wconf 81' lang='lat' dir='ltr'><strong>Pontificum</strong></span> <span class='ocrx_word' id='word_1_175' title='bbox 781 1844 963 1908; x_wconf 86' lang='lat' dir='ltr'><strong>Historiam</strong></span> <span class='ocrx_word' id='word_1_176' title='bbox 1016 1844 1084 1910; x_wconf 87' lang='lat' dir='ltr'><strong>bat.</strong></span> <span class='ocrx_word' id='word_1_177' title='bbox 1101 1845 1164 1908; x_wconf 88' lang='lat' dir='ltr'><strong>Sed</strong></span> <span class='ocrx_word' id='word_1_178' title='bbox 1186 1848 1292 1910; x_wconf 88' lang='lat' dir='ltr'><strong>morte</strong></span> <span class='ocrx_word' id='word_1_179' title='bbox 1317 1850 1517 1925; x_wconf 81' lang='lat' dir='ltr'><strong>praerentus,</strong></span> <span class='ocrx_word' id='word_1_180' title='bbox 1540 1848 1814 1925; x_wconf 82' lang='lat' dir='ltr'><strong>quemadmodum</strong></span> 
     </span>
     <span class='ocr_line' id='line_1_18' title="bbox 166 1943 1816 2023; baseline -0.001 -15"><span class='ocrx_word' id='word_1_181' title='bbox 166 1946 302 2008; x_wconf 73' lang='lat' dir='ltr'><strong>suntme</strong></span> <span class='ocrx_word' id='word_1_182' title='bbox 312 1945 435 2023; x_wconf 80' lang='lat' dir='ltr'><strong>Majolo</strong></span> <span class='ocrx_word' id='word_1_183' title='bbox 446 1944 675 2023; x_wconf 90' lang='lat' dir='ltr'><strong>complectitur</strong></span> <span class='ocrx_word' id='word_1_184' title='bbox 687 1959 721 2007; x_wconf 81' lang='lat' dir='ltr'><strong>n.</strong></span> <span class='ocrx_word' id='word_1_185' title='bbox 732 1944 961 2017; x_wconf 76' lang='lat' dir='ltr'>CLXXXVIII,</span> <span class='ocrx_word' id='word_1_186' title='bbox 1017 1958 1079 2005; x_wconf 89' lang='lat' dir='ltr'><strong>nec</strong></span> <span class='ocrx_word' id='word_1_187' title='bbox 1104 1943 1218 2006; x_wconf 88' lang='lat' dir='ltr'><strong>multis</strong></span> <span class='ocrx_word' id='word_1_188' title='bbox 1241 1944 1440 2006; x_wconf 90' lang='lat' dir='ltr'><strong>necessariis</strong></span> <span class='ocrx_word' id='word_1_189' title='bbox 1464 1945 1551 2007; x_wconf 91' lang='lat' dir='ltr'><strong>notis</strong></span> <span class='ocrx_word' id='word_1_190' title='bbox 1570 1945 1712 2007; x_wconf 89' lang='lat' dir='ltr'><strong>Houorii</strong></span> <span class='ocrx_word' id='word_1_191' title='bbox 1735 1947 1816 2007; x_wconf 88' lang='lat' dir='ltr'><strong>Ser·</strong></span> 
     </span>
     <span class='ocr_line' id='line_1_19' title="bbox 170 2040 1815 2120; baseline -0.001 -16"><span class='ocrx_word' id='word_1_192' title='bbox 170 2042 317 2105; x_wconf 79' lang='lat' dir='ltr'><strong>exterius</strong></span> <span class='ocrx_word' id='word_1_193' title='bbox 332 2043 507 2105; x_wconf 89' lang='lat' dir='ltr'><strong>distinctus</strong></span> <span class='ocrx_word' id='word_1_194' title='bbox 528 2041 563 2105; x_wconf 90' lang='lat' dir='ltr'><strong>et</strong></span> <span class='ocrx_word' id='word_1_195' title='bbox 581 2042 615 2104; x_wconf 91' lang='lat' dir='ltr'><strong>in</strong></span> <span class='ocrx_word' id='word_1_196' title='bbox 632 2041 745 2104; x_wconf 89' lang='lat' dir='ltr'><strong>Indice</strong></span> <span class='ocrx_word' id='word_1_197' title='bbox 764 2040 962 2114; x_wconf 86' lang='lat' dir='ltr'><strong>recensitus,</strong></span> <span class='ocrx_word' id='word_1_198' title='bbox 1018 2055 1133 2103; x_wconf 88' lang='lat' dir='ltr'><strong>mones</strong></span> <span class='ocrx_word' id='word_1_199' title='bbox 1148 2041 1329 2114; x_wconf 90' lang='lat' dir='ltr'><strong>illustrare,</strong></span> <span class='ocrx_word' id='word_1_200' title='bbox 1345 2041 1432 2120; x_wconf 87' lang='lat' dir='ltr'><strong>quod</strong></span> <span class='ocrx_word' id='word_1_201' title='bbox 1443 2041 1479 2103; x_wconf 91' lang='lat' dir='ltr'><strong>in</strong></span> <span class='ocrx_word' id='word_1_202' title='bbox 1492 2043 1580 2105; x_wconf 90' lang='lat' dir='ltr'><strong>votis</strong></span> <span class='ocrx_word' id='word_1_203' title='bbox 1597 2041 1750 2116; x_wconf 88' lang='lat' dir='ltr'><strong>habebat,</strong></span> <span class='ocrx_word' id='word_1_204' title='bbox 1767 2042 1815 2103; x_wconf 90' lang='lat' dir='ltr'><strong>ita</strong></span> 
     </span>
     <span class='ocr_line' id='line_1_20' title="bbox 167 2137 1816 2216; baseline -0.002 -13"><span class='ocrx_word' id='word_1_205' title='bbox 167 2141 364 2203; x_wconf 88' lang='lat' dir='ltr'><strong>chartaceus</strong></span> <span class='ocrx_word' id='word_1_206' title='bbox 386 2142 447 2214; x_wconf 90' lang='lat' dir='ltr'><strong>est,</strong></span> <span class='ocrx_word' id='word_1_207' title='bbox 472 2141 507 2202; x_wconf 88' lang='lat' dir='ltr'><strong>ot</strong></span> <span class='ocrx_word' id='word_1_208' title='bbox 531 2140 647 2201; x_wconf 84' lang='lat' dir='ltr'><strong>termas</strong></span> <span class='ocrx_word' id='word_1_209' title='bbox 665 2137 886 2216; x_wconf 75' lang='lat' dir='ltr'><strong>praegrandis,</strong></span> <span class='ocrx_word' id='word_1_210' title='bbox 905 2138 962 2203; x_wconf 88' lang='lat' dir='ltr'><strong>alt.</strong></span> <span class='ocrx_word' id='word_1_211' title='bbox 1019 2153 1080 2200; x_wconf 89' lang='lat' dir='ltr'><strong>nec</strong></span> <span class='ocrx_word' id='word_1_212' title='bbox 1104 2138 1377 2201; x_wconf 85' lang='lat' dir='ltr'><strong>Dissertationem</strong></span> <span class='ocrx_word' id='word_1_213' title='bbox 1401 2138 1496 2201; x_wconf 87' lang='lat' dir='ltr'><strong>illam</strong></span> <span class='ocrx_word' id='word_1_214' title='bbox 1517 2139 1689 2203; x_wconf 83' lang='lat' dir='ltr'><strong>absolvere</strong></span> <span class='ocrx_word' id='word_1_215' title='bbox 1712 2155 1752 2201; x_wconf 90' lang='lat' dir='ltr'><strong>ac</strong></span> <span class='ocrx_word' id='word_1_216' title='bbox 1779 2139 1816 2200; x_wconf 92' lang='lat' dir='ltr'><strong>in</strong></span> 
     </span>
     <span class='ocr_line' id='line_1_21' title="bbox 166 2235 1814 2315; baseline -0.001 -15"><span class='ocrx_word' id='word_1_217' title='bbox 166 2240 251 2311; x_wconf 89' lang='grc'><strong>0,31,</strong></span> <span class='ocrx_word' id='word_1_218' title='bbox 267 2239 325 2300; x_wconf 90' lang='lat' dir='ltr'><strong>lat.</strong></span> <span class='ocrx_word' id='word_1_219' title='bbox 342 2240 435 2312; x_wconf 83' lang='lat'>0,22:</span> <span class='ocrx_word' id='word_1_220' title='bbox 458 2237 539 2298; x_wconf 84' lang='lat' dir='ltr'><strong>tolia</strong></span> <span class='ocrx_word' id='word_1_221' title='bbox 555 2235 737 2305; x_wconf 77' lang='lat' dir='ltr'><strong>babet847,</strong></span> <span class='ocrx_word' id='word_1_222' title='bbox 757 2235 901 2313; x_wconf 91' lang='lat' dir='ltr'><strong>primum</strong></span> <span class='ocrx_word' id='word_1_223' title='bbox 915 2238 965 2297; x_wconf 86' lang='lat' dir='ltr'><strong>est</strong></span> <span class='ocrx_word' id='word_1_224' title='bbox 1018 2235 1248 2312; x_wconf 74' lang='lat' dir='ltr'><strong>pretationem</strong></span> <span class='ocrx_word' id='word_1_225' title='bbox 1295 2235 1512 2299; x_wconf 81' lang='lat' dir='ltr'><strong>sermonibus</strong></span> <span class='ocrx_word' id='word_1_226' title='bbox 1549 2237 1814 2315; x_wconf 83' lang='lat' dir='ltr'><strong>praemittendam</strong></span> 
     </span>
     <span class='ocr_line' id='line_1_22' title="bbox 168 2329 1451 2413; baseline -0.005 -15"><span class='ocrx_word' id='word_1_227' title='bbox 168 2337 257 2409; x_wconf 77' lang='lat'><strong>1894,</strong></span> <span class='ocrx_word' id='word_1_228' title='bbox 279 2340 481 2413; x_wconf 88' lang='lat' dir='ltr'><strong>postremum</strong></span> <span class='ocrx_word' id='word_1_229' title='bbox 494 2336 586 2395; x_wconf 77' lang='lat'><strong>2742.</strong></span> <span class='ocrx_word' id='word_1_230' title='bbox 600 2332 837 2395; x_wconf 86' lang='lat' dir='ltr'><strong>Desiderantnr</strong></span> <span class='ocrx_word' id='word_1_231' title='bbox 853 2333 964 2411; x_wconf 80' lang='lat' dir='ltr'><strong>itaque</strong></span> <span class='ocrx_word' id='word_1_232' title='bbox 1017 2330 1257 2397; x_wconf 83' lang='lat' dir='ltr'><strong>transformare</strong></span> <span class='ocrx_word' id='word_1_233' title='bbox 1270 2331 1378 2409; x_wconf 89' lang='lat' dir='ltr'><strong>potuit</strong></span> <span class='ocrx_word' id='word_1_234' title='bbox 1391 2329 1451 2410; x_wconf 89' lang='lat' dir='ltr'><strong>(t).</strong></span> 
     </span>
    </p>
   </div>
   <div class='ocr_carea' id='block_1_3' title="bbox 204 2494 1772 2574">
    <p class='ocr_par' dir='ltr' id='par_1_3' title="bbox 204 2494 1772 2574">
     <span class='ocr_line' id='line_1_23' title="bbox 204 2494 1772 2574; baseline -0.003 -17"><span class='ocrx_word' id='word_1_235' title='bbox 204 2499 244 2574; x_wconf 83' lang='lat' dir='ltr'><strong>(I)</strong></span> <span class='ocrx_word' id='word_1_236' title='bbox 258 2501 317 2557; x_wconf 86' lang='lat' dir='ltr'><strong>llas</strong></span> <span class='ocrx_word' id='word_1_237' title='bbox 367 2496 443 2556; x_wconf 89' lang='lat' dir='ltr'><strong>idem</strong></span> <span class='ocrx_word' id='word_1_238' title='bbox 476 2497 626 2571; x_wconf 80' lang='lat' dir='ltr'><strong>sginossd</strong></span> <span class='ocrx_word' id='word_1_239' title='bbox 641 2511 695 2554; x_wconf 88' lang='lat' dir='ltr'><strong>nos</strong></span> <span class='ocrx_word' id='word_1_240' title='bbox 713 2497 791 2555; x_wconf 84' lang='lat' dir='ltr'><strong>misit</strong></span> <span class='ocrx_word' id='word_1_241' title='bbox 801 2495 902 2555; x_wconf 87' lang='lat' dir='ltr'><strong>doctus</strong></span> <span class='ocrx_word' id='word_1_242' title='bbox 920 2497 965 2555; x_wconf 85' lang='lat' dir='ltr'><strong>vir</strong></span> <span class='ocrx_word' id='word_1_243' title='bbox 1018 2495 1094 2569; x_wconf 86' lang='lat' dir='ltr'><strong>ders,</strong></span> <span class='ocrx_word' id='word_1_244' title='bbox 1110 2494 1241 2573; x_wconf 82' lang='lat' dir='ltr'><strong>ejusdem</strong></span> <span class='ocrx_word' id='word_1_245' title='bbox 1253 2497 1369 2558; x_wconf 72' lang='lat' dir='ltr'><strong>opera</strong></span> <span class='ocrx_word' id='word_1_246' title='bbox 1385 2494 1654 2556; x_wconf 84' lang='lat' dir='ltr'><strong>OrdinlsProcurat.</strong></span> <span class='ocrx_word' id='word_1_247' title='bbox 1669 2510 1772 2571; x_wconf 82' lang='lat' dir='ltr'><strong>gener.</strong></span> 
     </span>
    </p>
   </div>
   <div class='ocr_carea' id='block_1_4' title="bbox 172 2513 964 2643">
    <p class='ocr_par' dir='ltr' id='par_1_4' title="bbox 172 2513 964 2643">
     <span class='ocr_line' id='line_1_24' title="bbox 172 2513 964 2643; baseline -0.004 -13"><span class='ocrx_word' id='word_1_248' title='bbox 172 2579 200 2631; x_wconf 86' lang='lat' dir='ltr'><strong>et</strong></span> <span class='ocrx_word' id='word_1_249' title='bbox 218 2584 329 2629; x_wconf 87' lang='lat' dir='ltr'><strong>summa</strong></span> <span class='ocrx_word' id='word_1_250' title='bbox 380 2513 542 2628; x_wconf 55' lang='lat' dir='ltr'><strong>nevostntia</strong></span> <span class='ocrx_word' id='word_1_251' title='bbox 560 2569 733 2643; x_wconf 88' lang='lat' dir='ltr'><strong>conspicuus</strong></span> <span class='ocrx_word' id='word_1_252' title='bbox 747 2570 780 2627; x_wconf 84' lang='lat' dir='ltr'><strong>lt.</strong></span> <span class='ocrx_word' id='word_1_253' title='bbox 803 2570 836 2628; x_wconf 83' lang='lat' dir='ltr'><strong>P.</strong></span> <span class='ocrx_word' id='word_1_254' title='bbox 857 2569 964 2628; x_wconf 84' lang='lat' dir='ltr'><strong>Smeul·</strong></span> 
     </span>
    </p>
   </div>
   <div class='ocr_carea' id='block_1_5' title="bbox 0 0 2003 6196">
    <p class='ocr_par' dir='ltr' id='par_1_5' title="bbox 0 0 2003 6196">
     <span class='ocr_line' id='line_1_25' title="bbox 0 0 2003 6196; baseline 0 0"><span class='ocrx_word' id='word_1_255' title='bbox 0 0 2003 6196; x_wconf 95' lang='lat' dir='ltr'><strong> </strong></span> 
     </span>
    </p>
   </div>
  </div>
 </body>
</html>
